1445 2338
300 109 56 64 34

618.0 93.0 369.0 61.0 PREMTERE

301.0 138.0 1020.0 91.0 abuſer. Premierement, eux qui confeſſent te¬

300.0 206.0 1022.0 76.0 nir leur ame & vie de Dieu, comme ils ſont te

298.0 271.0 1022.0 78.0 nus le reconoiſtre, n’ont aucun tribut à impo¬

297.0 331.0 1028.0 80.0 ſer ſur les ames. Le Roy prend cenſe ou tribut

300.0 392.0 1022.0 74.0 du corps & des choſes acquiſes ou maintenues

298.0 449.0 1023.0 80.0 par le ſeruice & trauail du corps. Dieu princi¬

298.0 509.0 1026.0 75.0 palement exige ſon droit de l’ame, laquelle

298.0 568.0 1026.0 81.0 beſongne par le corps. Au tribut du Roy ſont

297.0 629.0 1024.0 76.0 comprins les fruicts de la terre, les contribu¬

298.0 688.0 1023.0 78.0 tions de deniers, les autres charges reelles &

300.0 745.0 1022.0 83.0 peiſonnelles. Le tribut de Dieu requiert les

300.0 806.0 1021.0 79.0 prieres, ſacremens, predications de la pure do¬

296.0 863.0 1025.0 81.0 ctrine, brief ce qu’on apelle ſeruice diuin

297.0 924.0 1027.0 78.0 tant priué que public. Ces deux tributs ſont

297.0 987.0 1027.0 74.0 tellement diuers & diſtinguez, que l’vn ne

298.0 1043.0 1027.0 76.0 nuiſt point à l’autre: le fiſque de Dieu n’oſte

297.0 1101.0 1025.0 79.0 rien à celuy de Ceſar, ains chaſcun a ſon droit

292.0 1159.0 1032.0 85.0 tout liquidé. Mais pour dire en vn mot, qui

300.0 1223.0 1024.0 77.0 cohfond ces choſes, il meſle ciel & terre, &

313 1278 1011 81 met tout ſans deſſus deſſous. Dauid a tresbien

302.0 1341.0 1019.0 79.0 diſtingué cela, ordonnant des officiers pour

304.0 1398.0 1021.0 74.0 le droit de Dieu, & des autres pour le droit du

309.0 1457.0 1013.0 82.0 Roy. Ioſaphat l’a enſuiui, eſtabliſſant certai¬

304.0 1517.0 1017.0 85.0 nes perſonnes pour le iugement de l’Eternel,

304.0 1576.0 1012.0 83.0 & d’autres pour la iuſtice du Roy: c’eſt à dire,

306.0 1641.0 1014.0 78.0 les vns pour maintenir le ſeruice de Dieu, les

306.0 1700.0 902.0 71.0 autres pour conſeruer les droits du Roy.

131.0 1292.0 147.0 70.0 1.Chron,

365.0 1756.0 956.0 76.0 MAIS ſi vn Prince vſurpe le droit de Dieu,

306.0 1810.0 1020.0 87.0 & s’ingere, à la façon des Geans, de vouloir eſ¬

307.0 1871.0 1017.0 85.0 cheller les cieux, il eſt criminel de leſe Maieſté

307.0 1932.0 1017.0 91.0 au chef, commet felonnie tout ainſi que feroit

1221.0 1991.0 100.0 66.0 l’vn

129.0 1352.0 117.0 59.0 26.29.

131.0 1454.0 156.0 64.0 2. Chron.

129.0 1502.0 116.0 69.0 9.6, &

128.0 1559.0 59.0 59.0 1I.
