1397 2338
303.0 103.0 74.0 62.0 212

602.0 101.0 438.0 58.0 TROISIESME

302.0 167.0 1009.0 64.0 le Capitole, les ſoldats ſont aſſopis de trauail,

302.0 222.0 1014.0 68.0 les guettes dorment, les chiens n’abayent

306.0 280.0 1013.0 70.0 point: il faut que les oyes facent la ſentinelle

306.0 341.0 1013.0 68.0 & crient alarme. Les ſoldats & guettes ſeront

307.0 401.0 1009.0 67.0 degradez, declairez infames, & mis à mort

311.0 462.0 1005.0 66.0 pour ſouuenance à iamais de tel fait: au con¬

309.0 519.0 1008.0 70.0 traire les oyes ſeront touſiours nourries au

314.0 583.0 823.0 67.0 Capitole, & priſees perpetuellement.

370.0 644.0 945.0 57.0 CE que deſſus ſe doit entendre de la tyran¬

311.0 698.0 1008.0 69.0 nie qui eſt à faire, comme on parle, c’eſt à dire

314.0 759.0 1005.0 69.0 tandis que le tyran conſpire, machine, & dreſ¬

310.0 824.0 1011.0 60.0 ſe ſes mines & pratiques. Mais s’il s’eſt vne fois

314.0 878.0 1006.0 72.0 tellement emparé de l’eſtat, que le peuple ſub¬

313.0 936.0 1009.0 70.0 iugué luy preſte le ſerment & promette obeiſ

313.0 998.0 1008.0 70.0 ſance: que la Republique abatue, luy reſigne ſa

311.0 1055.0 1008.0 75.0 puiſſãce: & que le Royaume cõſente par quel¬

314.0 1119.0 1006.0 69.0 que ordre, que ſes loix ſoyent changees: cer¬

311.0 1178.0 1011.0 66.0 tainement pource qu’alors il a obtenu le titre

317.0 1237.0 1004.0 69.0 qu’il n’auoit pas auparauant, & ſemble eſtre

317.0 1292.0 1003.0 71.0 poſſeſſeur de droit auſsi bien que de fait, en¬

317.0 1359.0 1002.0 68.0 cores que le peuple ait receu le ioug maugré

315.0 1415.0 1007.0 70.0 ſoy, ſi eſt-ce qu’il doit ployer & acquieſcer pai

317.0 1474.0 1005.0 69.0 ſiblement à la volonté de Dieu, qui tranſpor¬

315.0 1535.0 1005.0 65.0 te les nations d’vne nation à l’autre. Autre¬

315.0 1591.0 1007.0 71.0 ment, il n’y aura Royaume, de la iuriſdiction

317.0 1653.0 1007.0 68.0 duquel on ne puiſſe diſputer: mais au reſte ce¬

315.0 1713.0 1007.0 69.0 la ſera receuable, pource que celuy qui a ac¬

318.0 1770.0 1006.0 73.0 quis & obtenu le titre de Roy, eſtant auant ce¬

317.0 1834.0 1007.0 62.0 la tyran ſans titre, gouuerne comme il faut ſes

320.0 1893.0 1000.0 67.0 ſuiets, ſans exercer ſur eux aucune tyrannie.

324.0 1948.0 1000.0 89.0 Ainſi donc, comme le peuple de Iudee reſiſta

1173.0 2011.0 151.0 80.0 legiti¬
