1392 2338
321.0 109.0 86.0 70.0 214

318.0 161.0 1001.0 74.0 ment reprendre Brutus, Caſsius, Caſca &

317.0 224.0 999.0 72.0 autres, qui ont tué Ceſar, attendu que la ty¬

314.0 285.0 1003.0 69.0 rannie eſtoit encores en flagrant delict, com¬

315.0 344.0 1004.0 70.0 me on parle. Auſsi par decret public leur dreſ¬

319.0 397.0 995.0 72.0 ſa-on des ſtatues de bronze en la ville d’Athe¬

317.0 455.0 997.0 71.0 nes, aupres de celles de Harmodius & d’Ari¬

317.0 514.0 995.0 82.0 ſtogiton, lors qu’ils ſe retirerent de Rome, a¬

315.0 576.0 1000.0 78.0 pres auoir deſpeſché Ceſar, la mort duquel Au

315.0 637.0 995.0 76.0 guſte & Marc Antoine vouloyent venger.

309.0 695.0 1001.0 66.0 Mais Cinna doit eſtre tenu pour vn vray ſedi¬

311.0 754.0 999.0 81.0 tieux, qui conſpira contre Auguſte, apres l’e¬

308.0 812.0 1002.0 82.0 mologation de la loy Royale, par laquelle le

309.0 880.0 1001.0 66.0 peuple conſignoit toute ſa puiſſance entre les

309.0 939.0 997.0 70.0 mains d’Auguſte. Semblablement, lors que les

308.0 991.0 996.0 78.0 Carlouingiens taſchoyent d’oſter la couron¬

304.0 1059.0 1002.0 65.0 ne de France aux Merouingiens, & que les Ca¬

302.0 1112.0 1002.0 74.0 peuingiens vouloyent auſsi ſupplanter les Car

302.0 1176.0 1000.0 68.0 Iouingiens, on leur pouuoit reſiſter ſans aucu¬

298.0 1237.0 1006.0 69.0 ne note de ſedition: mais quand par le conſeil

298.0 1293.0 1004.0 73.0 public & par l’autorité des Eſtats le Royaume

297.0 1353.0 1005.0 71.0 a eſté tranſporté des vns aux autres, il n’a plus

298.0 1414.0 1005.0 70.0 eſté loiſible de s’y oppoſer. Le meſme faut-il

296.0 1472.0 1006.0 72.0 dire, ſi vne femme s’empare du gouuernement

296.0 1530.0 1002.0 75.0 à elle defendu par la loy Salique, & ſi quelque

297.0 1593.0 1001.0 68.0 vn fait deuenir hereditaire aux ſiens vn Roy¬

295.0 1652.0 1003.0 67.0 aume purement electif, ſi ces loix publiques

293.0 1709.0 1002.0 75.0 n’ont eſté abrogees par l’autorité des Eſtats

295.0 1772.0 1002.0 73.0 qui repreſentent le corps du peuple. Et ne faut

291.0 1831.0 1003.0 69.0 point regarder en cela laquelle des deux fa¬

291 1891 1002 72 ctions eſt plus grande, plus puiſſante ou plus

293 1947 1000 93 illuſtre. Touſiours le nombre eſt plus grand

148.0 440.0 160.0 76.0 X iphilin

146.0 505.0 152.0 61.0 en la vie

144.0 572.0 152.0 41.0 doingi¬

142.0 597.0 73.0 82.0 ſte.

612.0 107.0 423.0 62.0 TROISIESME

1230.0 2016.0 52.0 94.0 de
