1388 2338
986 107 66 64 97

366 93 383 62 QVESTION.

38 158 1019 69 terre que le Seigneur ton Dieu te donne, &

42 219 1014 71 que tu la poſſederas, tu diras, l’eſtabliray vn

40 279 1016 74 Roy ſur moy comme les peuples circonuoi¬

42 340 1014 73 ſins. Lors tu conſtitueras pour Roy celuy que

41 398 1019 70 le Seigneur ton Dieu aura choiſi du milieu de

42 455 1015 74 tes freres, &c. Vous voyez ici que l’election du

41 514 1016 74 Roy eſt attribuee à Dieu, l’eſtabliſſement au

45 576 1011 73 peuple. Or quand c’eſt venu à la pratique de

42 635 1024 75 ceſte Loy, voici comme lon y a procedé. Les

38 689 1016 82 Anciens d’Iſrael, qui repreſentoyent tout le

42 754 1015 73 corps du peuple (ſous ce nom d’Anciens ſont

42 817 1015 72 comprins les Capitaines, les Centeniers, Cin¬

44 874 1012 72 quanteniers, Dixeniers, Iuges, Preuoſts, mais

45 932 1010 75 principalement les chefs des lignees) vienent

41 993 1011 73 trouuer Samuel en Rama, & ne pouuans plus

41 1048 1012 72 ſouffrir d’eſtre gouuernez par les fils de Sa¬

41 1110 1009 78 muel, qui ſe portoyent mal en leurs charges,

42 1170 1013 74 eſtimans auſsi auoir trouué vn expediẽt pour

41 1230 1014 75 faire la guerre auec plus d’auantage à l’auenir,

44 1288 1000 74 ils demandent vn Roy à Samuel, lequel inter¬

40 1344 1002 82 rogue la bouche du Seigneur qui declaire a¬

42 1409 1017 75 uoir eſleu Saul pour gouuerner le peuple. Ain

42 1467 1017 70 ſi donc Samuel oinct Saul, & tout ce que deſ¬

41 1522 1018 79 ſus apartient à l’election du Roy faite à l’in¬

41 1582 1019 81 ſtãce du peuple. Or peut cela ſembler ſuffire, ſi

42 1643 1019 76 Samuel euſt amené au peuple le Roy eſleu de

42 1705 1018 73 Dieu, & les euſt admonneſtez tous d’eſtre

44 1763 1016 77 bons & obeiſſans ſuiets. Neantmoins, à ce que

44 1819 1012 81 le Roy ſache qu’il eſt eſtabli par le peuple, Sa¬

44 1879 1016 78 muel aſsigne les Eſtats à Maſpha, où eſtans

44 1936 1012 86 aſſemblez, comme ſi la choſe euſt eſté entiere,

795 2006 104 72 G.j.

1064 724 156 74 1.Sam.8.5

1064 1324 136 76 1.Sam.90

1058 1406 55 37 16.
