1445 2338
313.0 100.0 88.0 83.0 122

326.0 166.0 1018.0 79.0 té, iuſques à degrader & chaſſer les Rois meſ¬

327.0 244.0 140.0 56.0 mes.

383.0 288.0 965.0 73.0 IL ne faut eſtimer pourtant que cela ron¬

331.0 372.0 1020.0 52.0 gne trop les ailes à la puihance Royale, & que

328.0 410.0 1024.0 61.0 ce ſoit autant comme de vouloir oſter la teſte

327.0 470.0 1024.0 71.0 aux Rois. Nous croyõs que Dieu eſt tout puiſ¬

326.0 528.0 1025.0 72.0 ſant, & n’eſtimons pas que rien diminue de ce¬

327.0 589.0 1024.0 70.0 ſte puiſſance, encores qu’il ne puiſſe pecher: ni

327.0 646.0 1021.0 72.0 ne diſons point que ſon Empire ſoit moins à

328.0 705.0 1024.0 74.0 priſer, dautant qu’il ne peut branſler ni eſtre

327.0 766.0 1020.0 71.0 abatu. Auſſi ne faut-il iuger vn Roy eſtre trop

328.0 827.0 1024.0 70.0 rauallé, ſi lon dit que pour empeſcher qu’il ne

330.0 884.0 1020.0 73.0 tombe en faute, à quoy il eſt enclin, il eſt ſou¬

331.0 946.0 1020.0 72.0 ſtenu par d’autres, & ſi par la prudẽce de quel¬

332.0 1005.0 1018.0 67.0 ques conſeillers il conſerue longuemẽt en ſon

331.0 1063.0 1021.0 73.0 entier le Royaume, qu’il euſt peu perdre par

330.0 1122.0 1021.0 72.0 ſa nonchalance & indiſcretion. Direz-vous

332.0 1183.0 1019.0 69.0 qu’vn homme ſoit moins ſain, pource qu’il eſt

330.0 1243.0 1022.0 70.0 enuironné de medecins qui luy conſeillent de

330.0 1298.0 1020.0 76.0 fuir l’intemperance, qui luy defendent de mã¬

335.0 1361.0 1016.0 74.0 ger viandes nuiſibles à ſon eſtomach, & qui

330.0 1422.0 1024.0 70.0 meſmes le purgent ſouuentesfois encores qu’il

328.0 1480.0 1022.0 76.0 n’en ſoit pas d’auis & qu’il leur reſiſte? Qui ſe¬

328.0 1543.0 1022.0 67.0 ront ſes meilleurs amis, ou ces medecins là qui

330.0 1600.0 1013.0 71.0 ont ſoin de ſa ſanté, ou les flatteurs, qui luy

331.0 1661.0 1015.0 75.0 preſentent à tous coups ce qui ne peut luy ap¬

332.0 1721.0 1014.0 67.0 porter finalement autre choſe que la mort? Il

328.0 1778.0 1015.0 65.0 faut donc noter touſiours ceſte diſtinction.

330.0 1839.0 1017.0 70.0 Les vns ſont amis du Roy, les autres de Fran¬

332 1896 1015 73 çois qui eſt R y. Les amis de François ſont

331 1957 1017 78 ceux qui luy ſeruent: les amis du Roy, ſont les

586.0 116.0 430.0 55.0 TROTSTESME

1224.0 2008.0 128.0 92.0 Offi¬
