1412 2333
154 165 144 67 Matha¬

155 213 105 74 thias.

329 94 71 71 68

325 145 1007 87 celle que Dieu leur auoit enſeignee, Matha¬

326 216 1009 71 thias reſpond, Nous n’obeirons point, & ne

328 290 1007 59 ferons rien contre noſtre Religion. Il ne ſe

328 335 1004 73 contente pas de parler, mais auſsi eſtant eſpris

329 391 1005 75 du zele de Phinees, il tue de ſa propre main le

326 452 1004 75 Iuif qui contraignoit ſes citoyens de ſacrifier

328 513 1006 72 aux idoles, puis il prend les armes, ſe retire aux

309 569 1013 80 montagnes, amaſſe des troupes, & fait la guer¬

328 627 1000 72 re contre Antiochus pour la religion & pour

329 690 998 76 la patrie, auec tel ſucces, qu’il regaigne Ieru¬

328 752 1006 70 salem , rompt & aneantit la force des Payens

326 800 1002 76 amaſſez pour ruiner l’Egliſe, & reſtablit le pur

322 868 1005 74 ſeruice de Dieu. Si nous conſiderons Matha¬

322 925 1007 76 thias, il eſtoit pere des Machabees de la lignee

321 986 1001 75 de Leui: tellement qu’il ne luy eſtoit loiſible,

320 1045 1010 70 ſelon le droit de ſa race, de preſeruer le royau¬

322 1104 1008 75 me de la tyrannie d’Antiochus. Ceux de ſa

324 1166 1002 79 troupe eſtoyent gens refugiez aux monta¬

326 1220 1000 83 gnes, auec les habitans de Modin, auſquels s’e¬

326 1285 1000 74 ſtoyent ioints les Iuifs voiſins & autres acou¬

325 1342 1001 66 rus de diuers endroits de Iudee, qui deſiroyẽt

326 1399 1001 81 Ie reſtabliſſement de l’Egliſe. Preſques tous les

325 1462 1000 76 autres, voire les principaux, obeiſſoyent à An¬

330 1524 989 72 tiochus, meſmes apres la route de ſon armee,

325 1579 998 72 & que ce tyran fuſt mort miſerablemẽt, enco¬

326 1638 997 79 res qu’il y euſt lors belle occaſion de ſecouer

325 1696 1000 79 le ioug, les Iuifs allerent cercher le fils d’An¬

325 1756 997 79 tiochus & le prierent de s’emparer du royau¬

324 1815 997 81 me, promettans luy eſtre obeiſſans & fideles.

324 1875 998 76 Ie pourroye ici mettre en auant l’exemple de

326 1926 994 95 Debora. Le Seigneur Dieu auoit aſſerui Iſrael

155 618 152 79 1.Macha

156 689 133 56 1.43, &

155 738 136 57 2.22, &

158 794 92 51 3.43.

661 98 320 54 SECONDE

155 1514 158 66 1 Macha

158 1570 150 81 621&c.

151 1940 146 78 Debora.

1203 1988 114 79 à Ia¬
