1431 2338
81.0 163.0 1020.0 68.0 auec plus grande violence, comme on en void

83.0 216.0 1012.0 74.0 auiourd’huy les exemples non ſeulement és

88.0 276.0 1005.0 70.0 Turcs & Moſcouites, ains auſſi en pluſieurs

80.0 335.0 1009.0 70.0 Princes Chreſtiens. Or ſi, ſelon le dire de S.

79.0 393.0 1003.0 75.0 Auguſtin, les Royaumes d’où iuſtice eſt ban¬

80.0 458.0 1003.0 69.0 nie ſont de grands brigandages: le tyran ſans

1099 531 140 88 chap. 4.

79.0 514.0 1004.0 74.0 titre & le tyran par exercice ſont pareils en ce

81.0 575.0 1013.0 71.0 que tous deux ſont voleurs & poſſeſſeurs de

77.0 632.0 1017.0 68.0 mauuaiſe foy, attendu que le larron qui ſe ſai¬

79.0 693.0 1015.0 70.0 ſit d’vne choſe maugré le ſeigneur d’icelle ne

79.0 753.0 1016.0 71.0 eſt pas moins iniuſte poſſeſſeur, que celuy qui

77.0 811.0 1017.0 68.0 adminiſtre & meſnage mal celle qui luy a eſté

79.0 870.0 1012.0 72.0 baillé en charge. Mais la faute eſt trop plus

80.0 928.0 1013.0 77.0 grande ſans comparaiſon, de celuy qui poſſe¬

76.0 988.0 1018.0 73.0 de vn Eſtat pour le ruiner, que de l’autre qui

75.0 1050.0 1018.0 64.0 s’en ſera fait maiſtre pour le conſeruer: brief le

76.0 1111.0 1015.0 72.0 tyran par exercice qui ſe glorifie d’vn vain ti¬

76.0 1169.0 1017.0 72.0 tre & ſe porte iniuſtement, ſera plus coulpable

77.0 1228.0 1016.0 73.0 que le tyran ſans titre qui toutesfois gouuer¬

76.0 1292.0 1017.0 70.0 ne iuſtement le royaume occupé par violence.

362.0 109.0 385.0 50.0 QVESIION.

1009 101 80 68 197

1102.0 371.0 165.0 71.0 Au 4.liu.

1101.0 428.0 166.0 72.0 de la Cité

1099.0 477.0 150.0 66.0 de Dieu,

136.0 1357.0 949.0 65.0 MAIS au reſte, on peut remarquer quelque

1097 1348 131 64 Tyrans

72.0 1402.0 1013.0 78.0 difference entre les tyrans ſans titre. Car il y

1097 1395 133 70 ſans ti¬

75.0 1467.0 1007.0 72.0 en a qui empietent par ambition le pays d’au¬

74.0 1524.0 1012.0 72.0 truy pour agrãdir le leur, cõme ont fait Nim¬

72.0 1583.0 1015.0 71.0 rod, Ninus, & les Chananeens. Encores que

76.0 1650.0 1009.0 67.0 tels ſoyent appellez Rois entre leurs peuples,

74.0 1705.0 1017.0 70.0 ſi eſt-ce qu’ils ſont tyrans, attẽdu qu’ils les ont

72.0 1763.0 1015.0 65.0 aſſuiettis ſans aucun droit ni occaſion. Il y en

74.0 1826.0 1013.0 67.0 a d’autres qui eſtãs paruenus au gouuernemẽt

74.0 1882.0 1012.0 71.0 d’vn Royaume electif, taſchẽt par fraudes, me¬

74.0 1944.0 1007.0 78.0 nees, corruption, par preſens & autres meſchã¬

1099.0 1441.0 59.0 102.0 tre.

839.0 2004.0 134.0 76.0 N.iij.
