1426 2338
98 144 1000 94 garãtir levaiſſeau, qui ſe va perdre? Quelle for¬

96.0 214.0 998.0 80.0 cenerie ou impieté ſeroit-cela? Puis que la ty¬

95.0 263.0 995.0 95.0 rannie, cõme dit Platon, eſt vne yureſſe & for¬

97.0 327.0 993.0 80.0 cenerie, ſi le Prince rẽuerſe l’Eſtat de fond en

97.0 383.0 993.0 84.0 comble, la pluſpart des principaux s’entendẽt

101.0 454.0 996.0 79.0 auec luy, ou du moins ſõt aſſopis, ſi le peuple,

102.0 509.0 1000.0 81.0 qui eſt ſeigneur de l’Eſtat, eſt reduit à l’extre¬

101.0 567.0 1006.0 86.0 mité par la fraude ou nonchalance de tels offi¬

103.0 628.0 1005.0 82.0 ciers: & cependant y ait quelqu’vn d’iceux le¬

109.0 694.0 997.0 80.0 quel aperçoyue la tyrannie s’auançãt au grand

109.0 748.0 999.0 83.0 pas, & la deteſte de tout ſon cœur, qu’eſtimõs¬

109.0 810.0 999.0 78.0 nous qu’vn tel doyue entreprendre contre v¬

110.0 868.0 1001.0 78.0 ne telle tyrannie? Se contentera-il d’aduertir

111.0 926.0 1001.0 76.0 de leur deuoir ſes compagnons qui l’empeſ¬

111.0 989.0 1003.0 81.0 chent autant qu’ils peuuent? Mais outre ce que

114.0 1049.0 996.0 71.0 il y a du danger à faire tel aduertiſſement, &

116.0 1102.0 1001.0 81.0 qu’en l’Eſtat des afaires telle ſollicitation ſera

116.0 1169.0 1000.0 76.0 tenue pour crime capital: ce ſeroit faire tout

118.0 1222.0 996.0 83.0 ainſi que celuy qui ſe trouuant entre des bri¬

126.0 1283.0 991.0 83.0 gãds au milieu d’vne foreſt, meſpriſeroit tous

120.0 1344.0 1003.0 80.0 moyens de reſiſtance, & apres auoir mis bas ſes

123.0 1401.0 1005.0 79.0 armes allegueroit l’autorité des loix, & feroit

126.0 1461.0 999.0 79.0 vne belle harangue de la iuſtice qui doit rei¬

127.0 1519.0 1000.0 85.0 gler la vie humaine. A la verité cela s’appelle

128.0 1580.0 997.0 81.0 enrager auec raiſon. Quoy done? fera-il ſem¬

133.0 1641.0 992.0 73.0 blant de n’ouyr point les cris du peuple? ſe tai¬

131.0 1701.0 997.0 77.0 ra-il voyant entrer les brigands? ſe contente¬

132.0 1751.0 991.0 88.0 ra-il de baailler & mettre les mains en ſõ ſeint

134.0 1810.0 989.0 91.0 Or ſi les loix condamnent au ſupplice le ſoldat

138.0 1872.0 985.0 82.0 qui pour crainte des ennemis aura fait du ma¬

140 1930 985 100 lade, ſe monſtrant traiſtre & deſloyal en ceſt

407.0 101.0 373.0 54.0 QVESTION.

1028.0 93.0 68.0 66.0 231

1104 257 152 82 Au 8. &

1104 321 158 68 9. liu. de

1104.0 372.0 156.0 70.0 la Repub.

1145 1724 146 84 L.3.& l.

1139.0 1796.0 156.0 56.0 ome deli

1137.0 1839.0 156.0 66.0 ctum. S¬

1137 1893 158 59 vlt.D. de

1137 1940 138 64 re milit.

891.0 2006.0 123.0 78.0 P.iiij.
