1388 2338
29.0 157.0 1009.0 81.0 Ie peuple ſoit couſtumier en certains pays de

29.0 224.0 1010.0 72.0 eſlire pour Rois ceux de quelque race, laquelle

29.0 283.0 1012.0 71.0 a fait des ſeruices notables: ſi diſons nous qu’il

31.0 346.0 1007.0 67.0 eſlit le tronc, non pas le reietton qui en pro¬

29.0 401.0 1010.0 73.0 cede, ſans eſtre tellement obligé à ceſte race

31.0 462.0 1007.0 71.0 qu’il ne puiſſe, au cas qu’elle degenere, en choi

27.0 522.0 1008.0 67.0 lir vne autre. Ceux qui ſont iſſus de ceſte race

29.0 585.0 1005.0 65.0 ne naiſſent pas Rois, ains ſont creez tels: ni ne

27.0 644.0 962.0 69.0 Iont pas appellez Rois, ains Princes du ſang.

352.0 115.0 382.0 49.0 QVESTTON.

85.0 711.0 948.0 64.0 OR puis que le peuple eſlit & eſtablit les

1042.0 685.0 145.0 74.0 Le corps

25.0 755.0 1010.0 78.0 Rois, il s’enſuit que le corps du peuple eſt par

1044.0 746.0 156.0 66.0 du peuple

25.0 814.0 1000.0 70.0 deſſus le Roy. Car c’eſt choſe euidente que ce¬

23.0 874.0 1010.0 68.0 luy qui eſt eſtabli par vn autre, eſt eſtimé moin

27.0 940.0 1011.0 71.0 dre que celuy qui l’a eſtabli:que celuy qui a re¬

25.0 1002.0 1014.0 57.0 ceu autorité d’autruy, ſoit moindre que ſon

29.0 1058.0 1002.0 70.0 auteur. Putiphar Egyptien eſtablit Ioſeph ſur

25.0 1120.0 1006.0 62.0 toute ſa maiſon: Nebuchadnezar, Daniel ſur

1044 1137 168 72 48,& 6.1

25.0 1170.0 1008.0 76.0 la Prouince de Babylone, Darius, ſix vingts

28.0 1236.0 1016.0 70.0 gouuerneurs ſur le Royaume. On dit que les

27.0 1297.0 1020.0 59.0 maiſtres eſtabliſſent leurs ſeruiteurs, les Rois

28.0 1354.0 1018.0 69.0 leurs officiers. Ainſi auſsi le peuple eſtablit le

28.0 1415.0 1013.0 70.0 Roy comme adminiſtrateur de l’Eſtat public.

25.0 1475.0 1009.0 69.0 Les bons Rois n’ont point deſdaigné cetitre,

28.0 1533.0 1011.0 67.0 les mauuais meſmes l’ont affecté, tellemẽt que

29.0 1595.0 1009.0 70.0 par l’eſpace de quelques ſiecles, nul Empereur

25.0 1654.0 1008.0 69.0 Romain, ſi ce n’a eſté quelque tyran tout for¬

24.0 1711.0 1011.0 69.0 mé, comme Neron, Domitian, Caligula, n’a

27.0 1772.0 1006.0 71.0 voulu eſtre appellé Seigneur. Car auſsi ne faut

23.0 1831.0 1008.0 69.0 il pas dire qu’à l’appetit d’vne centaine d’hom¬

22.0 1892.0 1012.0 65.0 mes plus ineptes & pires bien ſouuent que le

23.0 1954.0 1008.0 67.0 reſte, tous les autres ayent eſté creez: ains plu¬

23.0 2009.0 1010.0 84.0 ſtoſt ces cent ont eſté faits pour les autres. Et

952.0 90.0 86.0 77.0 105

1043 810 2 53 par dessus

1041.0 847.0 124.0 78.0 le Roy.

1044.0 1046.0 164.0 47.0 Gen.39.4.

1044.0 1085.0 137.0 60.0 Dan.2.
