1455 2338
93 142 1022 87 ſtiques doit eſtre employee à la reparation

91.0 208.0 1022.0 70.0 des temples, la ſeconde à l’entretenement des

92.0 277.0 1018.0 64.0 pauures, la troiſieſme eſt pour les gens d’E¬

92.0 328.0 1021.0 73.0 gliſe, & la quatrieſme pour l’Eueſque: nous a¬

92.0 392.0 1020.0 63.0 uons veu ci deſſus que le Roy doit faire qua¬

90.0 450.0 1020.0 66.0 tre parts des reuenus du Domaine de ſon

90.0 507.0 1020.0 72.0 Royaume. Cela ne peut eſtre enfraint par l’a¬

90.0 568.0 1022.0 69.0 bus que nous y voyons auiourd’huy: car enco¬

89.0 627.0 1021.0 73.0 res que la pluſpart des Eueſques rauiſſent aux

92.0 688.0 1014.0 70.0 pauures le bien qu’ils donnent à leurs maque¬

89.0 749.0 1019.0 66.0 reaux, & quoy qu’ils ruinent les campagnes &

90.0 804.0 1019.0 64.0 les foreſts, la charge d’Eueſque n’eſt chan¬

93.0 866.0 1015.0 70.0 gee pourtant. Combien que certains Empe¬

89.0 923.0 1021.0 66.0 reurs ſe ſoyent attribué vne puiſſance abſo¬

90.0 981.0 1019.0 64.0 lue, ſi n’en eſt-il rien, attendu que nul ne peut

92.0 1041.0 1018.0 73.0 eſtre iuge en ſa propre cauſe. Si quelque Ca¬

92.0 1105.0 1016.0 70.0 racalla ſe vante qu’il n’aura pas faute d’argent,

90.0 1163.0 1020.0 69.0 tandis que l’eſpee demeurera en ſa puiſſance,

90.0 1223.0 1023.0 68.0 l’Empereur Adrian promettra au contraire de

94.0 1279.0 1019.0 71.0 adminiſtrer tellement ſa charge qu’il ſe ſou¬

92.0 1339.0 1022.0 71.0 uiendra que le bien public n’eſt pas à luy, ains

90.0 1400.0 1027.0 70.0 au peuple. Voila preſques la difference entre le

91.0 1453.0 1014.0 72.0 Roy & le tyran. Encores qu’Attalus Roy de

91.0 1513.0 1014.0 70.0 Pergame ait inſtitué le peuple Romain heri¬

93.0 1579.0 1000.0 69.0 tier de ſon Royaume, & que Alexandre Roy

94.0 1637.0 1008.0 72.0 d’Egypte, Ptolomee Roy de Cyrene, Praſu¬

94.0 1702.0 1021.0 69.0 tagus Roy desIceniens, ayent legué leurs pays

94.0 1757.0 1023.0 67.0 au peuple Romain & à Ceſar: cela ne ſert de

92.0 1815.0 1029.0 72.0 rien à ceux leſquels vſurpent vne puiſſance qui

94.0 1879.0 1028.0 68.0 ne leur apartient pas. Telle violence ne peut

94 1932 1027 83 afoiblir la vertu du droit: au contraire, plus

413.0 98.0 378.0 51.0 QVESTION.

1043 91 80 76 177

1123 1449 109 74 Florus

1121 1508 101 66 liu.2.

1122.0 1565.0 135.0 48.0 Tacitus

1113.0 1608.0 122.0 67.0 liu.14.

844.0 1989.0 114.0 84.0 M.j.
