1412 2338
40 145 1025 79 uoque autruy, quand de gayeté de cœur on

40 210 1025 70 dreſſe & cõmence les parties de la guerre. Eux

40.0 268.0 1023.0 72.0 ont eſté agacez, aſſaillis par armes deſcouuer¬

38.0 344.0 1027.0 57.0 tes & par trahiſons: la mort les enuironant de

40.0 390.0 1026.0 71.0 toutes parts ils prenent les armes, & parent

37.0 449.0 1030.0 74.0 aux coups qu’on leur tire. Vous n’auez pas paix

38.0 509.0 1023.0 69.0 auec les ennemis quãd vous voulez: car ſi vous

41.0 562.0 1021.0 78.0 poſez les armes, ſi vous ceſſez de guerroyer ils

38.0 626.0 1020.0 71.0 ne ſe deſarmeront pas pourtant pour ſe repo¬

38.0 684.0 1020.0 74.0 ſer du premier coup. Mais quant à ceux-ci, de¬

38.0 744.0 1012.0 63.0 ſirez la paix & vous l’auez: ceſſez de frapper,

40.0 800.0 1016.0 74.0 ils quittent la place & les armes: ceſſez d’aſſail¬

40.0 859.0 1017.0 74.0 lir Dieu, ils ne voudront plus combatre. Vou¬

41.0 922.0 1015.0 72.0 lez vous leur tirer les armes des poings? abſte¬

42.0 979.0 1015.0 74.0 nez vous ſeulement de les frapper. Puis qu’ils

41.0 1040.0 1016.0 73.0 ne iettent pas les coups ains les reçoyuẽt, ren¬

46.0 1102.0 1013.0 70.0 gainez l’eſpee, ils ietteront incontinent le bou

41.0 1157.0 1018.0 75.0 clier à terre: ce qui eſt cauſe que bien ſouuent

42.0 1215.0 1019.0 76.0 ils ſont ſurprins par embuſches & perfidie, cõ¬

42.0 1278.0 1020.0 72.0 me les exemples de noſtre temps le monſtrent

42.0 1336.0 1020.0 69.0 aſſez. Or comme on n’appellera pas fugitif le

42.0 1397.0 1017.0 70.0 ſeruiteur qui met la main au deuant de l’eſpee

45.0 1458.0 1017.0 70.0 dont ſon Seigneur le veut frapper, qui ſe tire

45.0 1518.0 1018.0 69.0 arriere & ſe cache pour euiter la main de ſon

44.0 1574.0 1019.0 72.0 maiſtre lequel eſt en furie, qui ferme la porte

45.0 1630.0 1017.0 76.0 de ſa chambre ſur ſoy, iuſques à ce que la cho¬

48.0 1691.0 1017.0 71.0 lere ſoit refroidie: moins encores doit on eſti¬

45.0 1753.0 1021.0 70.0 mer ſeditieux ceux là qui (tenans nom & place

48.0 1809.0 1017.0 70.0 de ſeruiteurs & ſuiets) ferment les portes d’vne

50.0 1871.0 1012.0 72.0 ville à leur Prince tranſporté de courroux, e¬

48.0 1927.0 1018.0 78.0 ſtans preſts de faire ce qu’il leur commande¬

367.0 98.0 392.0 51.0 QVESTTON.

994 97 57 62 77
