1417 2338
72 158 1012 80 penſer à autre choſe: pourtant ſe prepare-il

75 223 1007 71 touſiours à la guerre, du moins il en fait le ſem

75.0 281.0 1006.0 73.0 blant, vſe de menaces, & attire pluſtoſt le mal

75.0 353.0 1006.0 61.0 qu’il ne deſtourne. Iamais le Roy ne fait la

78.0 403.0 1003.0 73.0 guerre que par contrainte & pour la conſerua

75.0 459.0 1005.0 74.0 tion du public: il ne peſche iamais auec vn ha¬

76.0 523.0 1003.0 66.0 meçon d’or, ni n’entreprend de leuer les ar¬

78.0 578.0 1001.0 72.0 mes s’il void que ſon pays en doiue receuoir

80.0 640.0 1001.0 74.0 plus de dommage que de profit. Le tyran ne

76.0 697.0 1004.0 74.0 fait qu’inuenter les moyens d’eſpuiſer les ri¬

76.0 758.0 1006.0 69.0 cheſſes de ſes ſuiets, afin qu’eſtans occupez à

79.0 820.0 1005.0 69.0 cercher les moyens de gaigner leur vie ils ne

80.0 879.0 1001.0 74.0 penſent plus à recouurer leur liberté, & pour¬

81.0 940.0 1000.0 61.0 tant il amaſſe tout en ſes coffres: au contraire

83.0 994.0 1001.0 73.0 le Roy tenant pour choſe certaine que ſes fi¬

81.0 1055.0 1005.0 72.0 nances ſont és bourſes des particuliers, les leur

81.0 1118.0 1004.0 69.0 met comme en depoſt entre les mains, & pen¬

81.0 1174.0 1007.0 72.0 ſe auoir vn treſgrand threſor quand ſes ſuiets

83.0 1233.0 1005.0 73.0 ſont bien riches. Le tyran oſte à pluſieurs pour

84.0 1293.0 1005.0 72.0 donner à deux ou trois mignõs, il eſpuiſe tout

84.0 1358.0 1001.0 68.0 le monde pour ietter en la gorge de ces gar¬

84.0 1413.0 1005.0 71.0 nemens, il ruine le public pour baſtir ſa mai¬

85.0 1474.0 1004.0 69.0 ſon: il tire le ſang du peuple iuſques au dernier

85.0 1533.0 1005.0 72.0 ſouſpir & le fait boire incontinent à certaine

87.0 1593.0 1006.0 69.0 troupe de flatteurs: mais le Roy retranche de

88.0 1652.0 1004.0 67.0 ſon ordinaire & de ſes commoditez pour

89.0 1709.0 1004.0 71.0 en aſsiſter au peuple, il baſtit & fait choſes ma

91.0 1769.0 1002.0 71.0 gnifiques pour le public, brief il nourrit &

89.0 1828.0 1004.0 70.0 fouſtient de ſon ſang le peuple qui luy eſt cõ¬

89.0 1889.0 1005.0 71.0 mis. Si le tyran laiſſe quelquesfois engraiſſer le

94.0 1947.0 996.0 80.0 peuple, comme firent Tibere, Neron, Com¬

358.0 101.0 380.0 62.0 QVESTION.

995.0 97.0 82.0 74.0 203
