1431 2338
339 92 67 69 82

332 148 1030 79 de Dieu? Concluons donc pour la fin de ce

334 215 1026 77 propos que tout le peuple, par l’autorité de

334 277 1025 68 ceux qui ont ſes droits entre les mains, ou par

337 332 1018 74 pluſieurs d’eux, peuuent & doyuent reprimer

336 392 1018 70 le Prince qui commande choſes contre Dieu.

335 454 1021 69 Item, que tous, ou du moins les principaux

336 513 1022 70 des prouinces & villes, ſous l’autorité des prin

337 572 1021 70 cipaux Magiſtrats, eſtablis premierement de

336 632 1022 68 Dieu, puis du Prince, peuuent ſelon le droit

335 692 1020 62 empeſcher que l’idolatrie n’entre en l’enclos

336 752 1019 66 de leurs murailles, & y maintenir la vraye Re¬

334 807 1022 73 ligion: dauantage peuuent eſtendre les confins

337 866 1010 74 de l’Egliſe, qui n’eſt qu’vne: à faute dequoy,

339 926 1015 70 s’ils le peuuent faire ils ſont criminels de leſe

343 984 370 68 Maieſté diuine.

677 90 318 63 SECONDE

169 1044 172 72 Aſauoir ſi

170 1149 140 64 liers qui

168 1200 151 57 ſont per¬

170 1393 125 59 par ar¬

174 1445 88 47 mes.

167 1106 166 59 les particu

167 1237 176 72 ſonnes pri

169 1297 162 55 uees peu¬

167 1334 164 80 uẽt refiſte:

181 1576 132 70 quod cus

175 1635 159 56 inſque v¬

178 1679 115 83 niueſ.

175 1478 156 65 L.ſicut.7.

175 1525 125 66 S.1.D.

428 1055 925 59 IL reſte maintenant, que nous parlions

348 1098 1001 78 des particuliers, qui ſont perſonnes priuees.

345 1166 1008 71 Premierement, les particuliers ou perſonnes

347 1223 1002 74 priuees ne ſont point tenus de prendre les ar¬

347 1280 1002 70 mes contre le Prince qui les voudroit con¬

348 1338 1001 74 traindre d’eſtre idolatres. L’alliance entre

344 1404 1005 71 Dieu & tout le peuple, qui promet eſtre peu¬

348 1459 997 76 ple de Dieu, ne les aſtraint point à cela: car

350 1513 997 80 tout ainſi que ce qui eſt deu à tout le corps v¬

348 1576 1001 68 niuerſel, n’eſt point deu aux particuliers: auſ¬

349 1640 1001 70 ſi ce que doit le corps n’eſt pas deu par les

344 1698 1003 73 particuliers. En apres, leur deuoir ne les y o¬

339 1758 1010 72 blige point: car chaſcun eſt tenu de ſeruir

340 1818 1009 65 Dieu en la vocation à laquelle il eſt appel¬

337 1872 1013 76 lé. Or les particuliers n’ont point de puiſ¬

337 1934 1010 85 ſance, ils n’ont point de charge publique, ils

1212 2000 139 63 n’ont
