1426 2338
332.0 97.0 102.0 65.0 242

330 153 1011 82 Royaume ſont gardiens & protecteurs de ce¬

328 216 1017 77 ſte alliance & conuention. Celuy qui l’enfraint

334.0 275.0 1014.0 73.0 traiſtreuſement & de malice obſtinee eſt

337.0 350.0 1011.0 60.0 vrayement tyran d’exercice. Et pourtant les

336.0 397.0 1013.0 75.0 Officiers du Royaume le peuuent iuger ſelon

335.0 453.0 1013.0 75.0 les loix, & s’il veut faire teſte leur deuoir les

335.0 514.0 1014.0 76.0 oblige de luy courir ſus auec les armes, s’ils ne

335.0 575.0 1014.0 75.0 peuuent autrement le reprimer. Ces Officiers

330.0 636.0 1016.0 73.0 ſont de deux ſortes. Ceux qui ont en charge

330.0 697.0 1016.0 71.0 tout le Royaume vniuerſellement comme le

334.0 752.0 1011.0 75.0 Conneſtable, les Mareſchaux, les Pairs & au¬

331.0 814.0 1017.0 75.0 tres tels, ſont tenus, chaſcun à part ſoy (quand

335.0 876.0 1015.0 70.0 tous les autres diſsimuleroyent ou tiendroyẽt

335.0 931.0 1015.0 78.0 meſmes le parti de la tyrannie) de reprimer le

337.0 994.0 1012.0 72.0 tyran. Les autres Officiers qui gouuernent

337.0 1054.0 1011.0 74.0 quelque prouince ou portion de pays du

337.0 1113.0 1009.0 70.0 Royaume, comme les Ducs, Marquis, Com¬

336.0 1171.0 1012.0 70.0 tes, Conſuls, Maires, &c. peuuent ſelon leur

336.0 1231.0 1013.0 71.0 droit repouſſer la tyrannie & le tyran arriere

337.0 1289.0 1011.0 76.0 de leurs villes & gouuernemens. Mais les per¬

336.0 1350.0 1012.0 73.0 ſonnes priuees & particulieres doiuent ſe gar¬

337.0 1409.0 1012.0 78.0 der de deſgainer l’eſpee cõtre les tyrãs d’exer¬

339.0 1470.0 1012.0 71.0 cice, pource qu’iceux n’ont pas eſté eſtablis

344.0 1526.0 1007.0 78.0 par les particuliers, mais par tout le corps du

340.0 1589.0 1010.0 76.0 peuple. Mais quant aux tyrans qui ſe fourrent

339.0 1650.0 1010.0 69.0 en auant ſans aucun titre, dautant que nulle

340.0 1709.0 1009.0 71.0 paction n’eſt entreuenue entre eux & le peu¬

349.0 1767.0 1002.0 70.0 ple, il eſt permis à tous indifferemment de

347.0 1828.0 1002.0 69.0 leur courir ſus: & en ce rãg de tyrans lon peut

344.0 1885.0 1005.0 71.0 mettre ceux qui abuſans de la beſtiſe & non¬

345.0 1947.0 1004.0 79.0 chalance du Prince legitime exercent tyran¬

645.0 95.0 439.0 64.0 TROISIESME

1266.0 2013.0 84.0 63.0 nie
