1436 2338
88.0 159.0 1016.0 82.0 pl’eſtrãge de faire la guerre à Dieu qu’à vn hõ

85.0 228.0 1022.0 70.0 me mortel: brief, en vn meſme fait la perfidie

87.0 289.0 1015.0 69.0 ſurpaſſe & eſt plus à condãner que l’ignorance.

141.0 350.0 962.0 63.0 MAIS pourroit-on bien dire le meſme de

85.0 422.0 1019.0 54.0 ceux qui n’aſsiſtent aux perſonnes oppreſſees

85.0 470.0 1019.0 66.0 de tyrannie, ou qui luy font teſte pour conſer¬

85.0 526.0 1017.0 67.0 uer vn eſtat public? Car en ceſt endroit la con¬

87.0 585.0 1012.0 69.0 ionction & alliance ne ſemble pas eſtre ſi e¬

84.0 645.0 1012.0 68.0 ſtroite entre les vns & les autres, ains eſt que¬

84.0 701.0 1015.0 71.0 ſtion de la Republique, diuerſement gouuer¬

84.0 767.0 1016.0 66.0 nee ſelon les pays, & recommandee particu¬

84.0 820.0 1020.0 71.0 lierement à ceux ci ou à ceux-là, & non pas de

85.0 879.0 1018.0 73.0 l’Egliſe de Dieu qui eſt compoſee de tous, &

87.0 944.0 1017.0 65.0 eſt recommandee à tous en general & à chaſ¬

87.0 1001.0 1016.0 70.0 cun en particulier. Le Iuif n’eſt pas ſeulement

87.0 1059.0 1013.0 72.0 prochain au Iuif, mais auſsi au Samaritain & à

87.0 1118.0 1011.0 69.0 tout autre hõme, dit Ieſus Chriſt. Or nous de¬

85.0 1181.0 1010.0 67.0 uons aimer noſtre prochain cõme nous meſ¬

84.0 1236.0 1011.0 71.0 mes: & pourtant le Iuif doit deliurer le Iuif &

87.0 1292.0 1004.0 80.0 tout autre eſtrãger auſsi de la main du brigãd,

84.0 1356.0 1011.0 70.0 ſi cela eſt en ſa puiſſance & s’il veut s’acquitter

84.0 1418.0 1011.0 69.0 de ſon deuoir. Et perſonne ne diſput era s’il eſt

81.0 1472.0 1011.0 73.0 loiſible de ſecourir vn autre, ſi lon eſtime rai¬

80.0 1533.0 1015.0 69.0 ſonnable d’eſtre ſecouru au beſoin: ioint que

81.0 1592.0 1010.0 71.0 c’eſt choſe beaucoup plus iuſte de ſecourir au¬

81.0 1654.0 1013.0 70.0 truy que ſoy-meſme, attendu que ce qui ſe fait

85.0 1715.0 1010.0 67.0 par pure charité eſt plus iuſte & louable que

83.0 1772.0 1013.0 72.0 ce que lon execute par colere, par appetit de

83.0 1832.0 1006.0 70.0 vengeance, ou par autre tranſport d’affectiõ,

83.0 1892.0 1013.0 71.0 & que perſonne ne tient meſure en ſe vẽgeant

83.0 1950.0 999.0 80.0 es torts qu’on luy a faits, au cont raire les

471.0 119.0 341.0 47.0 VBS PIOI.

1019 85 79 94 257

828.0 2016.0 93.0 78.0 R.j.
