1407 2338
63.0 142.0 1021.0 90.0 rogance, prendre garde qu’il ne ſoit Dieu à

66.0 211.0 1018.0 77.0 ſoy-meſme, & ne conceuoir de ſa teſte telle

68.0 270.0 1015.0 81.0 opinion de ſoy. Qu’il ne conçoiue donc point

70.0 327.0 1010.0 76.0 de vanité, s’il ne veut enfanter menſonge.

72.0 381.0 1010.0 86.0 Que le peuple auiſe de ſon coſté, qu’en deſi¬

68.0 442.0 1018.0 84.0 rant guerroyer ſous l’enſeigne de Ieſus Chriſt

70.0 502.0 1018.0 78.0 il n’aille ſe rendre à ſa confuſion en l’armee

71.0 561.0 1017.0 81.0 de quelque Theudas Galileen ou de Barcoz¬

74.0 623.0 1014.0 79.0 ba, comme il en a prins aux payſans & aux A¬

76.0 681.0 1017.0 81.0 nabaptiſtes de Munſtre en Alemagne, en

75.0 742.0 1017.0 82.0 l’an mil cinq cens vingtcinq. Ie ne veux pas

77.0 801.0 1018.0 80.0 dire pourtant, que ce meſme Dieu qui pour

77.0 861.0 1018.0 78.0 chaſtier nos pechez nous enuoye en ces der¬

79.0 920.0 1020.0 77.0 niers temps des Pharaons & des Achabs, ne

83.0 979.0 1017.0 83.0 puiſſe quelquesfois ſuſciter extraordinaire¬

83.0 1040.0 1014.0 80.0 ment des liberateurs à ſon peuple. Certaine¬

83.0 1097.0 1021.0 75.0 ment ſa iuſtice & ſa miſericorde demeurent

83.0 1157.0 1023.0 82.0 fermes & immuablęs en tout temps. Or ſi ces

84.0 1217.0 1020.0 76.0 miracles viſibles n’aparoiſſent pas comme au¬

85.0 1278.0 1021.0 79.0 tresfois, il faut pour le moins que par les ef¬

85.0 1337.0 1024.0 82.0 fects nous ſentions que Dieu beſongne mira¬

87.0 1395.0 1019.0 79.0 culeuſement en nos cœurs: c’eſt que nous ay¬

92.0 1453.0 1012.0 82.0 ons vn eſprit vuide de toute ambition, vn vray

89.0 1509.0 1025.0 84.0 & ardant zele, droite ſcience & conſcience, de

92.0 1570.0 1018.0 86.0 peur qu’eſtans guidez d’erreur ou d’ambition,

90.0 1628.0 1022.0 81.0 nous ne ſeruions aux idoles ou à nouſ-meſ¬

92.0 1696.0 681.0 78.0 mes pluſtoſt qu’au vray Dieu.

381.0 91.0 384.0 64.0 QVESTION.

1034 85 43 74 87

164.0 1745.0 938.0 83.0 AV reſte, pour oſter tout ſcrupule, i.

96.0 1809.0 1003.0 82.0 faut neceſſairement reſpondre à ceux qui eſti¬

98.0 1872.0 1156.0 84.0 ment ou veulent qu’on penſe qu’ils ſont en ſont iu¬

1115.0 1679.0 160.0 68.0 Si les ar¬

1117.0 1740.0 163.0 60.0 mes prin¬

1117.0 1792.0 169.0 55.0 ſes pour la

1121.0 1834.0 148.0 62.0 Religion

1117.0 1927.0 84.0 65.0 ſtes.

830.0 1944.0 132.0 53.0 F.iIij.
