1436 2343
338 93 74 85 46

335 158 1018 84 lemẽt que faire effort à vn Temple eſt par eux

335 229 1018 71 eſtimé plus grand crime que de cõſpirer con¬

337 285 1018 71 tre la vie du Prince. Voila quant à la premiere

338 346 1017 73 queſtion, où nous eſtimons auoir ſatisfait à

337 403 1016 79 tout homme, s’il n’eſt entierement deſpouillé

338 464 491 77 de là crainte de Dieu.

690 89 317 72 SECONDE

347 644 989 97 SECONDE QVE¬

720 726 252 74 STION,

347 798 1003 82 ASAVOIR S’IL EST LOI¬

398 868 897 78 ſible de reſiſter à vn Prince qui veut en¬

447 929 795 70 fraindre la Loy de Dieu, ou qui rui¬

531 989 629 75 ne l’Egliſe. Item à qui, com¬

582 1050 531 80 ment, & iuſques où cela

722 1112 259 69 eſt loiſible.

468 1232 887 74 ESTE Queſtion de prime face ſemble

468 1290 889 70 eſtre haute & difficile, en ce que n’eſtant

343 1352 1010 73 beſoin d’en parler aux Princes craignãs Dieu,

342 1411 1014 74 au contraire il y a du danger d’en battre les o¬

343 1470 1014 75 reilles de ceux qui ne reconoiſſẽt autre ſouue¬

343 1532 1013 75 rain qu’eux-meſmes: à l’occaſion dequoy per¬

343 1604 1014 60 ſonne n’en a parlé, ou ſi lon en a dit quelque

342 1650 1017 72 choſe, ç’a eſté comme en paſſant. On deman¬

343 1706 1013 68 de de fait, s’il eſt loiſible de reſiſter à vn Prin¬

341 1767 1014 73 ce enfraignant la Loy de Dieu, ou ruinant l’E¬

346 1827 1011 74 gliſe, ou empeſchant la reſtauration d’icelle.

342 1887 1018 72 Si nous nous en tenons au dire de l’Eſcriture

343 1948 1017 79 ſaincte, elle nous en reſoudra. Car ſi tel cas a

361 1239 100 125 C

1260 2003 97 92 eſté
