1450 2338
307.0 93.0 84.0 76.0 236

313.0 163.0 881.0 64.0 membres d’vn Eſtat peuuent de droit.

374 218 982 67 MAIS il nous faut paſſer encores plus ou¬

318 277 1037 72 tre. Il n’y a ſi petit matelot qui ne ſoit tenu de

317.0 340.0 1040.0 70.0 mettre la main à la beſongne pour empeſ¬

315.0 394.0 1041.0 73.0 cher le naufrage du vaiſſeau qui eſt preſt à

314.0 459.0 1042.0 68.0 ſe perdre par la faute ou nonchalance du pilo¬

314.0 514.0 1039.0 73.0 te. Chaſque magiſtrat eſt tenu de ſecourir l’E¬

314.0 574.0 1043.0 71.0 ſtat s’il le void proche de ſa ruine par la fetardi

313.0 633.0 1036.0 69.0 ſe ou meſchanceté du Prince & de ſes aſſociez,

315.0 692.0 1038.0 73.0 brief il doit garantir ou tout le Royaume, ou

314.0 754.0 1041.0 74.0 la portion qu’il a en charge, de la tyrannie qui

314.0 811.0 1041.0 72.0 s’en veut emparer. Mais cela ſera-il loiſible au

315.0 876.0 1037.0 66.0 premier venu & à quelque hõme de nulle au¬

315.0 932.0 1037.0 66.0 torité? Sera-il permis à vn Herdonius Sabi¬

310.0 987.0 1043.0 71.0 nus, à Eunus Surianus, ou à vn tel maiſtre d’eſ¬

313.0 1054.0 1039.0 70.0 pee que Spartacus, brief à vn particulier de pre

310.0 1115.0 1042.0 64.0 ſenter le bõnet aux eſclaues, mettre les armes

309.0 1172.0 1042.0 64.0 en la main des ſuiets, donner bataille au Prin¬

307.0 1232.0 1040.0 64.0 ce, encores que la tyrannie preſſe? Nullement.

307.0 1289.0 1041.0 72.0 La Republique n’eſt point baillee en garde

305.0 1359.0 1043.0 58.0 aux particuliers conſiderez vn par vn, ains au

305.0 1413.0 1042.0 65.0 contraire les particuliers tout ainſi que pupil¬

304.0 1476.0 1045.0 64.0 les ſont ſous la charge des principaux officiers

302.0 1530.0 1041.0 68.0 & magiſtrats. Pourtãt ceux-là ne ſõt pas tenus

305.0 1585.0 1042.0 73.0 de garder la Republique, qui ne ſe peuuent

306.0 1652.0 1041.0 66.0 garder eux-meſmes. Dieu ni le peuple n’ont

309.0 1710.0 1031.0 65.0 pas mis le glaiue en la main des particuliers:

310.0 1766.0 1032.0 71.0 parquoy s’ils le deſgainent ſans commande¬

306.0 1826.0 1037.0 69.0 ment, c’eſt faire ſedition, quoy que la cauſe ſẽ¬

309.0 1880.0 1037.0 80.0 ble iuſte. Dauantage ce ne ſont pas les priuez

311.0 1942.0 1031.0 101.0 & particuliers qui font le Prince, ains tous en

625.0 99.0 450.0 68.0 TROISIESME

132.0 1732.0 142.0 66.0 E.1.e.de

135.0 1793.0 158.0 77.0 ſeditioſis.

1253 2018 85 70 ge¬
