1426 2338
91 173 1007 84 n’euſſent pas entreprins tels actes, s’il leur fuſt

96 246 1001 68 venu en penſee que cela eſtoit vſurper ſur les

90.0 305.0 1003.0 67.0 limites d’autruy & violer le droit des gens.

90.0 375.0 1005.0 58.0 Mais à quel propos les Princes Chreſtiens

93.0 426.0 1005.0 68.0 ont-ils tant de fois voyagé en la terre ſaincte

88.0 483.0 1009.0 69.0 contre les Sarazins? pourquoy a-on demandé

89.0 542.0 1006.0 69.0 & leué tant de diſmes ſaladines? que veulent

88.0 602.0 1005.0 66.0 dire tant d’alliances & tant de croiſades con¬

87.0 658.0 1007.0 71.0 tre les Turcs, s’il n’a point eſté loiſible aux

89.0 720.0 1004.0 67.0 Princes Chreſtiens, voire aux plus eſlongnez

88.0 779.0 1003.0 71.0 de retirer l’Egliſe de Dieu de la main des ty¬

88.0 839.0 1006.0 71.0 rans, & les Chrẽſtiens captifs hors du ioug de

88.0 900.0 1003.0 68.0 ſeruitude? Mais quelles raiſons les eſmou¬

87.0 958.0 1003.0 70.0 uoyent à entreprendre telle guerre? ſinon,

89.0 1015.0 1001.0 74.0 pource que l’Egliſe eſtant vne, Chriſt appel¬

85.0 1078.0 1008.0 72.0 loit chaſcun de toutes parts aux armes? que les

90.0 1141.0 1004.0 66.0 perils communs requeroyent que tous couruſ

87.0 1196.0 1007.0 74.0 ſent au deuant pour les repouſſer d’vn cõmun

89.0 1256.0 1006.0 71.0 effort? Ce qui cõuient entierement au propos

89.0 1315.0 1005.0 72.0 que nous deduiſons. Si cela leur a eſté loiſible

87.0 1374.0 1001.0 70.0 contre Mahumet, & non ſeulement loiſible,

84.0 1433.0 1005.0 73.0 mais auſſi que les laſches & delayeurs ayent e¬

84.0 1496.0 1004.0 71.0 ſté iugez dignes de punition, comme les gens

88.0 1553.0 1001.0 64.0 de bonne volonté ont receu diuerſes recom¬

88.0 1613.0 1002.0 74.0 penſes: pourquoy ſera-il defendu quand lon

85.0 1672.0 1005.0 75.0 s’attachera à l’Antechriſt? Si ç’a eſté vne guer¬

84.0 1731.0 1006.0 75.0 re legitime de guerroyer les Turcs aſſaillans

88.0 1788.0 1003.0 78.0 noſtre Troye, pourquoy ſera-elle illicite ſi

84.0 1848.0 1004.0 74.0 lon court ſus à vn Sinon boute-feu deteſtable?

83.0 1909.0 1002.0 74.0 Brief, ſi lon a eſtimé actes heroiques d’afran¬

83 1969 1001 85 chir les Chreſtiens de ſeruitude corporelle

411.0 122.0 379.0 65.0 QVESTION.

1014.0 128.0 74.0 64.0 251
