1421 2338
54 142 1027 89 le Pape Benoiſt trezieſme greuaſt l’EgliſeGal¬

57.0 215.0 1017.0 77.0 licane par tributs & exactions, le Clergé con¬

59.0 283.0 1007.0 65.0 uoqué par le Roy Charles ſixieſme, arreſta

64.0 335.0 1017.0 66.0 Que le Roy & les habitans du royaume ne de¬

62.0 397.0 1023.0 69.0 uoyẽt point obeir à Benoiſt, qui eſtoit vn he¬

63.0 455.0 1024.0 72.0 retique, ſchiſmatique, & du tout indigne de ſa

63.0 516.0 1028.0 69.0 dignité: ce que les Eſtats du royaume aprou¬

64.0 574.0 1029.0 68.0 uerent, & le Parlement de Paris le conferma

64.0 635.0 1034.0 68.0 par arreſt. Le meſme Clergé ordonna auſſi

68.0 698.0 1028.0 67.0 que ceux qui auoyent eſté excommuniez par

70.0 758.0 1027.0 64.0 ce Pape, comme deſerteurs & ennemis de l’E¬

72.0 817.0 1026.0 71.0 gliſe, ſeroyent promptement abſous, iugeant

70.0 876.0 1027.0 66.0 nulle toute ceſte excommunication: choſe qui

70.0 933.0 1027.0 65.0 a eſté non ſeulement pratiquee en Frãce, mais

71.0 992.0 1027.0 66.0 ailleurs auſſi, comme les hiſtoires en font foy.

76.0 1054.0 1026.0 68.0 Ce qui ſert pour faire toucher au doigt & voir

72.0 1110.0 1034.0 65.0 à l’œil, que ſi celuy qui tient lieu de Prince ſe

76.0 1171.0 1031.0 70.0 gouuerne mal, on peut ſe ſouſtraire de luy ſans

75.0 1232.0 1032.0 66.0 eſtre coulpable de reuolte: & que ce ſont cho¬

72.0 1293.0 1037.0 70.0 ſes directement contraires de quitter vn Pape

80.0 1348.0 1027.0 71.0 qui ne vaut rien, & l’Egliſe: vn Roy meſchant

76.0 1411.0 1029.0 64.0 & le royaume. Pour reuenir à ceux de Lobna,

77.0 1465.0 1028.0 71.0 ils ſemblent auoir ſuiui l’expedient ſuſmen¬

74.0 1521.0 1021.0 74.0 tionné: car apres le reſtabliſſement du ſerui¬

77.0 1588.0 1028.0 69.0 ce de Dieu, nous voyons qu’ils ſont mis au

76.0 1645.0 1031.0 68.0 nombre des ſuiets du Roy Ezechias. Et ſi ce¬

77.0 1705.0 1034.0 64.0 ſte diſtinction à lieu quand vn Pape eniambe

79.0 1769.0 1032.0 66.0 ſur les droits de quelque Prince qui le reco¬

79.0 1827.0 1031.0 61.0 noit ſon ſouuerain, eſt-elle pas beaucoup plus

80.0 1884.0 1033.0 68.0 receuable, ſi le Prince qui eſt vaſſal en ceſt eſ¬

84 1941 1033 82 gard, s’efforce de rauir & s’aproprier les droits

367.0 105.0 403.0 53.0 QVES ATON.

1018.0 83.0 65.0 75.0 81

1083 128 152 88 Annales

1085.0 200.0 158.0 66.0 de Frâce.

1085.0 283.0 159.0 57.0 Montie,

1079.0 303.0 65.0 94.0 les.

1109 1517 122 76 2. Rois

1114.0 1574.0 78.0 72.0 19.8.

870.0 1996.0 83.0 80.0 F.j.
