1436 2343
42 188 1028 37 MIIN MOM.

42 213 1030 68 peut aiſément recueillir des liures du vieil

46 274 1025 68 Teſtament) voire meſmes ſi cela leur a eſté

42 335 1028 68 enioint, ie croy que lon m’accordera qu’il

42 394 1033 68 faut en accorder autant à tout vn peuple

46 454 1026 73 Chreſtien de quelque royaume & pays que

45 510 176 73 ce ſoit.

333 101 401 52 QVESTION.

105 564 967 75 EN premier lieu, il faut ici conſiderer, que

46 628 1025 70 Dieu ayant choiſi Iſrael d’entre tous autres

49 691 1026 69 peuples, pour luy eſtre peuple peculier, fit al¬

46 752 1029 65 liance auec, à ce qu’il fuſt peuple de Dieu. Ge¬

48 805 1027 71 la eſt eſcrit en pluſieurs endroits du Deutero¬

52 865 1015 65 nome. La ſubſtance & teneur de ceſte allian¬

52 919 1014 74 ce eſtoit, que tous fuſſent ſoigneux en leurs li¬

53 989 1015 66 gnees, tribus & familles en la terre de Cha¬

53 1046 1022 69 naan, de ſeruir purement à Dieu, lequel vou¬

54 1105 1022 67 loit auoir vne Egliſe dreſſee à iamais au mi¬

54 1164 1021 71 lieu d’eux: ce que lon peut recueillir de plu¬

55 1226 1026 67 ſieurs teſmoignages, nommément de ce qui

58 1288 1021 63 eſt contenu au vingtſeptieſme chapitre du

54 1337 1020 70 Deuteronome. Là Moyſe & les Leuites, ſti¬

62 1399 1012 77 pulans comme au nom de Dieu, aſſemblent

59 1463 1017 71 tout le peuple, & luy diſent, Auiourdhui, ô

59 1521 1022 72 Iſrael, ſois le peuple du Seigneur ton Dieu.

65 1582 1019 65 Obeis donc à la voix d’iceluy, &c. Et Moy¬

62 1642 1025 67 ſe dit, Quand tu auras paſſé le Iordain, ſix

61 1701 1026 69 lignees ſeront en la montagne de Garizim

65 1761 1018 66 d’vn coſté, & les ſix autres en la monta¬

70 1819 1018 69 gne d’Hebal, & alors les Leuites liront la

65 1877 1024 83 Loy de Dieu, promettans toute felicité

992 101 51 63 47

1077 887 168 67 Deuter.7.

1078 946 168 73 6, & 142

1080 1329 148 82 Deut.11.

1084 1392 51 82 19
