1397 2338
53.0 151.0 1011.0 77.0 ruinant leur Egliſe: au contraire ils ſe tiendrõt

53.0 219.0 1008.0 70.0 pour dauantage obligez plus ils le verront ſe

54.0 276.0 1005.0 70.0 plaire en ſon iniquité. Mais s’il y a de la collu¬

49.0 341.0 1008.0 61.0 ſion entre eux & luy, ce ſont preuaricateurs:

49.0 396.0 1008.0 72.0 s’ils diſsimulent, il les faut appeller traiſtres &

48.0 454.0 1013.0 68.0 deſerteurs: s’ils ne garantiſſent l’Eſtat de toute

49.0 518.0 1010.0 67.0 tyrannie, on les doit mettre eux-meſmes au

48.0 576.0 1012.0 72.0 roolle des tyrans: comme à l’oppoſite ils ſont

51.0 636.0 1005.0 70.0 protecteurs, tuteurs & petis Rois, s’ils gardent

46.0 692.0 1010.0 73.0 & maintienent ſain & ſauf l’Eſtat qui leur a e¬

46.0 752.0 706.0 75.0 ſté baillé en garde & en charge.

372.0 101.0 378.0 58.0 QVESTION.

106.0 814.0 946.0 70.0 COMBIEN que ces choſes ſoyent aſſez fer

45.0 875.0 1011.0 65.0 mes d’elles meſmes, ſi les peut-on encores ve¬

45.0 931.0 1006.0 74.0 rifier par exemples. Les Rois de Chanaan, qui

45.0 993.0 1010.0 70.0 tenoyent le peuple d’Iſrael ſous vne dure ſer¬

44.0 1065.0 1008.0 58.0 uitude corporelle & ſpirituelle, eſtoyent vrais

42.0 1111.0 1008.0 70.0 tyrans d’exercice, encores qu’ils euſſent quel¬

44.0 1167.0 1008.0 77.0 que titre: car Eglon & Iabin auoyent paiſible¬

44.0 1231.0 1009.0 73.0 ment regné enuirõ l’eſpace de vingt ans. Dieu

40.0 1287.0 1011.0 75.0 ſuſcite extraordinairement Ehud qui tue par

41.0 1348.0 1019.0 72.0 embuſches Eglon, & Debora laquelle desfait

41.0 1410.0 1011.0 68.0 l’armee de Iabin, deliurãt par tels moyens ſon

42.0 1465.0 1009.0 75.0 peuple de la tyrãnie ſous laquelle il gemiſſoit.

38.0 1528.0 1010.0 69.0 Les Magiſtrats ordinaires, les Princes des li¬

44.0 1589.0 1007.0 69.0 gnees & tels autres officiers pouuoyent bien

41.0 1646.0 1011.0 69.0 entreprẽdre cela, comme de fait Debora leur

37.0 1704.0 1016.0 68.0 reproche leur laſcheté, & det eſte meſmes la

40.0 1763.0 1017.0 71.0 deſloyauté de quelques vns en ceſt afaire. Mais

40.0 1823.0 1008.0 74.0 il pleut ainſi à Dieu, ayant pitié de ſon peuple,

40.0 1883.0 1006.0 70.0 de remedier à la nonchalance des Magiſtrats

40.0 1943.0 1004.0 75.0 ordinaires. Roboam fils de Salomon refuſe de

974.0 109.0 76.0 64.0 225

1057.0 931.0 88.0 72.0 Iug.5

795.0 2008.0 79.0 68.0 P.j.
