1440 2338
341.0 115.0 74.0 65.0 22

668.0 116.0 366.0 76.0 PREMIERE

334.0 176.0 1031.0 86.0 contraire, dit-il, ton Dieu, ô Daniel, eſt vraye¬

331.0 250.0 1034.0 68.0 ment le Dieu des dieux, & le dominateur des

335.0 309.0 1029.0 71.0 dominateurs: donnant les royaumes à qui bon

335.0 368.0 1027.0 69.0 luy ſemble, voire aux plus chetifs du monde.

336.0 428.0 1027.0 65.0 Pour ceſte cauſe Xenophon dit, qu’au cou¬

334.0 484.0 1028.0 74.0 ronnement de Cyrus on ſacrifia à Dieu: & les

332.0 545.0 1032.0 73.0 auteurs profanes en pluſieurs endroits magni

332.0 609.0 1030.0 67.0 fient Dieu tout puiſſant ſouuerain Roy. Au¬

332.0 665.0 1027.0 70.0 iourdhui au ſacre des Rois & Princes Chre¬

331.0 723.0 1028.0 75.0 ſtiens, ils ſont appellez ſeruiteurs de Dieu, de¬

328.0 784.0 1032.0 71.0 ſtinez pour gouuerner ſon peuple. Puis donc

331.0 844.0 1023.0 67.0 que les Rois ſont ſeulemẽt lieutenãs de Dieu,

327.0 904.0 1028.0 70.0 eſtablis au throne de Dieu par le Seigneur

327.0 963.0 1028.0 72.0 Dieu meſme, & que le peuple eſt peuple de

328.0 1026.0 1027.0 63.0 Dieu: &que l’honneur qu’on fait aux lieutenãs

330.0 1087.0 1024.0 69.0 ne procede que de la reuerence qu’on porte à

326.0 1141.0 1023.0 70.0 ceux qui les ont enuoyez: il s’enſuit ſans diffi¬

324.0 1198.0 1022.0 73.0 culté qu’il faut obeir aux Rois à cauſe de Dieu,

323.0 1261.0 1027.0 72.0 non pas contre Dieu, & lors qu’ils ſeruent &

326.0 1322.0 748.0 66.0 obeiſſent à Dieu, non autrement.

384.0 1382.0 963.0 68.0 PEVT eſtre que les flateurs de Cour repli¬

326.0 1443.0 1020.0 68.0 queront que Dieu a reſigné toute puiſſance

323.0 1500.0 1023.0 66.0 aux Rois, reſeruãt le ciel pour ſoy, & leur don¬

324.0 1563.0 1019.0 68.0 nãt la terre pour y regner & gouuerner à leur

324.0 1618.0 1019.0 73.0 plaiſir: brief que les grands du monde ont fait

323.0 1680.0 1016.0 72.0 partage d’empire auec Dieu. Voila vn propos

322.0 1743.0 1019.0 65.0 conuenable à quelque vilain Cleon impudent

318.0 1798.0 1021.0 68.0 flateur d’Alexãdre, ou au poete Martial, qui n’a

322.0 1858.0 1012.0 68.0 point de hõte d’apeller les edits de Domitian,

319.0 1918.0 1019.0 66.0 les edits du Seigneur Dieu. Ce propos, di-ie eſt

317.0 1975.0 1017.0 70.0 digne de ceſt execrable Domitiã, lequel (cõme

313.0 2035.0 1019.0 83.0 recite Suetone) voulut eſtre apellé Dieu & Sei¬

161.0 183.0 140.0 65.0 Dan.2.

163.0 248.0 151.0 72.0 37, & 4.

161.0 289.0 59.0 101.0 14.
