1426 2338
343.0 85.0 76.0 79.0 84

349.0 151.0 1034.0 77.0 communautez du peuple, les Magiſtrats à qui

350.0 216.0 1033.0 73.0 tout le corps a mis le glaiue en main, doyuent

350.0 274.0 1030.0 72.0 prendre garde que l’Egliſe ſoit maintenue: les

354.0 336.0 1025.0 67.0 particuliers doyuent ſeulement donner ordre

347.0 393.0 1029.0 70.0 d’eſtre membres de ceſte Egliſe. Les Rois, E¬

344.0 452.0 1033.0 74.0 ſtats du peuple, & Magiſtrats ſont obligez

345.0 513.0 1032.0 72.0 d’empeſcher que le Temple du Seigneur ne

343.0 571.0 1033.0 66.0 ſoit pollué ou ruiné, & le doyuent garantir de

344.0 631.0 1031.0 72.0 toute corruption & iniure au dedans & au de¬

345.0 693.0 1029.0 70.0 hors. Les particuliers doyuent procurer que

344.0 753.0 1030.0 67.0 leurs corps, temples de Dieu, ſoyent nets, afin

167.0 818.0 152.0 62.0 1.Cor.3.

335 800 1034 78 que le ſainct Eſprit y habite. Car ſi aucun vio¬

169.0 868.0 150.0 69.0 17,&6.

335 865 1026 74 le le Temple de Dieu (vous eſtes ce temple,

344.0 927.0 1027.0 73.0 dit l’Apoſtre) Dieu le deſtruira. A ceux eſt bail¬

340.0 987.0 1030.0 71.0 lé le glaiue, lequel ils portent au coſté: à ceux

341.0 1046.0 1022.0 69.0 eſt recommandé le glaiue de l’eſprit ſeulemẽt,

167.0 1100.0 152.0 102.0 Epheſe.

335 1100 1032 74 aſauoir la Parole du Seigneur, duquel Sainct

339.0 1166.0 1025.0 73.0 Paul arme tous Chreſtiens contre les aſſaux

340.0 1223.0 265.0 74.0 du Diable.

688.0 87.0 320.0 59.0 SECONDE

181.0 923.0 54.0 55.0 19.

171.0 1174.0 62.0 82.0 17.

453.0 1282.0 913.0 74.0 QVE feront donc les particuliers, ſi le

337.0 1343.0 1024.0 70.0 Roy les veut contraindre de ſeruir aux ido¬

336.0 1402.0 1019.0 72.0 les? Si les Magiſtrats, entre les mains deſquels

335.0 1463.0 1026.0 69.0 le peuple a conſigné ſon authorité, ou, ſi les

334.0 1524.0 1025.0 69.0 Magiſtrats des lieux ou demeurent ces parti¬

334.0 1584.0 1025.0 69.0 culiers, s’oppoſent à cela, qu’eux obeiſſent à

331.0 1665.0 1027.0 48.0 Ieurs conducteuis, & employent tous leuis

330.0 1701.0 1028.0 62.0 moyens, comme ſeruans à Dieu, pour aider

328.0 1757.0 1031.0 70.0 Ies ſainctes & louables entrepriſes de ceux qui

327.0 1818.0 1028.0 74.0 s’oppoſent legitimement au mal. Entre au¬

326.0 1883.0 1025.0 67.0 tres ils ont les exemples des Centeniers &

327.0 1940.0 1023.0 79.0 genſdarmes qui ont alaigremẽt obei aux Prin¬

1267.0 2008.0 79.0 58.0 ces
