1436 2338
360 103 101 64 108

642 111 435 58 TROISIESME

356 175 1011 62 ieune Denis tyran de Sicile, confiné à Corin¬

352 239 1019 62 the. Abatez ſeulement la baſe de ce geant &

354 284 1017 80 Coloſſe, il faut que tout le corps donne du nez

352 348 1013 72 à terre & aille par eſclats & menus morceaux.

358 403 1013 82 Veu dõc que le Roy eſt eſtabli en ce degré par

352 465 1019 76 Ie peuple & pour l’amour du peuple, & ne

356 524 1015 81 peut ſubſiſter ſãs le peuple: qui eſt-ce qui trou

354 584 1013 78 uera eſtrange, ſi nous concluons que le peuple

358 641 473 72 eſt par deſſus le Roy?

415 716 954 61 OR, ce que nous diſons de tout le peuple

190 761 156 72 peuple es

368 757 1003 80 vniuerſellement, doit eſtre auſſi entendu, com

366 820 1003 80 me dit a eſté en la ſeconde Queſtion, de ceux

370 882 997 76 qui en tout royaume ou ville repreſentent le¬

368 941 1001 77 gitimement le corps du peuple, & qui ordinai¬

188 954 162 68 les offi¬

188 1009 170 54 ciers de la

366 997 1001 76 rement ſont appellez les Officiers du royau¬

366 1061 1007 76 me ou de la Couronne, & non du Roy. Quant

366 1118 1001 70 aux officiers du Roy, c’eſt luy qui les poſe &

370 1186 995 72 depoſe à ſon plaiſir: meſmes apres ſa mort ils

192 1206 160 58 ment, ou

185 1241 173 70 d’anen an

370 1239 995 74 ne ſont plus rien, & ſont eſtimez cõme morts.

190 1291 160 72 par les E¬

370 1295 995 78 Au contraire, les Officiers du royaume, reçoy¬

360 1356 1003 79 uẽt leur autorité du peuple, en l’aſſemblee ge¬

360 1416 1007 70 nerale des Eſtats: au moins ſouloyent-ils la re¬

364 1472 1007 82 cevoir ainsi aniennem

352 1531 1009 82 deposez que paricelle. Ainsi donc les vns de-

350 1593 1015 80 pendent du Roy, les autres du royaume:ceux là

352 1654 1013 72 du souuerain Officier du royaume, qui est le

350 1710 1011 78 Roy mesme, ceux-ci de la souveraineté du peu

350 1769 1010 81 ple, de laquelle souueraineté & le Roy & tous

348 1831 1012 70 ses Officiers, & tous les Officiers du royaume

354 1889 1004 74 doyuent de pendre.La charge des vns est d'a-

354 1950 1000 84 uoir soin de la personne du Roy, de ceux-ci,

1266 2028 95 60 que

194 716 139 65 Tout le

190 812 164 70 repreſenté

188 872 170 47 ordinaire¬

188 907 156 67 ment par

188 1054 160 70 Courõne,

188 1108 164 59 & extra¬

188 1159 168 47 ordinaire¬

187 1340 136 68 ſtats du

187 1389 153 81 royaume.
