1436 2333
334.0 103.0 96.0 60.0 126

337 158 1026 76 gemẽt des indiuidus, muer en ſorte quelcõque

335 225 1027 70 le droit de ces peuples. Dauantage, s’ils diſent

338.0 286.0 1026.0 67.0 que le Roy tient le Royaume de ſon pere, non

338.0 353.0 1025.0 61.0 point du peuple:ce pere le tiendra de l’ayeul, &

335.0 400.0 1027.0 69.0 ainſi l’vn de l’autre en mõtant cõtre mont. Or

346 454 1016 68 ie demande ſi l’ayeul a peu donner à ſon ſucceſ

341.0 521.0 1024.0 72.0 ſeur autre & plus grand droit que le ſien qu’il

342.0 571.0 1012.0 80.0 auoit? S’il ne l’a peu (comme de fait il n’a peu)

346.0 637.0 1014.0 76.0 void-on pas tout ouuertement, que ce que le

342.0 690.0 1016.0 76.0 ſucceſſeur s’eſt aproprié de plus, il le poſſede

342.0 754.0 1020.0 74.0 en auſſi bõne conſcience qu’vn brigand poſſe¬

342.0 810.0 1018.0 84.0 deroit le bien qu’il auroit volé aux paſſans? Au

342.0 870.0 1018.0 82.0 cõtraire, le peuple a-il pas ſon droit entier de

339.0 938.0 1016.0 71.0 perpetuelle euiction. Encores donc que par

338.0 994.0 1020.0 75.0 quelque tẽps les Officiers d’vn Royaume ayẽt

337.0 1058.0 1021.0 73.0 perdu leur rãg, cela ne peut preiudicier au peu

342.0 1108.0 1020.0 74.0 ple. Mais tout au rebours, cõme lõ ne voudroit

334.0 1174.0 1022.0 74.0 donner audiãce à vn eſclaue, qui pour auoir te¬

336.0 1226.0 1014.0 76.0 nu longuemẽt priſonnier ſon propre maiſtre,

340.0 1287.0 1014.0 77.0 nõ ſeulement ſe vãteroit d’eſtre frãc, mais auſſi

338.0 1343.0 1016.0 78.0 s’attribueroit puiſſance de vie & de mort ſur

338.0 1407.0 1014.0 70.0 ſõ maiſtre: ni ne receuroit-on pourvallables les

342.0 1473.0 1010.0 64.0 excuſes d’vn qui par l’eſpace de trẽte ans n’au¬

342.0 1524.0 1008.0 85.0 roit fait autre choſe que brigãder, ou qui ſeroit

344.0 1584.0 1006.0 74.0 fils d’vn brigãd, s’il vouloit ſe iuſtifier par telle

338.0 1654.0 1010.0 74.0 preſcriptiõ de temps, au cõtraire plus il auroit

340.0 1705.0 1008.0 75.0 paſſé d’annees à faire ce meſchãt train, plus ſe¬

342.0 1759.0 1006.0 78.0 roit-il rigoureuſemẽt chaſtié: ſemblablemẽt le

338.0 1823.0 1008.0 82.0 Prince eſt du tout inſupportable, qui pour a¬

338.0 1880.0 1006.0 87.0 uoir ſuccedé à vn tyrã, ou tenu long tẽps eſcla¬

340.0 1944.0 1006.0 91.0 ue le peuple duquel il a receu la couronne, ou

167 449 163 75 Vlgian.de

171.0 519.0 144.0 66.0 re iuris.

173.0 578.0 96.0 63.0 L54·

640.0 108.0 450.0 55.0 TROISTESME

1237.0 2021.0 110.0 54.0 vio¬
