1417 2338
362 85 62 86 76

360 150 1008 79 & que ceux qui ſe ſouſtrayent de telles domi¬

357 215 1013 73 nations ſe garantiſſent de la tyrannie des ma¬

357.0 272.0 1014.0 72.0 lins eſprits, & abandonnent vne multitude de

357.0 346.0 1011.0 63.0 brigands, non pas la Republique. Mais, pour

357.0 396.0 1014.0 72.0 reprendre le propos de plus haut, ceux qui ſe

360.0 457.0 1010.0 67.0 porteront comme dit a eſté ci deſſus, ne ſem¬

357.0 513.0 1014.0 67.0 blent nullement eſtre accuſables du crime de

354.0 574.0 1016.0 72.0 reuolte. Ceux là quittent le Roy ou la Repu¬

356.0 631.0 1015.0 72.0 blique, qui d’vn cœur ennemi ſe ſouſtrayent de

358.0 692.0 1012.0 71.0 l’obeiſſance du Roy ou de la Republique: au

356.0 750.0 1009.0 74.0 moyẽ dequoy ils ſont tenus pour aduerſaires,

356.0 811.0 1011.0 70.0 & ſouuent ſont beaucoup plus à craindre que

354.0 875.0 1013.0 65.0 tous autres ennemis. Mais ceux dõt nous par¬

356.0 930.0 1010.0 68.0 lons n’ont rien qui aproche de cela. Premie¬

353.0 988.0 1010.0 70.0 rement ils ne refuſent point d’obeir, moyen¬

183.0 1048.0 1183.0 74.0 L.5.D.de nant qu’on leur commande ce qu’ils peuuent

352.0 1100.0 1012.0 80.0 de droit, & que ce ne ſoit choſe contre l’hon¬

352.0 1170.0 1003.0 67.0 neur de Dieu. Ils payent volontiers les tailles,

349.0 1230.0 1013.0 70.0 peages, dons, & charges ordinaires, moyennãt

351.0 1285.0 1011.0 73.0 que cela n’aboliſſe point le tribut qu’ils doy¬

348.0 1344.0 1015.0 70.0 uent à Dieu. Ils obeiſſent à Ceſar, tandis qu’il

345.0 1404.0 1018.0 67.0 commande en qualité de Ceſar: mais quand

349.0 1462.0 1012.0 66.0 Ceſar paſſe ſes limites, quand il veut vſurper

349.0 1526.0 1014.0 69.0 vne domination qui n’eſt pas ſiene, quand il

347.0 1582.0 1016.0 67.0 taſche d’enuahir le throne de Dieu, quãd il fait

348.0 1644.0 1015.0 67.0 la guerre au Seigneur Souuerain de luy & du

351.0 1701.0 1010.0 73.0 peuple, eux eſtimẽt que ce n’eſt pas raiſon d’o¬

348.0 1761.0 1010.0 67.0 beir lors à Ceſar. En apres, à proprement par¬

345.0 1824.0 1013.0 58.0 ler, ils ne font point d’actes d’hoſtilité. C’eſt

348.0 1885.0 1007.0 73.0 eſtre ennemi, quand on irrite, quand on pro¬

704.0 92.0 321.0 66.0 SECONDE

184.0 1110.0 144.0 65.0 cap. mi¬

184.0 1162.0 73.0 70.0 aut.

1205.0 1948.0 154.0 73.0 uoque
