1445 2338
114.0 144.0 1024.0 88.0 ſtre reſolution ayant eſté, que les Rois ſont

116.0 245.0 1018.0 38.0 ofdonnez poul le bien conuir de cous. Cci

118.0 270.0 1017.0 79.0 la preſuppoſé, tout le different eſt vuidé. Car

122.0 331.0 1013.0 78.0 quelle apparence y a-il de dire que le Roy ſoit

118.0 392.0 1012.0 78.0 allé cercher des ſuiets pour les eſgorger puis

118.0 455.0 1008.0 74.0 apres ſi toſt que quelque mouche le piqueroit,

120.0 515.0 1009.0 68.0 & qu’il feroit mourir les premiers rencõtrez,

124.0 571.0 1011.0 75.0 quand ſa cholere luy monteroit en teſte, brief

123.0 631.0 1004.0 76.0 qui porteroit la mort au bout de la langue,

122.0 692.0 1012.0 75.0 comme en parle le Sage. Il ne faut pas en iuger

123.0 753.0 1015.0 74.0 ainſi. On ne trouuera homme qui de ſon bon

131.0 810.0 1008.0 77.0 gré aille remettre ſa vie és mains d’vn autre

128.0 868.0 1014.0 80.0 pour en faire des choux & des paſtez, comme

127.0 931.0 1017.0 74.0 dit le Prouerbe. A peine vn ami, vn frere vou¬

128.0 984.0 1019.0 73.0 dra-il ſe fier de ſa vie à ſon ami ou à ſon frere:

132.0 1046.0 1019.0 77.0 encores moins à vn eſtranger tant habile hom

131.0 1107.0 1021.0 78.0 me puiſſe-il eſtre, veu meſmes que nous voyõs

132.0 1165.0 1019.0 76.0 l’enuie, la haine, la fureur auoir tellement trãſ¬

136.0 1227.0 1015.0 77.0 porté Athanas & Aiax, que l’vn tua ſes enfans,

133.0 1288.0 1022.0 78.0 l’autre penſant auoir eſgorgé ſes compagnons

135.0 1348.0 1018.0 74.0 & ſe voyant deceu, tourna ſa pointe de ſa ra¬

139.0 1405.0 1013.0 78.0 ge & de ſon eſpee contre ſoy-meſme. Or e¬

133.0 1463.0 1022.0 78.0 ſtant ainſi que chaſcun eſt auſsi deſireux de

137.0 1523.0 1019.0 77.0 la conſeruation de ſa vie, qu’amoureux d’i¬

137.0 1583.0 1026.0 74.0 celle, quelle aſſeurance aurez vous, ſi la

141.0 1643.0 1023.0 80.0 pointe d’vn couſteau retenu d’vn petit filet

141.0 1704.0 1019.0 78.0 pend continuellement à plomb ſur voſtre te¬

140.0 1762.0 1023.0 75.0 ſte? Prendrez vous plaiſir à banquetter ou à ri

141.0 1823.0 1022.0 74.0 re, enuironné de telles affres? Mais ſauriez

144 1883 1013 75 vous choiſir vn filet plus delié, que de mettre

146 1943 1010 81 voſtre vie & ſalut entre les mains d’vn hom¬

440.0 97.0 382.0 58.0 QVESTION.

1047.0 93.0 91.0 62.0 149

903.0 2004.0 123.0 69.0 K.iij.
