1417 2333
173 285 161 70 1.Sam.21

182 359 78 40 2Aun

352 103 60 66 78

347.0 149.0 1006.0 85.0 ra, apres s’eſtre repenti & auoir reprins ſon

347.0 225.0 248.0 64.0 bon ſens.

176 397 127 54 2.Sam.

177 445 110 78 25.28.

408 279 948 67 1L faut mettre en ce rang Dauid chef de

346.0 326.0 1006.0 84.0 l’armee d’Iſrael ſous Saul roy furieux. Dauid

344.0 392.0 1004.0 74.0 opprimé de calomnies & faux blaſmes, aguetté

344.0 449.0 1004.0 79.0 de toutes parts, ſe retire & conſerue es monta¬

346 507 1000 85 gnes inacceſſibles, & s’appreſte pour oppoſer

344.0 563.0 1004.0 84.0 les murailles de Ceila à la fureur du Roy. Meſ¬

344.0 624.0 997.0 75.0 mes il attire à ſon parti tous ceux qu’il peut,

344.0 682.0 1010.0 82.0 non pas pour oſter la vie à Saul, comme il eſt

344.0 742.0 1000.0 82.0 bien aparu puis apres, ains pour conſeruer la

344.0 802.0 1000.0 84.0 ſiene. Voila pourquoy Ionathan fils de Saul ne

344.0 861.0 1000.0 79.0 fait difficulté de traiter alliance auec Dauid, &

344.0 919.0 999.0 86.0 la renouueller de fois à autre: ce qui eſt appel¬

344.0 977.0 995.0 82.0 lé l’Alliance de l’Eternel. Et Abigail dit en ter

344.0 1042.0 1000.0 75.0 mes expres, que Dauid eſt aſſailli à tort, & qu’il

344.0 1104.0 995.0 74.0 fait la guerre de Dieu. Il faut auſſi mettre en

344 1168 993 62 ce rang les Machabees qui ayans beau moyen

344 1217 989 77 de faire la guerre, reçoyuent la paix du Roy

344.0 1285.0 997.0 73.0 Demetrius & d’autres, qu’Antiochus leur a¬

340 1335 991 78 voit offerte aupravant : pource que la Reli-

335.0 1401.0 1004.0 75.0 gion leur demeuroit sauue. Nous auons sou-

333.0 1462.0 1010.0 75.0 uenance que ceux qui de nostre temps ont

330.0 1517.0 1004.0 77.0 combatu pour la vray Religion contre l'an-

329.0 1582.0 1007.0 69.0 techrist, en Alemagne & en France, ont posé

327.0 1638.0 1013.0 74.0 les armes si tist qu'on leur a permis de servir

326.0 1696.0 1008.0 75.0 purement à Dieu, & souuent ayant autant de

325.0 1754.0 1007.0 73.0 moyens de s'auancer, & continuer la guerre à

324 1814 1008 73 leur avantage, comme eurent Dauid & les Ma-

324 1871 1007 82 chabees, quand les Philistins contraignirent

683.0 85.0 304.0 69.0 SECONDE

165 1176 162 58 I.Macha.

165 1228 162 84 6.60,&c.

1223 1929 112 100 Saul
