1436 2343
1082 452 168 84 Gen.18225

66 157 1024 78 eſt-i. batu au lieu du pere? C’eſt vn propos

63 223 1027 73 mal aiſé à digerer, diſent les Iuriſconſultes, de

65 283 1024 72 ſouſtenir que les enfans portent la peine deuë

63 344 1025 72 aux pechez de leurs peres. Les loix ne permet¬

63 406 1027 69 tent point que quelqu’vn ſouffre pour la meſ¬

62 458 1020 76 chanceté d’autruy. Or, ia n’auienne, que le iu¬

66 519 1019 75 ge du monde, dit Abraham, deſtruiſe l’inno¬

62 575 1022 71 cent auec le coulpable. Au contraire, dit le Sei

69 643 1006 69 gneur, comme la vie du pere, auſsi la vie du fils

63 702 1011 69 eſt à moy. Le pere ne ſouffrira point pour le

60 751 1018 80 forfait du fils, ni le fils pour le forfait du pere.

60 816 1022 72 La perſonne qui aura peché mourra. Ceſte del

61 879 1028 71 faite donc eſt-elle pas procedee de ce que le

65 941 1023 72 peuple ne s’oppoſoit pas à Saul violant la Loy

61 1000 1031 68 de Dieu, ains luy aplaudiſſoit lors que ce mi¬

61 1059 1032 66 ſerable Prince perſecutoit meſchamment les

65 1116 1028 75 gens de bien, aſauoir Dauid & les Sacrifica

63 1183 433 67 teurs du Seigneur?

1088 572 166 80 Deut.24.

1086 767 172 88 Ezech.18.

1092 833 64 59 20.

1088 639 49 45 16.

1087 682 126 57 2.Rois.

1084 734 102 56 14.6.

387 117 378 43 QVESTTOR.

1027 103 47 68 57

1094 1228 123 99 2.Sam.

1092 1308 82 64 21.1.

113 1243 971 63 DE pluſieurs autres exemples produiſons

60 1296 1020 74 en encores quelques vns. Le meſme Saul, pour

61 1357 1031 73 agrandir les poſſeſsions de la lignee de Iuda,

58 1417 1038 72 rompit la foy publique donnee aux Gabao¬

59 1477 1038 62 nites dés l’entree du peuple en la terre de Cha¬

59 1537 1039 69 naan, & fait mourir tous les Gabaonites qu’il

61 1619 1037 49 peut attraper. Par telle execution Sauſcontre¬

59 1657 1041 59 uenoit au troiſieſme cõmandement, car Dieu

59 1715 1041 63 auoit eſté teſmoin de l’accord: & au ſixieſme

58 1772 1042 72 auſsi, dautant qu’il tuoit les innocens. Il faloit

57 1836 1043 67 maintenir l’autorité des deux tables de la Loy,

58 1896 1038 66 & eſt dit que Saul & ſa maiſon ont commis

59 1955 1033 86 ceſte meſchanceté. Cependant, apres la mort
