1421 2343
46.0 153.0 523.0 79.0 par vn ſe ſoit trouué là.

89.0 218.0 980.0 72.0 DE ce rang ſont en tout royaume bien gou

44.0 295.0 1020.0 48.0 uerné, les Princes, les Officiers de la courone,

42.0 335.0 1020.0 75.0 les Pairs, les grãds Seigneurs, les plus notables,

45.0 394.0 1023.0 77.0 les deputez des Prouinces, deſquels eſt cõpoſé

44.0 454.0 1022.0 75.0 Ie corps ordinaire des Eſtats, ou vne aſſẽblee

45.0 519.0 1023.0 66.0 extraordinaire, ou vn Parlement, ou yne iour¬

44.0 575.0 1026.0 73.0 nee, ou autre aſſemblee, ſelon les noms vſitez

45.0 633.0 1021.0 73.0 és diuers pays du monde: eſquelles aſſemblees

45.0 693.0 1024.0 76.0 il faut pouruoir que la Republique ou l’Egliſe

46.0 756.0 1020.0 70.0 ne reçoyue aucun detriment. Or comme les

48.0 810.0 1020.0 71.0 officiers ſuſnõmez ſont inferieurs au Roy, auſſi

46.0 873.0 1019.0 73.0 eſtans cõſiderez tous enſemble en ce corps ſus

48.0 935.0 1020.0 64.0 mentionné ils ſont ſes ſuperieurs. Car comme

49.0 989.0 1017.0 75.0 les Conciles de Baſle & de Conſtance ont de¬

48.0 1050.0 1016.0 73.0 terminé (& bien determiné) que le Cõcile vni¬

49.0 1110.0 1015.0 73.0 uerſel eſtoit par deſſus l’Eueſque de Rome,

49.0 1170.0 1020.0 74.0 tout ainſi que le Chapitre eſt par deſſus l’Eueſ¬

53.0 1228.0 1015.0 76.0 que, l’Vniuerſité par deſſus le Recteur, la Cour

50.0 1288.0 1019.0 80.0 par deſſus le Preſident, brief celuy à qui toute

53.0 1351.0 1018.0 73.0 vne cõ pagnie dõne autorité eſt touſiours infe

48.0 1409.0 1023.0 74.0 rieur à la cõpagnie, encores qu’il ſoit par deſſus

53.0 1468.0 1020.0 65.0 vn chaſcũ des mẽbres d’icelle: auſſi eſt-ce vne

52.0 1526.0 1023.0 75.0 choſe hors de doute qu’Iſrael, qui a demãdé &

53.0 1589.0 1024.0 66.0 eſtabli vn Roy, cõme gouuerneur du public, eſt

54.0 1647.0 1021.0 75.0 par deſſus Saul eſtabli à la requeſte & pour l’a¬

52.0 1705.0 1029.0 74.0 mour d’Iſrael, cõme il ſera dit encores plus am

56.0 1767.0 1022.0 76.0 plement ci apres. Et pourtant, puis que l’ordre

54.0 1830.0 1027.0 70.0 eſt requis en toutes choſes qui requierent d’e¬

53 1886 1029 69 ſtre bien acheminees, & que ceſt ordre ne ſau¬

54 1944 1028 83 roit eſtre gardé parmi vn ſi grand nombre de

352.0 110.0 391.0 48.0 QVESTIORV

1016.0 95.0 49.0 74.0 63
