1431 2338
79.0 158.0 1011.0 71.0 maintient autant inuiolable que ſa miſericor¬

79.0 220.0 1016.0 67.0 de. Mais dautant qu’en ces derniers temps les

79.0 277.0 1012.0 72.0 ſignes manifeſtes, par leſquels Dieu ſouloit

79.0 340.0 1010.0 65.0 confermer la vocation extraordinaire de ces

77.0 394.0 1014.0 74.0 illuſtres perſonnages, nous defaillent pour la

80.0 455.0 1009.0 72.0 pluſpart: que le peuple auiſe bien qu’en deſirãt

79.0 514.0 1007.0 73.0 trauerſer la mer à pied ſec il ne ſoit guidé par

81.0 575.0 1008.0 67.0 vn impoſteur (comme nous liſons cela eſtre

80.0 636.0 1010.0 66.0 auenu aux Iuifs) qui le face noyer: qu’en cer¬

79.0 694.0 1016.0 71.0 chant vn liberateur il ne ſuiue quelqu’vn qui

79.0 752.0 1016.0 67.0 ayãt chaſſé le tyran ne maintiene luy-meſmes

83.0 813.0 1015.0 70.0 en autre ſorte toute la tyrannie: brief, qu’en

85.0 872.0 1010.0 69.0 voulant ſeruir à la patrie, il ne meſle ſes paſ¬

84.0 935.0 1016.0 67.0 ſions parmi, de peur qu’il ne luy en prene com

85.0 992.0 1015.0 69.0 me à pluſieurs Republiques d’Italie, aſauoir

89.0 1048.0 1011.0 69.0 qu’en penſant chaſſer le mal preſent il n’en

84.0 1109.0 981.0 72.0 attire vn plus grief & du tout inſupportable.

399.0 95.0 378.0 64.0 QVESTION.

1000.0 105.0 89.0 64.0 241

140.0 1180.0 951.0 55.0 EN ſomme, pour mettre fin à ceſte troi¬

87.0 1228.0 1008.0 65.0 ſieſme queſtion, les Princes ſont eſleus de

87.0 1285.0 1007.0 74.0 Dieu, & inſtallez par le peuple. Comme tous

87.0 1348.0 1006.0 71.0 les particuliers vn par vn ſont inferieurs au

87.0 1404.0 1006.0 75.0 Prince: auſsi tout le corps du peuple, & les Of

87.0 1469.0 1006.0 68.0 ficiers du Royaume qui repreſentent ce corps

85.0 1526.0 1008.0 71.0 ſont par deſſus le Prince. En eſtabliſſant & re¬

87.0 1588.0 1006.0 69.0 ceuant le Prince, alliance expreſſe, ou non ex¬

89.0 1645.0 1005.0 72.0 primee de paroles, naturelle, & meſmes ciuile,

87.0 1704.0 1012.0 72.0 ſe traite entre luy & le peuple: aſauoir qu’on

89.0 1763.0 1011.0 73.0 luy obeira s’il commande bien, que tous le ſer

90.0 1822.0 1012.0 71.0 uiront, ſi luy meſmes ſert à la Republique, que

90.0 1882.0 1016.0 72.0 tous ſe lairront gouuerner par luy, s’il ſe laiſſe

96.0 1943.0 1007.0 75.0 gouuerner par les loix: &c. Les Officiers du

855 2010 92 72 Q.j.
