1436 2338
335 95 52 76 58

331.0 149.0 1021.0 80.0 de Saul, & Dauid eſtabli Roy, le Seigneur e¬

333.0 219.0 1025.0 71.0 ſtant enquis reſpond, que c’eſtoit ia la troiſieſ¬

332.0 277.0 1022.0 72.0 me annee que tout le pays d’Iſrael eſtoit affli¬

336.0 336.0 1020.0 74.0 gé de famine à cauſe de ceſte cruauté, & la

332.0 394.0 1020.0 74.0 main du Seigneur ne ceſſa de frapper iuſques à

332.0 453.0 1023.0 71.0 ce que ſept hommes de la maiſon de Saul eu¬

331.0 515.0 1021.0 78.0 rent eſté donnez aux Gabaonites qui les fi¬

331.0 579.0 312.0 66.0 rent mourir.

661.0 92.0 312.0 62.0 SECONDE

161.0 689.0 152.0 65.0 26.D. de

159.0 749.0 110.0 62.0 pænis

159.0 631.0 1195.0 76.0 Larimen. VE V que chaſcun doit porter ſa charge, &

327.0 693.0 1025.0 75.0 que nul n’eſt eſtimé ſucceſſeur du crime d’au¬

328.0 753.0 1024.0 75.0 truy, pourquoy direz vous que tout le peuple

327.0 824.0 1024.0 61.0 d’Iſrael merite d’eſtre puni pour Saul, lequel e¬

327.0 871.0 1024.0 75.0 ſtoit deſia mort, & qui auoit (ce ſemble) enter¬

327.0 928.0 1027.0 79.0 ré le proces quand & ſoy: ſinon dautant que le

327.0 989.0 1024.0 82.0 peuple n’a tenu conte de s’oppoſer à vne meſ¬

326.0 1049.0 1022.0 77.0 chanceté publique & toute aparente, quoy

153.0 1106.0 166.0 86.0 L Sanci-

333 1102 1017 86 qu’il le deuſt & peuſt faire? Voudriez vous

155.0 1172.0 170.0 71.0 mas.C. de

335 1161 1015 85 qu’on chaſtiaſt quelqu’vn, s’il ne l’a merité? Et

333.0 1223.0 1017.0 80.0 en quoy a ici failli tout le peuple, ſinon en ce

327.0 1285.0 1021.0 81.0 qu’il a toleré le peché de ſon Roy? De meſ¬

327.0 1346.0 1023.0 77.0 mes, lors que Dauid commande à Ioab & aux

157.0 1424.0 109.0 56.0 24.2.

323 1400 1023 86 gouuerneurs d’Iſrael, de nombrer le peuple, il

155.0 1467.0 156.0 60.0 1. Chron.

329 1463 1015 80 eſt chargé d’auoir commis vne grande faute.

324.0 1524.0 1023.0 80.0 Car tout ainſi qu’Iſrael auoit prouoqué l’ire

324.0 1583.0 1019.0 78.0 de Dieu en demandant vn Roy, ſur la pruden¬

323.0 1641.0 1022.0 78.0 ce duquel il ſembloit apuyer ſon ſalut, ſembla¬

324.0 1701.0 1021.0 79.0 blement Dauid s’oublioit par trop, en eſpe¬

323.0 1762.0 1022.0 77.0 rant victoire par vne grande multitude de ſu¬

322.0 1823.0 1023.0 74.0 iets. Pource que cela eſt proprement (ſelon le

153.0 1864.0 143.0 94.0 Abacue

327 1876 1015 82 dire du Prophete) ſacrifier à ſes ſilez, & encen¬

322.0 1941.0 1023.0 87.0 ſer aux hameçons, eſpece d’idolatrie abomina¬

155.0 1224.0 112.0 64.0 pænis.

155.0 1376.0 139.0 59.0 2.Sam.

159.0 1522.0 93.0 54.0 21.2.

158.0 1948.0 90.0 66.0 1.16.

1246.0 1992.0 101.0 82.0 ble.
