1421 2338
331.0 79.0 101.0 93.0 196

341 151 1015 73 eſtranger homme de bien eſt à preferer au ci¬

337 214 1025 72 toyen voire au parent. Qu’il nous ſoit auſsi loi

339 274 1021 76 ſible de dire, le Prince qui n’a eſté legitime¬

345.0 333.0 1003.0 74.0 ment eſtabli eſt à preferer en toutes ſortes,

345.0 391.0 1011.0 80.0 moyennant qu’il adminiſtre iuſtice, à celuy

341.0 452.0 1019.0 81.0 qui ſe porte iniquement, encores qu’il ait eſté

339.0 514.0 1021.0 66.0 ſacré auec toutes les ceremonies qu’on ſauroit

341.0 568.0 1019.0 84.0 deſirer. Car puis que les Rois ont eſté ordon¬

341.0 635.0 1019.0 76.0 nez pour paiſtre, iuger, & maintenir le peuple:

341.0 699.0 1017.0 60.0 certainement encores aime-ie mieux qu’vn

337.0 753.0 1021.0 78.0 larron me nourriſſe que d’eſtre mangé par le

335.0 814.0 1024.0 73.0 berger: i’aime mieux qu’vn voleur me face iu¬

332.0 872.0 1026.0 73.0 ſtice, que d’eſtre outragé & violenté par le iu¬

339.0 933.0 1020.0 76.0 ge: il m’eſt trop meilleur d’eſtre gueri par vn

336.0 993.0 1023.0 72.0 empirique qu’empoiſonné par vn medecin

337.0 1052.0 1024.0 72.0 paſſé docteur & habile comme ſa vocation le

341.0 1117.0 1018.0 72.0 porte: il va beaucoup mieux pour moy que

340.0 1171.0 1022.0 66.0 mes biens ſoyent adminiſtrez par vn tuteur à

341.0 1233.0 1020.0 69.0 faux titre, que de les voir gourmander par vn

344.0 1293.0 1017.0 68.0 qui aura eſté creé auec les ſolennitez acouſtu¬

352 1344 1008 78 mees. En apres, encores que l’ambition ſolli¬

352.0 1406.0 1008.0 68.0 cite tellement le tyran ſans titre, qu’il ſemble

352.0 1469.0 1008.0 74.0 bien auoir commencé par violence, ſi eſt-ce

352.0 1525.0 1006.0 76.0 qu’on peut dire auſsi que c’eſt pour faire ſon

356.0 1585.0 1004.0 78.0 deuoir puis apres, teſmoins Cyrus, Ale¬

352 1644 1008 76 xandre, les Romains, qui ordinairement

352.0 1704.0 1008.0 80.0 accordoyent aux peuples par eux ſubiuguez

349.0 1769.0 1012.0 68.0 permiſsion de ſe gouuerner ſelon leurs loix

346.0 1827.0 1013.0 71.0 & couſtumes auec leurs priuileges & franchi¬

345.0 1887.0 1011.0 65.0 ſes: au contraire le tyran par exercice ſemble

346.0 1947.0 1008.0 83.0 ne mettre ſon droit en auant que pour regner

609.0 100.0 431.0 59.0 TROISTESME

177 1350 158 72 Xenoph.

181.0 1417.0 154.0 55.0 Plutarc.

179.0 1461.0 157.0 58.0 in Alex.

177.0 1506.0 158.0 56.0 in AEmi

175 1556 160 66 lio, Cæſa¬

175 1599 175 72 re. Sueton.

179 1658 156 64 in Cæſa¬

184.0 1711.0 129.0 61.0 re.c.75.

1241.0 2014.0 118.0 72.0 auec
