1421 2343
303.0 102.0 62.0 86.0 18

295 177 1019 76 ce temple meſmes. On peut dire ceux là eſtre

304 242 1008 67 vrayement Rois qui regnent auec Dieu, veu

304.0 300.0 1010.0 70.0 que c’eſt par luy que les Rois regnẽt. Au con¬

303.0 373.0 1009.0 59.0 traire quelle beſtiſe eſt-ce de penſer que l’eſtat

304.0 419.0 1002.0 67.0 & le royaume ne puiſſent ſubſiſter, ſi ce tem¬

303.0 472.0 1007.0 77.0 ple n’eſt deſmoli, & ſi Dieu tout puiſſant n’en

303.0 534.0 1007.0 73.0 eſt chaſſé? De là procedent tant d’entreprinſes

303.0 596.0 1004.0 71.0 tyrãniques, tant de morts malheureuſes & tra¬

303.0 653.0 1004.0 74.0 giques des Rois, tant de ruines des peuples. Si

304.0 714.0 1003.0 74.0 les flatteurs ſauoyent quelle differẽce il y a en¬

303.0 773.0 1004.0 69.0 tre Dieu & Ceſar, entre le Roy des Rois & vn

303.0 833.0 1004.0 75.0 ſimple Roy, entre le Scigneur & le vaſſal, quel

303.0 892.0 1000.0 75.0 tribut ce Seigneur requiert de ſes ſuiets, &

303.0 955.0 1003.0 68.0 quelle autorité il donne aux Rois ſur iceux

300.0 1008.0 1002.0 76.0 ſuiets: certainement tant de Princes ne s’ef¬

302.0 1069.0 999.0 75.0 forceroyent pas de troubler le royaume de

302.0 1132.0 995.0 72.0 Dieu, & n’en verroit-on pas aucuns precipi¬

299.0 1189.0 1000.0 71.0 tez de leur throne par le iuſte courroux de

302.0 1245.0 997.0 81.0 Dieu, ſe vẽgeant d’eux au milieu de leurs plus

302.0 1309.0 995.0 78.0 grands efforts. Auſſi le peuple ne ſeroit pas

300.0 1364.0 997.0 75.0 tant foulé, pillé & ſaccagé. C’eſt donc afaire

300.0 1426.0 998.0 70.0 aux Princes de ſauoir iuſques où s’eſtend leur

299.0 1489.0 998.0 71.0 autorité, & aux ſuiets comment ils doyuent o¬

299.0 1550.0 999.0 74.0 beir: de peur que les vns anticipans ſur vne iu¬

298.0 1607.0 996.0 70.0 riſdiction qui ne leur apartient, & les autres

299.0 1666.0 993.0 75.0 obeiſſans à celuy qui leur commande plus a¬

300.0 1727.0 994.0 71.0 uant qu’il ne faut, & reſpondans deuant vn

299.0 1787.0 995.0 67.0 autre iuge, ne ſoyent chaſtiez. Or le but dela

300.0 1844.0 992.0 74.0 queſtion propoſee, dont principalement l’E¬

296.0 1903.0 997.0 82.0 ſcriture ſaincte donnera la reſolution, eſt tel

302 1972 271 72 que s’enſuit.

603.0 119.0 362.0 60.0 PREMTERE

1189.0 2011.0 95.0 84.0 ON
