1455 2338
319 72 63 85 36

321 136 1026 82 & les fait ſeruir à ſon yurongnerie: pource dõc

316 209 1022 70 qu’il ne donne pas gloire à celuy qui tenoit

313.0 268.0 1026.0 72.0 ſon ame & ſes conſeils en main, il eſt tué en la

309.0 348.0 1029.0 50.0 melſe nuict de lon ieſtin & perd Ion royau¬

310.0 387.0 1028.0 72.0 me. Alexandre le grand prenoit plaiſir aux

309.0 446.0 1027.0 73.0 menſonges des flatteurs qui l’apelloyent fils de

310.0 505.0 1026.0 71.0 Iupiter, & ſouſtenoyent qu’on le deuoit ado¬

310.0 566.0 1024.0 67.0 rer: mais vne mort ſoudaine fauche les triom¬

314.0 622.0 1020.0 75.0 phes qu’il commençoit à obtenir ſur le mon¬

315.0 684.0 1019.0 70.0 de. Antiochus, ſous couleur de pacifier & vnir

315.0 742.0 1020.0 68.0 ſes ſuiets, commande à tous de laiſſer les Loix

311.0 802.0 1024.0 72.0 de Dieu, & d’obeir aux ſienes. Il profane le

310.0 863.0 1021.0 70.0 temple des Iuifs, & pollue les autels: mais a¬

311.0 924.0 1020.0 69.0 pres beaucoup de ruines, desfaites & pertes de

310.0 980.0 1022.0 74.0 batailles, deſpouillé & deſnué de forces, il

310.0 1043.0 1022.0 72.0 meurt de regret, confeſſant ces maux luy eſtre

317 1096 1013 76 auenus, pour auoir voulu contraindre les Iuifs

308 1153 1018 86 à quitter leur Religion. Si nous conſiderons la

307.0 1220.0 1020.0 69.0 mort de Neron, cruel meurtrier des Chre¬

307.0 1278.0 1020.0 71.0 ſtiens, qu’il accuſoit d’auoir voulu bruſler Ro¬

307.0 1339.0 1023.0 72.0 me: la fin de Caligula, qui ſe faiſoit àdorer: de

306.0 1398.0 1021.0 74.0 Domitian, qui ſe fit apeller Seigneur & Dieu:

306.0 1462.0 1021.0 69.0 de Commodus & de tant d’autres, qui ſe ſont

302.0 1519.0 1024.0 68.0 voulu aproprier les honneurs deus à Dieu ſeul:

301.0 1584.0 1024.0 65.0 nous trouuerons qu’ils ſont touſiours & tous

303.0 1637.0 1020.0 76.0 peris malheureuſement, comme ils le meri¬

302.0 1706.0 1023.0 60.0 toyent. Au contraire, Traian, Adrian, Anto¬

303.0 1758.0 1023.0 72.0 nin le Debonnaire & autres ont fait aſſez dou

306.0 1821.0 1016.0 68.0 ce fin: car encores qu’ils n’ayent pas conu le

302.0 1879.0 1016.0 69.0 vray Dieu, au moins ont-ils permis aux Chre¬

302.0 1937.0 742.0 85.0 ſtiens l’exercice de leur Religion.

659.0 74.0 364.0 75.0 PREMIERE

149.0 706.0 158.0 72.0 IMacha

153.0 771.0 88.0 65.0 1.43.

142 1108 156 74 1.Macha

142 1172 140 71 6.12,13.

1215.0 1992.0 95.0 75.0 EN
