1440 2343
332.0 83.0 74.0 77.0 62

330 197 1004 39 pouruoir aux aianes, Quand nous parions de

324.0 252.0 1018.0 44.0 tout lepeuple, nous entendons par ce inot

321.0 281.0 1018.0 74.0 ceux qui ont en main l’autorité de par le peu¬

321.0 335.0 1018.0 81.0 ple, aſauoir les Magiſtrats qui ſont inferieurs

318.0 399.0 1019.0 74.0 au Roy, & que le peuple a deleguez, ou eſta¬

320.0 462.0 1015.0 71.0 blis en quelque ſorte que ce ſoit, comme con¬

318.0 518.0 1020.0 72.0 ſorts de l’empire & controlleurs des Rois, &

322.0 579.0 1015.0 71.0 qui repreſentent tout le corps du peuple.

324.0 636.0 1015.0 73.0 Nous entendons auſsi les Eſtats, qui ne ſont

320.0 696.0 1017.0 75.0 autre choſe que l’epitome ou brief recueil du

322.0 756.0 1013.0 74.0 royaume, auſquels tous afaires publics ſe rap¬

324.0 818.0 1011.0 73.0 portent. Tels eſtoyent les Septante anciens

322.0 876.0 1012.0 74.0 au royaume d’Iſrael, deſquels le Souuerain Sa

320.0 934.0 1010.0 76.0 crificateur eſtoit comme Preſident, & qui iu¬

322.0 994.0 1011.0 77.0 geoyent des choſes de plus grande importan¬

321.0 1056.0 1010.0 71.0 ce, ayans eſté premierement prins & choiſis

321.0 1111.0 1008.0 78.0 ſeptante teſtes, ſix de chaſque lignee des dou¬

320.0 1171.0 1009.0 72.0 ze qui eſtoyent deſcendues en Egypte. Puis a¬

317.0 1233.0 1009.0 73.0 pres les chefs ou gouuerneurs des Prouinces.

318.0 1289.0 1008.0 77.0 Item, les Iuges & Preuoſts des villes, les capi¬

315.0 1348.0 1013.0 74.0 taines de mille hommes, les Centeniers & au¬

315.0 1411.0 1013.0 72.0 tres qui commandoyent ſur les familles: les

313.0 1470.0 1012.0 76.0 plus vaillans, nobles & autres perſonnages no

309.0 1528.0 1016.0 76.0 tables, deſquels eſtoit compoſé le corps des

313.0 1586.0 1011.0 74.0 Eſtats, aſſemblez beaucoup de fois, ſelon

315.0 1647.0 1003.0 75.0 qu’il appert par les mots de l’Hiſtoire ſaincte.

322.0 1706.0 999.0 77.0 Quand il eſt queſtion d’eſlire le premier Roy,

312 1766 1008 74 aſauoir Saul, tous les anciens d’iſrael s’aſſem¬

309 1824 1012 72 blerent en Rama. It em, Et tout Iſrael fut aſ¬

309 1884 1013 68 ſemblé:ou, tout luda & Beniamin, & c. Or n’eſt

312 1945 1008 89 il pas vray-ſemblable que tout le peuple vn

656.0 88.0 317.0 70.0 SECONDE

139.0 1711.0 127.0 78.0 1.Sam.

141.0 1785.0 82.0 90.0 8.4.

1232.0 2004.0 83.0 83.0 par
