1407 2343
82.0 145.0 1011.0 78.0 ſe corrompre le pur ſeruice de Dieu: & au lieu

83.0 214.0 1011.0 71.0 de ſupporter les crimes commis publiquemẽt

82.0 269.0 1011.0 70.0 contre la Maieſté diuine, il oſtera ſoigneuſe¬

82.0 334.0 1012.0 66.0 ment toutes les occaſions dont les perſonnes

83.0 391.0 1011.0 72.0 ſe pourroyent couurir pour excuſer leur fau¬

83.0 451.0 1011.0 69.0 te. Nous liſons cela auoir eſté pratiqué par

85.0 508.0 1008.0 71.0 tout Iſrael par arreſt des eſtats de tout le peu¬

87.0 566.0 1003.0 75.0 ple pour ſe plaindre à ceux de deça le Iordain

85.0 630.0 1008.0 67.0 touchant l’autel qu’ils auoyent dreſſé, & par le

87.0 685.0 1004.0 72.0 Roy Ezechias qui fit briſer le ſerpent d’airain.

85.0 744.0 1005.0 73.0 Et pourtant il eſt loiſible à Iſrael de faire te¬

85.0 808.0 1008.0 70.0 ſte au Roy s’il veut renuerſer la Loy de Dieu

85.0 865.0 1004.0 69.0 & abolir l’Egliſe: & non ſeulement cela, mais

87.0 924.0 1004.0 70.0 auſsi doit-il ſauoir qu’à faute de le faire il ſera

88.0 986.0 1003.0 67.0 coulpable de meſme crime, & en portera les

88.0 1045.0 999.0 66.0 coups auec ſon Roy. S’il eſt aſſailli de parole,

87.0 1105.0 1007.0 70.0 il reſiſtera de parole, ſi par armes, il prendra

88.0 1166.0 1008.0 66.0 les armes, combatant de la langue & de la

88.0 1227.0 1006.0 66.0 main:voire meſmes par embuſches & contre¬

85.0 1282.0 1001.0 74.0 mines, ſi on le veut ſurprendre, n’y ayant inte¬

1094.0 1290.0 164.0 84.0 Auguſtin

91.0 1343.0 995.0 66.0 reſt en guerre legitime, de combatre à deſcou

1098.0 1349.0 129.0 64.0 Ioſuam.

89.0 1399.0 997.0 69.0 uert ou à couuert: en telle ſorte que lon diſtin

1092 1397 125 69 23.4.2.

95.0 1463.0 985.0 70.0 gue touſiours ſoigneuſement le dol d’auec la

95.0 1521.0 815.0 73.0 perfidie laquelle eſt touſiours illicite.

402.0 91.0 389.0 63.0 QVESTION.

1038.0 96.0 61.0 73.0 61

149.0 1580.0 944.0 73.0 MAIS ie voy bien qu’on me fera ici vne

93.0 1640.0 1002.0 72.0 obiection. Quoy, direz-vous? faudra-il que

93.0 1696.0 995.0 78.0 toute vne populaſſe, ceſte beſte qui porte vn

1092 1700 174 84 Ce qui eſt

95.0 1755.0 993.0 68.0 million de teſtes, ſe mutine & accoure en de¬

1092 1763 144 58 entendu

91.0 1817.0 995.0 71.0 ſordre pour donner ordre à ce que deſſus?

1092 1808 152 70 par le nõ

97.0 1879.0 992.0 70.0 Quelle adreſſe y a-il en vne multitude desbri¬

96.0 1940.0 998.0 80.0 dee? quel conſeil & quelle prudence pour

1095.0 1452.0 167.0 56.0 Dominus.

1094.0 1493.0 168.0 63.0 L..D.de

1096.0 1542.0 164.0 74.0 dolo malo.

1102.0 1863.0 162.0 80.0 de peuple.
