1417 2338
335.0 85.0 100.0 64.0 194

339 153 1007 63 ſtre aſſez que les Rois ſont eſtablis par le peu¬

338 207 1014 70 ple à ceſte condition qu’ils gouuerneront

343 261 1007 70 deuëment: qu’ils ſont eſtablis iuges, pour faire

337 319 1013 74 iuſtice, & chefs de guerre pour conduire leurs

335 388 1017 64 armees contre l’ennemi. Si au contraire eux

336 441 1017 70 meſmes fourragent & ſaccagent, ils deuienent

336 501 1014 66 ennemis: & comme ils ne ſe monſtrent pas

338 559 1011 72 Rois, auſsi ne doiuent-ils pas eſtre auouëz ni

336 623 1010 66 reconus tels par le peuple. Mais que ſera-ce,

336 680 1012 70 repliquerez-vous, ſi le Prince ayant matté par

336 739 1012 72 violence quelque peuple, le cõtraint de luy iu¬

334 797 1010 71 rer fidelité? Et que ſeroit-ce, reſpondray-ie,

334 858 1014 73 ſi vn brigand, vn courſaire, vn tyran, auec qui

335 922 1011 62 lon ne peut auoir communication quelcon¬

336 978 1009 74 que, tenant le poignard ſur la gorge du pre¬

332 1036 1012 71 mier rencontré le contraint de s’obliger à luy

331 1093 1013 76 d’vne grande ſomme de deniers? Eſt-ce pas

334 1157 1010 66 vn dire commun, qu’vne promeſſe tiree par

330 1211 1014 74 force n’oblige point? ſur tout ſi lon promet

335 1275 1010 71 quelque choſe contre les bonnes mœurs &

330 1330 1014 71 contre le droit de nature? Y a-il choſe plus re¬

331 1393 1013 73 pugnante à nature, que de voir vn peuple ſe

328 1453 1016 66 mettre les fers aux pieds & aux mains, pro¬

327 1515 1017 64 mettre à vn Prince de preſenter le goſier à la

332 1569 1007 71 pointe de l’eſpee, voire de ſe tuer ſoy-meſme?

327 1628 1015 73 Ie di donc qu’il y a mutuelle obligation entre

326.0 1691.0 1011.0 70.0 le Roy & le peuple, laquelle, quoy que ciuile,

323.0 1752.0 1017.0 61.0 ou naturelle ſeulement, ou non exprimee, ou

321.0 1805.0 1018.0 71.0 declairee en paroles expreſſes, ne peut eſtre en

319.0 1863.0 1020.0 72.0 ſorte que ce ſoit abolie, ni enfrainte en vertu

321.0 1922.0 1012.0 73.0 d’aucune loy, ni reſcindee par violence quel¬

312.0 1984.0 1014.0 78.0 conque. Que ceſte obligation eſt de ſi grande

639.0 85.0 442.0 63.0 TROISIESME
