1445 2338
87 159 1004 79 que le pilote qui aimeroit mieux prendre vne

83.0 220.0 1008.0 76.0 route à ſa fantaſie, que la dreſſer ſelon ſon ai¬

87.0 285.0 1004.0 70.0 guille & charte marine. Qui doute que ce ne

83.0 341.0 1013.0 72.0 ſoit choſe plus vtile & honneſte d’obeir à la

84.0 401.0 1011.0 74.0 Loy, qu’au Roy qui n’eſt qu’vn homme? La

83.0 459.0 1008.0 74.0 Loy eſt l’ame du bon Roy, elle luy donne

81.0 522.0 1010.0 70.0 mouuement, ſentiment & vie. Le Roy eſt l’in¬

81.0 579.0 1011.0 71.0 ſtrument & comme le corps par lequel la Loy

84.0 637.0 1012.0 73.0 deſploye ſes forces, exerce ſa charge, & expri¬

81.0 698.0 1018.0 72.0 me ſes conceptions. Or c’eſt choſe trop plus

83.0 758.0 1017.0 70.0 raiſonnable d’obeir à l’ame qu’au corps. La

83.0 815.0 1020.0 76.0 Loy eſt la raiſon & ſageſſe de pluſieurs ſages

80.0 876.0 1020.0 72.0 recueillie en peu de mots. Or pluſieurs voyent

83.0 935.0 1013.0 74.0 plus clair & plus profond qu’vn ſeul. C’eſt

81.0 997.0 1013.0 68.0 donc bien le plus ſeur de ſuiure la Loy que

80.0 1053.0 1015.0 74.0 l’homme, tant aigu puiſſe-il eſtre. La Loy eſt

84.0 1117.0 1012.0 67.0 vne raiſon ou intelligence deliure de tout

81.0 1176.0 1013.0 69.0 trouble, non ſuiette à s’eſmouuoir par cho¬

80.0 1236.0 1011.0 70.0 lere, ambition, haine, ou acception de per¬

81.0 1296.0 1014.0 67.0 ſonnes: les prieres ni les menaces ne la ſau¬

79.0 1353.0 1011.0 71.0 royent fleſchir. Au contraire l’homme, quoy

84.0 1411.0 1007.0 72.0 que participãt de raiſon, ſe laiſſe abatre & em¬

83.0 1476.0 1008.0 68.0 porter ſouuent, par courroux, appetit de ven¬

79.0 1531.0 1012.0 73.0 geance & autres paſsions qui le brouillent de

77.0 1589.0 1014.0 77.0 telle ſorte qu’il n’eſt plus à ſoy, pource que

77.0 1650.0 1010.0 69.0 eſtant compoſé de raiſon & de concupi¬

77.0 1710.0 1009.0 73.0 ſcence deſreiglee, il ne ſe peut faire que

80.0 1774.0 1003.0 66.0 par fois la concupiſcence ne demeure mai¬

76.0 1822.0 174.0 73.0 ſtreſſe.

424.0 116.0 371.0 47.0 Zv Di PTOIe

1021.0 102.0 58.0 65.0 137

139.0 1888.0 944.0 65.0 SVIVANT cela nous voyons Valenti¬

72.0 1950.0 1010.0 86.0 nian, autrement bon Empereur, permettre
