1436 2338
63 153 1014 76 que la Republique ne reçoyue dõmage quel¬

62 218 1014 69 conque: ceux-là doyuent aſſiſter & ſeruir le

61 276 1015 69 Roy, comme tous ſeruiteurs domeſtiques ſont

61 336 1015 67 obligez enuers leurs maiſtres: ceux-ci, de con¬

59 392 1020 74 ſeruer les droits & priuileges du peuple, & d’em

63 449 1018 78 peſcher ſoigneuſement que le Prince n’ob¬

62 514 1016 70 mette ou commette quelque choſe au dom¬

62 570 1017 74 mage du public. Brief les vns ſont ſeruiteurs

63 631 1013 70 & domeſtiques du Roy, & receus en leurs e¬

62 691 1016 72 ſtats pour obeir à ſa perſonne: les autres au cõ¬

63 748 1014 72 traire ſont comme Aſſeſſeurs du Roy en l’ad¬

64 806 1013 75 miniſtration de iuſtice, participans de l’auto¬

64 867 1017 73 rité & puiſſance royale, eſtans tenus de mettre

66 931 1012 66 la main au maniement des afaires de l’Eſtat,

64 987 1018 72 ne plus ne moins que le Roy, lequel toutesfois

67 1046 1016 65 eſt comme Preſident au milieu d’eux, & tient

64 1106 1019 73 ſeulement le premier degré. Or comme tout le

67 1165 1019 78 corps du peuple eſt par deſſus le Roy, ſembla¬

66 1227 1017 70 blement ceux-ci conſiderez enſemble & com¬

66 1284 1019 75 me en vn corps ſont par deſſus le Roy, encores

71 1345 1010 75 que cõſider ez vn par vn ils ſoyent tous au deſ¬

71 1407 285 69 ſous de luy.

378 103 387 55 QVESITON.

983 93 92 64 109

122 1470 957 63 LON peut aſſez conoiſtre iuſques où s’eſt

68 1515 1011 76 eſtendue la puiſſance des premiers Rois, de ce

75 1582 1014 74 qu’Ephron Roy des Hethiens, n’oſe octroyer

71 1640 1018 69 droit de ſepulture à Abraham, ſans le conſen¬

72 1701 1020 70 tement du peuple: & Hemor Heuien Roy de

71 1759 1021 71 Sichem n’a oſé entreprendre de traiter allian¬

72 1819 1019 72 ce auec Abraham, ſans le meſme conſentemẽt:

77 1902 1014 50 pource que c’eſtoit la couſtume de rapporter

74 1939 1012 84 à l’aſſemblee du peuple les afaires plus impor¬

1095 1451 140 88 Geneſaz

1095 1515 97 67 & 34
