1402 2338
350.0 97.0 84.0 62.0 218

349.0 173.0 1008.0 70.0 mais le tyran plus il eſt ſupporté, plus il ſe

350.0 222.0 453.0 79.0 rend inſupportable.

407.0 296.0 956.0 60.0 OVTREPLVS, cõme le Prince ne peut de

346.0 345.0 1019.0 71.0 droit faire tout ce qu’il luy plaiſt: auſsi ſouuen¬

350.0 419.0 1014.0 58.0 tesfois n’eſt-il pas expedient que le peuple fa¬

350.0 468.0 1015.0 68.0 ce ce que le droit luy permet de faire: pource

354.0 524.0 1009.0 74.0 qu’il peut auenir que le remede ſera plus dan¬

350.0 589.0 1016.0 68.0 gereux que la maladie meſme, tellement qu’il

353.0 642.0 1011.0 71.0 vaudra mieux tẽter & eſſayer tous autres moy¬

349.0 703.0 1017.0 71.0 ens deuãt que venir aux armes. Si dõc ceux qui

346.0 761.0 1018.0 70.0 repreſentent le peuple voyent que lon machi¬

348.0 818.0 1017.0 66.0 ne contre l’Eſtat, ou que meſmes on vſe deſia

346.0 879.0 1019.0 70.0 de violence manifeſte, leur deuoir eſt premie¬

346.0 940.0 1020.0 64.0 rement d’auertir le Prince, ſans attendre que

349.0 994.0 1020.0 73.0 le mal s’augmente & ſe rende irremediable. La

353.0 1059.0 1017.0 71.0 tyrãnie reſſemble à vne fieure hectique, laquel

354.0 1118.0 1014.0 70.0 le du commencement eſt aiſee à guerir, mais

357.0 1178.0 1013.0 68.0 mal aiſee à conoiſtre: puis apres on la conoiſt

357.0 1235.0 1013.0 70.0 aſſez, mais elle ſe rend incurable. Et pourtant

357.0 1293.0 1012.0 76.0 les Eſtats ſerõt ſoigneux d’y remedier de bon¬

357.0 1354.0 1017.0 74.0 ne heure, n’omettans rien qui ſoit pour ceſt ef

358.0 1413.0 1015.0 74.0 fect. Si le Prince pourſuit, & ne ſe ſoucie point

358.0 1471.0 1010.0 74.0 des diuerſes remonſtrances qu’on luy aura fai¬

361.0 1531.0 1009.0 67.0 tes, ains viſe ſeulemẽt à ce but de pouuoir cõ¬

359.0 1593.0 1013.0 73.0 mettre impunément tout le mal qui luy plaira:

358.0 1654.0 1012.0 73.0 alors il eſt coulpable de tyrãnie, & peut-on pra

361.0 1711.0 1012.0 74.0 tiquer cõtre luy tout ce que le droit & vne iu¬

359.0 1767.0 1014.0 73.0 ſte violẽce permettent cõtre vn tyran. Nõ ſeu¬

361.0 1828.0 1011.0 77.0 Iement la tyrannie eſt vn crime, ains le chef &

364.0 1885.0 995.0 75.0 cõme le comble de tous autres crimes. Le ty¬

362.0 1940.0 1006.0 94.0 ran renuerſe l’Eſtat, brigande tous les ſuiets,

656.0 105.0 438.0 58.0 TROISTES ME

1281.0 2020.0 99.0 51.0 met
