1450 2338
713 90 366 69 PREMIERE

364.0 107.0 45.0 62.0 32

357.0 151.0 1015.0 80.0 l’amour du Loup & de l’Antechriſt ont fait la

357.0 218.0 1017.0 72.0 guerre à l’Aigneau de Dieu, aſauoir à Ieſus

357.0 281.0 1016.0 68.0 Chriſt: comme encores auiour d’huy quelques

357.0 340.0 1013.0 60.0 vns d’entre eux continuent ce train. Nous en

354.0 401.0 1018.0 64.0 auons veu certains exterminez ſur le fait & au

354.0 455.0 1015.0 68.0 mili eu de leur delict: d’autres auſsi emportez

354.0 515.0 1016.0 75.0 de leur triomphe au tõbeau. Ceux qui ſuruiuẽt

356.0 579.0 1010.0 66.0 & les enſuiuent ne peuuent eſperer mieux: car

354.0 637.0 1011.0 69.0 ceſte ſentence demeure touſiours ferme, quoy

358.0 702.0 1010.0 55.0 que tous les rois de la terre coniurent contre

358.0 753.0 1010.0 70.0 Chriſt & taſchent de mettre en pieces noſtre

358.0 813.0 1008.0 72.0 Aigneau, ſi faut-il qu’en fin ils quittent la pla¬

368 867 998 83 ce, & confeſſent (maugré bon gré) que ceſt Ai¬

364 929 1000 88 gneau eſt le Roy des rois, & Dominateur des

364 993 314 76 dominateurs.

415.0 1050.0 945.0 74.0 MAIS que dirons nous des rois Payens?

353.0 1114.0 1011.0 70.0 Certainement, encores qu’ils ne ſoyent pas

349.0 1171.0 1012.0 72.0 oincts & ſacrez de Dieu, ſi ſont-ils ſes vaſſaux,

348.0 1232.0 1014.0 69.0 & ont receu de luy leur puiſſance, ſoit qu’ils

348.0 1294.0 1014.0 69.0 ayent eſté eſleus au ſort, ou par quelque autre

346.0 1366.0 1015.0 57.0 maniere que ce ſoit. S’ils ont eſté eſleus par les

353.0 1410.0 1008.0 72.0 voix d’vne aſſemblee, nous diſons que Dieu

353.0 1472.0 1008.0 74.0 gouuerne & adreſſe où il luy plaiſt les armes

348.0 1531.0 1014.0 70.0 des hommes. Si c’eſt par ſort, le ſort eſt ietté au

350.0 1585.0 1008.0 82.0 giron, dit le Sage, & ſon iugement eſt de par le

346.0 1654.0 1011.0 67.0 Seigneur. C’eſt Dieu ſeul, qui en tous temps e¬

356 1702 1000 78 ſtablit, & oſte, affermit & renuerſe les rois, ſe¬

356 1765 1002 74 lon que bon luy ſemble. En ceſt eſgard, Iſaie

348 1833 1010 72 appelle Cyrus l’Oinct du Seigneur: & Daniel

346.0 1889.0 1011.0 73.0 dit que Nebucadnezar & les autres ont eſté

346.0 1945.0 1011.0 91.0 poſez en charge de par Dieu: comme auſsi

190.0 886.0 164.0 74.0 Pſal2.2.

192.0 944.0 162.0 65.0 Pſ.110.2.

190.0 995.0 168.0 68.0 Ap.19.16.

181.0 1589.0 154.0 61.0 Prouerb.

183.0 1641.0 102.0 56.0 16.33.

175.0 1702.0 166.0 90.0 Ifai.45.1

177.0 1776.0 164.0 63.0 Dan.2.21

175.0 1829.0 148.0 68.0 & 4.24.

1205.0 2004.0 155.0 91.0 Sainct
