1440 2338
340 96 109 70 144

335 138 1032 88 Auguſte fut exempté de l’obeiſſance des loix:

335 207 1034 81 ſi eſt-ce que Theodoſe & tous les autres bons

332 264 1035 82 & raiſonnables Empereurs ont declairé qu’ils

335 327 1036 80 eſtoyent obligez aux loix, afin que ce qui auoit

336 416 1032 50 eſté extorque pai violence, ne luit receu pour

340 442 1025 85 droit eſcrit. Quant à Auguſte, puis que la Re¬

345 506 1022 83 publique Romaine auoit eſté acablee par les

344 568 1023 78 armes & par la violence d’iceluy, elle ne pou¬

345 622 1023 80 uoit rien dire librement, ſinon qu’elle auoit

345 681 1022 85 perdu ſa liberté. Et dautant qu’elle n’oſoit pas

341 742 1026 86 appeller Auguſte tyran, le Senat dit qu’il eſt e¬

343 802 1025 81 xempt de l’obeiſſance des loix, qui eſt autant

339 858 1030 81 comme de dire que ceſt Empereur viuroit deſ

337 922 1030 79 reiglément & deſordonnément. Le meſme

337 985 1028 76 droit que deſſus a touſiours eu vigueur en tous

339 1040 1025 79 les Royaumes & Eſtats publies bien policez

340 1096 1023 76 de la Chreſtienté. Car ni l’Empereur, ni les

340 1157 1022 86 Rois de France, d’Eſpagne, d’Angleterre, de

339 1217 1024 83 Pologne, de Hongrie, ni les vrais Princes, l’Ar¬

337 1275 1026 81 cheduc d’Auſtriche, le Duc de Brabant, les

340 1336 1020 82 Contes de Flandres & de Hollande, ni les au¬

339 1400 1023 78 tres Princes, ne ſont receus au gouuernement

339 1456 1023 84 de leurs eſtats, que premierement ils n’ayent

341 1511 1019 89 promis aux Electeurs, Pairs, Palatins, Sei¬

340 1572 1023 86 gneurs, Barons & Gouuerneurs, qu’ils rendrõt

336 1631 1026 86 Ie droit à chaſcun ſelon les loix du pays, voire

335 1693 1021 85 ſi eſtroittement, qu’ils ne ſauroyent changer

336 1754 1022 78 les priuileges des Prouinces, ni pas meſme les

334 1814 1024 79 droits municipaux des villes, ſans l’auis & con¬

332 1870 1024 83 ſentement d’icelles villes & prouinces. S’ils le

335 1928 1021 94 font, ils ne ſont pas moins criminels de leſe

665 92 448 53 TROISTESME

1160 1988 194 90 Maieſté
