1412 2343
49.0 149.0 1038.0 85.0 fut depoſé de l’Empire d’Alemagne, l’an mil

52.0 219.0 1027.0 73.0 deux cens nonante-ſix, pource que par auarice

52.0 272.0 1025.0 78.0 il auoit aſſailli le Roy de France en faueur de

50.0 334.0 1027.0 76.0 celuy d’Angleterre: & VVenceſlas fut auſsi

52.0 393.0 1018.0 76.0 depoſé l’an mil quatre cens. Encores ces Prin¬

53.0 451.0 1019.0 78.0 ces n’eſtoyent pas meſchans, ains du nombre

1085.0 492.0 159.0 78.0 Froiſſard,

50.0 505.0 1014.0 78.0 des moins mauuais. Elizabet femme d’E¬

54.0 566.0 1010.0 84.0 douard ſecond aſſembla le Parlement d’An¬

54.0 630.0 1020.0 80.0 gleterre contre ſon mari, lequel y fut depoſé à

53.0 691.0 1024.0 75.0 cauſe qu’il tyranniſoit ſes ſuiets, & faiſoit

53.0 751.0 1024.0 74.0 mourir les Seigneurs ſans conoiſſance de cau¬

54.0 809.0 1024.0 77.0 ſe. Il n’y a pas long temps que Chriſtierne a

58.0 869.0 1021.0 74.0 perdu la couronne de Dannemarch, Henri

56.0 926.0 1017.0 74.0 celle de Suede, Marie Stuard celle d’Eſcoſſe:

56.0 987.0 1025.0 79.0 & les hiſtoires dignes de foy teſmoignent plu

54.0 1047.0 1021.0 78.0 ſieurs tels changemens eſtre auenus és Roy¬

56.0 1110.0 1019.0 79.0 aumes de Pologne, Hongrie, Eſpagne, Portu¬

65.0 1179.0 314.0 66.0 gal & autres.

353.0 97.0 381.0 70.0 QVESTION.

996.0 89.0 82.0 65.0 229

1081.0 550.0 141.0 63.0 lin.1.c.1.

112.0 1226.0 965.0 74.0 MAIS que dirons-nous du Pape meſmes?

61.0 1287.0 1020.0 75.0 On tiẽt que les Cardinaux, pource qu’ils l’ont

58.0 1345.0 1020.0 69.0 eſleu, ou (à leur defaut) les Patriarches qui ſe¬

58.0 1408.0 1021.0 71.0 condent les Cardinaux, peuuent en deſpit de

56.0 1462.0 1012.0 84.0 luy & pour certaines raiſons aſſembler le Con

1085 1448 147 69 Aut.de

61.0 1528.0 1003.0 74.0 cile, & y iuger le Pape: comme ſi par vn no¬

58.0 1577.0 1008.0 80.0 toire delict il ſcandalize l’Egliſe vniuerſelle,

1089 1601 141 66 ſitum eſt

60.0 1642.0 1008.0 68.0 s’il eſt incorrigible, ſi la reformation eſt autant

1087 1653 164 55 inter cõſil.

60.0 1700.0 1008.0 82.0 neceſſaire au chef qu’aux membres, ſi contre¬

1087 1698 98 61 Paul.

61.0 1759.0 1009.0 75.0 uenant à ſon ſerment il refuſe d’aſſembler le

65.0 1823.0 1005.0 73.0 Concile. Au reſte, nous liſons que pluſieurs

60.0 1874.0 1004.0 88.0 Papes ont eſté depoſez par l’autorité du Con¬

1087 1890 166 68 incip. viſo

60.0 1934.0 1008.0 98.0 cil e. Mais s’ils abuſent obſtinement de leur

1087 1942 127 76 puncto.

1087.0 1509.0 166.0 56.0 Butr. Con

1087.0 1548.0 168.0 76.0 ſil quod po

1087.0 1739.0 164.0 69.0 de Caſtro,

1089.0 1802.0 166.0 58.0 vol. antiq.

1087.0 1850.0 166.0 53.0 num.412.

815.0 2007.0 129.0 71.0 P.iij.
