1440 2338
92 159 1013 82 ſtions ſuffiſent pour refuter les Machiauelli¬

96 224 1007 78 ſtes & leurs eſgrits, qui par leurs conſeils per¬

94 285 1010 72 nicieux ſont cue que l’eſtat eſt diuiſé en tant

94 345 1009 75 de diſſenſions ciuiles, partialitez & remuemẽs:

93 406 1007 71 & que ce ſont ici comme les principes tresfer¬

93 465 1007 66 mes, ou les colomnes, ou les reigles pour bien

92 523 1007 73 reformer l’eſtat, ſpecialement en ce temps, &

94 583 1006 74 pour redreſſer & remettre en ſa premiere ſplẽ¬

93 646 1009 72 deur le legitime gouuernement: qui me fait

93 705 1010 75 croire que ces Queſtions donneront grand

97 826 295 68 gnans Dieu.

407 111 343 60 PREFACE.

96 765 1003 72 contentement autt hommes ſages & crai¬

150 881 942 73 OR combien que ie preſume que quelques

90 940 1010 67 Machiauelliſtes ou eſclaues des tyrans s’eſle¬

89 1006 1009 66 ueront contre Brutus: toutesfois dautant que

92 1066 1006 69 ce ſera à cauſe qu’ils craignent que leurs me¬

89 1120 1009 70 ſchantes pratiques ne ſoyent deſcouuertes &

92 1185 1011 69 deteſtees par vous, ſi vous daignez conſiderer

92 1245 1007 68 les raiſons principales de ces queſtions, & que

93 1302 1007 68 vous, Meſſeigneurs, ferez conoiſtre leur mali¬

90 1365 1005 68 ce à tout le monde: à quel propos Brutus gen¬

89 1420 1010 71 tilhomme de bõ cœur ſe ſoucieroit-il de leurs

89 1479 1014 73 choleres & detractions? Il a occaſion de ſe reſ¬

89 1541 1013 72 iouir, quand par ſa diligence & eſtude les in¬

90 1602 1012 68 iuſtices, meſchancetez, rapines & fraudes des

89 1661 1016 66 Machiauelliſtes ont eſté finalement deſcou¬

90 1723 1015 68 uertes, pour le ſalut euident des Rois & des

90 1779 1018 74 peuples, qui eſt vne choſe à quoy lon ſe doit

90 1840 1018 70 employer de tout ſon pouuoir. S’ils diſẽt qu’il

93 1896 1011 73 propoſe doctrine fauſſe, c’eſt à eux à le mon¬

89 1961 1011 76 ſtrer. Mais ie vous prie, par quel bout com¬

1048 109 47 66 9

1116 891 97 75 I1I.
