1455 2338
85 153 1022 84 auoit pas dauantage de teſmoins. Cela eſt a¬

87 220 1024 76 uenu du temps de Henri ſecond en la perſon¬

85.0 294.0 1028.0 60.0 ne d’vn quidam eſtranger, accuſé d’vn grand

84.0 379.0 1031.0 36.0 lollale pal le Roy memme.Et nqueique ciie

81.0 403.0 1037.0 72.0 nel a obtenu pardon du Roy par l’interceſsion

83.0 463.0 1035.0 72.0 de quelques amis, le Chancellier ayant conu

83.0 524.0 1030.0 63.0 du fait peut canceller les lettres. Si le Chancel¬

79.0 581.0 1038.0 72.0 lier diſsimule, encores faut-il que l’impetrant

79.0 644.0 1035.0 69.0 ſe preſente aux iuges, leſquels doiuent conſi¬

79.0 701.0 1034.0 69.0 derer ſoigneuſement ſi les lettres ſont ſubre¬

80.0 761.0 1033.0 70.0 ptices, & non ſeulement cela, mais auſsi ſi elles

79.0 822.0 1035.0 71.0 ſont ciuiles & legitimes. Quant au criminel, il

77.0 884.0 1033.0 68.0 ne ſe peut aider de ſes lettres que premiere¬

72.0 942.0 1037.0 72.0 ment il ne ſoit comparu au parquet de la iu¬

72.0 1002.0 1033.0 68.0 ſtice, mettant les genoux en terre, ayant la te¬

70.0 1058.0 1032.0 72.0 ſte nue, & ſe rendant priſonnier, tandis qu’on

74.0 1119.0 1026.0 69.0 peſe les raiſons qui ont induit le Roy à don¬

70.0 1178.0 1031.0 68.0 ner ceſte grace. Si elles ne ſont ſuffiſantes, le

70.0 1236.0 1032.0 74.0 criminel eſt puni ne plus ne moins que ſi le

71.0 1297.0 1033.0 75.0 Roy ne luy auoit point pardonné. Mais ſi on

68.0 1357.0 1031.0 69.0 les enterine, il doit remercier non pas le Roy,

68.0 1417.0 1036.0 72.0 mais l’equité de la Loy qui luy a ſauué la vie.

70.0 1478.0 1030.0 68.0 Ces procedures ont eſté tresbien ordonnees,

67.0 1535.0 1039.0 73.0 partie pour empeſcher les Rois armez de l’au¬

64.0 1595.0 1042.0 76.0 torité publique de ſe venger de leurs inimi¬

64.0 1657.0 1040.0 66.0 tiez particulieres ou de quitter de ſon propre

63.0 1718.0 1039.0 70.0 mouuement les outrages faits au public: partie

67.0 1778.0 1034.0 71.0 pour garder que les ſuiets n’eſtimaſſent que

61.0 1836.0 1036.0 70.0 lon pourroit obtenir quelque choſe des Rois

63.0 1893.0 1034.0 72.0 au preiudice des loix. Si ces choſes ſont mal

62.0 1952.0 1035.0 78.0 obſeruees de noſtre temps, toutesfois ce que

419.0 107.0 390.0 60.0 QVESTION.

1039.0 109.0 64.0 79.0 153
