1440 2338
340.0 94.0 30.0 70.0 8

337 151 1006 86 gẽtilhomme docte & ſage, deuiſoit auec moy,

335 220 1010 72 il y a enuiron deux ans des miſeres de la Fran¬

335 280 1011 74 ce: apres auoir amplement diſcouru de part &

334 337 1013 79 d’autre ſur l’origine, ſur les cauſes, commence¬

327 395 1017 72 mens & auancemẽs d’icelles, en fin nous con¬

331 457 1011 75 cluſmes, qu’entre autres cauſes les liures de

331 514 1010 82 Machiauel aiguiſoyent fort les eſprits de cer¬

328 581 1013 71 taines perſonnes à trouuer les moyens de trou

328 633 1010 74 bler l’eſtat, en s’aidant de l’autorité de ceux

330 694 1006 80 qui le gouuernent. Que Machiauel auoit poſé

326 754 1006 77 les fondemẽs de la tyrannie en ces liures ſiens,

323 818 1010 74 comme il nous apparut aſſez par les preceptes

323 875 1009 77 & enſeignemens deteſtables y ſemez ça & là.

328 935 1002 80 Qu’il n’y auoit remede plus prompt & certain

324 997 1010 71 que de ramener la domination des Princes &

319 1054 1009 74 Ie droit des peuples à ſes legitimes & certains

321 1117 1007 72 premiers principes: que la puiſſance des vns &

317 1175 1007 71 des autres ſeroit par ce moyẽ arreſtee en cer¬

314 1232 1010 79 taines limites, ſans quoy le gouuernement de

313 1291 1008 75 l’eſtat ne peut ſubſiſter, & conſequemment les

315 1354 1002 74 preceptes de Machiauel doyuent eſtre reiet¬

311 1411 1006 76 tez, eſtans du tout aneantis par ces principes.

308 1471 1008 77 Depuis il m’enuoya ce liure de Queſtions, au¬

309.0 1537.0 1004.0 71.0 quel ces principes ſont contenus, prouuez &

305.0 1588.0 1007.0 79.0 bien eſclaircis, afin que ie le leuſſe, pour puis

304.0 1654.0 1007.0 69.0 apres luy en dire mon auis. Pour certain, le Sei¬

308.0 1711.0 995.0 74.0 gneur Brutus a heureuſemẽt employé letẽps,

300.0 1769.0 1010.0 76.0 n’ayant eu riẽ plus cher que de dreſſer à grand

297.0 1823.0 1010.0 82.0 trauail ces Queſtions pour maintenir le bien

293.0 1883.0 1011.0 79.0 public & la Religion Chreſtienne en leur en¬

289.0 1947.0 1013.0 85.0 tier. I’eſtime donc, Meſſeigneurs, que ces que¬

679.0 100.0 345.0 68.0 PREFACE.

1164.0 2013.0 140.0 87.0 ſtions
