<?xml version="1.0" encoding="UTF-8"?>
<alto xmlns:xsi="http://www.w3.org/2001/XMLSchema-instance"
      xmlns="http://www.loc.gov/standards/alto/ns-v4#"
      xsi:schemaLocation="http://www.loc.gov/standards/alto/ns-v4# http://www.loc.gov/standards/alto/v4/alto-4-2.xsd">
  <Description>
    <MeasurementUnit>pixel</MeasurementUnit>
    <sourceImageInformation>
      <fileName>page_00207.png</fileName>
    </sourceImageInformation>
  </Description>
  <Tags>
    <OtherTag ID="BT7" LABEL="CustomZone" DESCRIPTION="block type CustomZone"/><OtherTag ID="BT8" LABEL="DamageZone" DESCRIPTION="block type DamageZone"/><OtherTag ID="BT9" LABEL="DigitizationArtefactZone" DESCRIPTION="block type DigitizationArtefactZone"/><OtherTag ID="BT10" LABEL="DropCapitalZone" DESCRIPTION="block type DropCapitalZone"/><OtherTag ID="BT11" LABEL="GraphicZone" DESCRIPTION="block type GraphicZone"/><OtherTag ID="BT12" LABEL="MainZone" DESCRIPTION="block type MainZone"/><OtherTag ID="BT13" LABEL="MarginTextZone" DESCRIPTION="block type MarginTextZone"/><OtherTag ID="BT14" LABEL="MusicZone" DESCRIPTION="block type MusicZone"/><OtherTag ID="BT15" LABEL="NumberingZone" DESCRIPTION="block type NumberingZone"/><OtherTag ID="BT17" LABEL="QuireMarksZone" DESCRIPTION="block type QuireMarksZone"/><OtherTag ID="BT18" LABEL="RunningTitleZone" DESCRIPTION="block type RunningTitleZone"/><OtherTag ID="BT19" LABEL="SealZone" DESCRIPTION="block type SealZone"/><OtherTag ID="BT20" LABEL="StampZone" DESCRIPTION="block type StampZone"/><OtherTag ID="BT21" LABEL="TableZone" DESCRIPTION="block type TableZone"/><OtherTag ID="BT22" LABEL="TitlePageZone" DESCRIPTION="block type TitlePageZone"/><OtherTag ID="BT100001" LABEL="MainZone-Head" DESCRIPTION="block type MainZone-Head"/><OtherTag ID="BT100011" LABEL="MainZone-Entry" DESCRIPTION="block type MainZone-Entry"/><OtherTag ID="BT100005" LABEL="MainZone-P" DESCRIPTION="block type MainZone-P"/><OtherTag ID="BT100008" LABEL="MainZone-Sp" DESCRIPTION="block type MainZone-Sp"/><OtherTag ID="BT100006" LABEL="MainZone-Continued" DESCRIPTION="block type MainZone-Continued"/><OtherTag ID="BT100009" LABEL="MarginTextZone-Notes" DESCRIPTION="block type MarginTextZone-Notes"/><OtherTag ID="BT100007" LABEL="MarginTextZone-ManuscriptAddendum" DESCRIPTION="block type MarginTextZone-ManuscriptAddendum"/><OtherTag ID="BT100013" LABEL="StampZone-Sticker" DESCRIPTION="block type StampZone-Sticker"/><OtherTag ID="BT100014" LABEL="MainZone-ListItem" DESCRIPTION="block type MainZone-ListItem"/>
    <OtherTag ID="LT7" LABEL="CustomLine" DESCRIPTION="line type CustomLine"/><OtherTag ID="LT8" LABEL="DefaultLine" DESCRIPTION="line type DefaultLine"/><OtherTag ID="LT9" LABEL="DropCapitalLine" DESCRIPTION="line type DropCapitalLine"/><OtherTag ID="LT10" LABEL="HeadingLine" DESCRIPTION="line type HeadingLine"/><OtherTag ID="LT11" LABEL="InterlinearLine" DESCRIPTION="line type InterlinearLine"/><OtherTag ID="LT12" LABEL="MusicLine" DESCRIPTION="line type MusicLine"/><OtherTag ID="LT747" LABEL="default" DESCRIPTION="line type default"/>
  </Tags>
  <Layout>
    <Page WIDTH="1412"
          HEIGHT="2338"
          PHYSICAL_IMG_NR="206"
          ID="eSc_dummypage_">
      <PrintSpace HPOS="0"
                  VPOS="0"
                  WIDTH="1412"
                  HEIGHT="2338">
        <TextBlock HPOS="59.0"
                   VPOS="153.0"
                   WIDTH="1016.0"
                   HEIGHT="477.0"
                   ID="block_2"
                   TAGREFS="BT100006">
          <Shape><Polygon POINTS="1075 153 1075 616 59 630 59 153"/></Shape>
          <TextLine ID="line_2"
                    TAGREFS="LT8"
                    BASELINE="65 191 1070 196" 
                    HPOS="62.0"
                    VPOS="153.0"
                    WIDTH="1006.0"
                    HEIGHT="69.0">
            <Shape><Polygon POINTS="1037 153 1018 153 1014 157 934 153 811 153 807 159 575 159 540 153 208 153 204 157 111 157 95 153 64 153 62 212 78 222 195 222 212 210 507 220 557 210 614 222 665 212 748 222 784 212 875 222 1066 210 1068 159 1051 153 1037 153"/></Shape>
	    <String CONTENT="il en peut contempler en ce temps d’autres vi¬"
                    HPOS="62.0"
                    VPOS="153.0"
                    WIDTH="1006.0"
                    HEIGHT="69.0"
                    WC="0.9939563300298608"></String>
          </TextLine>
          <TextLine ID="line_3"
                    TAGREFS="LT8"
                    BASELINE="65 250 1070 257" 
                    HPOS="62.0"
                    VPOS="202.0"
                    WIDTH="1006.0"
                    HEIGHT="74.0">
            <Shape><Polygon POINTS="64 249 62 268 74 276 76 276 78 276 79 276 1066 274 1068 255 1068 220 1019 206 1018 206 1016 206 920 216 824 206 823 206 821 206 819 206 803 218 799 220 746 220 745 216 731 206 731 204 729 204 727 204 635 204 633 204 631 204 629 204 618 216 616 216 581 204 579 204 577 204 487 214 470 216 458 214 397 202 395 202 393 202 351 214 347 214 343 214 310 202 308 202 306 202 247 212 235 214 64 212 64 249"/></Shape>
	    <String CONTENT="uans, reſpirans &amp; acomplis de toutes parties"
                    HPOS="62.0"
                    VPOS="202.0"
                    WIDTH="1006.0"
                    HEIGHT="74.0"
                    WC="0.9839154603806409"></String>
          </TextLine>
          <TextLine ID="line_4"
                    TAGREFS="LT8"
                    BASELINE="66 306 1071 314" 
                    HPOS="62.0"
                    VPOS="259.0"
                    WIDTH="1008.0"
                    HEIGHT="81.0">
            <Shape><Polygon POINTS="64 305 62 333 214 335 247 325 499 337 559 327 694 339 770 329 856 340 1068 329 1070 276 979 264 854 274 821 263 585 272 571 261 477 270 452 261 271 268 261 259 255 259 64 266 64 305"/></Shape>
	    <String CONTENT="requiſes en vrais ſupoſts de tyrannie, non ſeu¬"
                    HPOS="62.0"
                    VPOS="259.0"
                    WIDTH="1008.0"
                    HEIGHT="81.0"
                    WC="0.9889720995375451"></String>
          </TextLine>
          <TextLine ID="line_5"
                    TAGREFS="LT8"
                    BASELINE="63 369 1069 374" 
                    HPOS="60.0"
                    VPOS="321.0"
                    WIDTH="1008.0"
                    HEIGHT="68.0">
            <Shape><Polygon POINTS="60 389 1066 387 1068 372 1064 331 891 335 842 325 832 337 754 337 735 327 721 325 711 337 620 337 602 325 536 333 485 323 462 333 405 323 388 323 378 335 214 335 183 323 91 333 64 321 60 389"/></Shape>
	    <String CONTENT="lement en vn endroit du monde, mais en plu¬"
                    HPOS="60.0"
                    VPOS="321.0"
                    WIDTH="1008.0"
                    HEIGHT="68.0"
                    WC="0.9959589769673902"></String>
          </TextLine>
          <TextLine ID="line_6"
                    TAGREFS="LT8"
                    BASELINE="59 429 1070 435" 
                    HPOS="58.0"
                    VPOS="383.0"
                    WIDTH="1012.0"
                    HEIGHT="74.0">
            <Shape><Polygon POINTS="59 429 58 448 197 453 198 453 200 453 210 448 220 444 268 444 275 448 281 453 283 453 284 453 374 454 375 454 422 448 444 445 457 448 484 454 485 454 516 448 529 445 535 448 548 454 549 454 550 455 592 455 592 454 689 448 713 446 715 448 730 455 731 455 862 457 863 457 865 457 892 449 998 454 1000 454 1069 446 1070 435 1069 398 1022 398 1022 397 997 387 996 387 995 387 956 394 931 387 930 387 928 387 927 387 896 396 892 397 885 396 817 385 774 385 772 385 771 385 749 396 748 396 730 385 728 385 727 385 650 394 637 396 633 394 613 385 611 385 563 384 562 384 561 384 559 384 546 393 545 394 545 393 526 384 524 384 523 384 522 384 505 390 449 384 448 384 446 384 445 384 433 393 431 394 277 394 272 392 248 383 246 383 245 383 244 383 222 392 215 394 110 394 105 390 94 383 93 383 92 383 90 383 59 389 59 429"/></Shape>
	    <String CONTENT="ſieurs: dequoy auſſi Ariſtote ſe plaignoit fort"
                    HPOS="58.0"
                    VPOS="383.0"
                    WIDTH="1012.0"
                    HEIGHT="74.0"
                    WC="0.9894228235204169"></String>
          </TextLine>
          <TextLine ID="line_7"
                    TAGREFS="LT8"
                    BASELINE="59 489 1067 492" 
                    HPOS="58.0"
                    VPOS="446.0"
                    WIDTH="1009.0"
                    HEIGHT="68.0">
            <Shape><Polygon POINTS="59 489 58 500 146 511 148 511 209 502 268 502 285 511 287 511 288 513 327 513 327 511 328 511 329 511 341 502 416 509 418 509 475 502 531 511 532 511 606 503 696 513 697 513 698 513 718 503 740 513 741 513 743 513 778 506 787 513 788 513 789 513 791 513 792 513 824 503 865 513 866 514 1021 514 1021 513 1066 502 1067 492 1066 461 1001 452 1000 452 998 452 972 459 971 459 843 453 841 453 840 453 824 459 807 448 806 448 805 448 778 448 776 448 775 448 774 448 759 459 737 453 736 453 735 453 663 459 657 459 655 459 637 450 636 450 635 450 587 454 563 446 562 446 493 446 492 446 491 446 489 446 475 455 454 446 453 446 394 446 393 446 392 446 368 459 318 459 250 459 249 458 183 446 181 446 107 454 79 446 77 446 76 446 75 446 74 446 59 455 59 489"/></Shape>
	    <String CONTENT="de ſon temps. Finalemant nous ſommes par¬"
                    HPOS="58.0"
                    VPOS="446.0"
                    WIDTH="1009.0"
                    HEIGHT="68.0"
                    WC="0.9953497401097926"></String>
          </TextLine>
          <TextLine ID="line_8"
                    TAGREFS="LT8"
                    BASELINE="61 548 1066 553" 
                    HPOS="59.0"
                    VPOS="506.0"
                    WIDTH="1007.0"
                    HEIGHT="70.0">
            <Shape><Polygon POINTS="61 548 59 567 75 572 76 572 77 572 79 572 88 567 97 563 106 567 116 572 118 572 119 572 148 567 181 562 241 562 252 568 253 568 254 568 255 568 262 568 297 562 306 568 313 572 314 572 315 572 316 572 318 572 331 568 342 565 365 568 401 574 402 574 485 568 563 563 606 565 610 568 618 575 619 575 620 575 622 576 733 576 733 575 766 568 781 566 793 568 820 576 822 576 823 576 870 568 884 567 1063 568 1066 553 1065 509 1024 509 1023 509 1022 509 1021 509 1008 519 867 519 856 509 854 509 853 509 852 509 850 509 788 516 606 509 539 506 428 506 427 506 410 509 375 515 344 509 340 509 339 509 61 509 61 548"/></Shape>
	    <String CONTENT="uenus comme par tels degrez au ſommet &amp;"
                    HPOS="59.0"
                    VPOS="506.0"
                    WIDTH="1007.0"
                    HEIGHT="70.0"
                    WC="0.9997941484818091"></String>
          </TextLine>
          <TextLine ID="line_9"
                    TAGREFS="LT8"
                    BASELINE="67 610 517 609" 
                    HPOS="64.0"
                    VPOS="557.0"
                    WIDTH="452.0"
                    HEIGHT="78.0">
            <Shape><Polygon POINTS="66 609 66 635 117 625 512 627 516 607 514 570 481 557 479 557 477 557 475 557 473 557 473 559 462 568 411 557 409 557 407 557 405 557 388 570 290 570 276 557 274 557 273 557 216 557 214 557 156 568 91 557 89 557 87 557 64 568 66 609"/></Shape>
	    <String CONTENT="point de la queſtion."
                    HPOS="64.0"
                    VPOS="557.0"
                    WIDTH="452.0"
                    HEIGHT="78.0"
                    WC="0.9896879111017499"></String>
          </TextLine>
        </TextBlock>
        <TextBlock HPOS="359.0"
                   VPOS="88.0"
                   WIDTH="380.0"
                   HEIGHT="57.0"
                   ID="block_4"
                   TAGREFS="BT18">
          <Shape><Polygon POINTS="739 88 739 145 359 145 359 88"/></Shape>
          <TextLine ID="line_1"
                    TAGREFS="LT8"
                    BASELINE="369 124 735 123" 
                    HPOS="368.0"
                    VPOS="89.0"
                    WIDTH="365.0"
                    HEIGHT="62.0">
            <Shape><Polygon POINTS="719 89 700 89 680 89 661 89 641 89 622 89 602 89 583 89 563 89 544 89 524 89 505 89 485 89 466 89 446 89 427 89 407 89 388 89 368 89 368 122 368 146 676 142 731 151 733 122 733 89 719 89"/></Shape>
	    <String CONTENT="QVESTION."
                    HPOS="368.0"
                    VPOS="89.0"
                    WIDTH="365.0"
                    HEIGHT="62.0"
                    WC="0.9998774462276034"></String>
          </TextLine>
        </TextBlock>
        <TextBlock HPOS="60.0"
                   VPOS="630.0"
                   WIDTH="1026.0"
                   HEIGHT="1378.0"
                   ID="block_1"
                   TAGREFS="BT100005">
          <Shape><Polygon POINTS="1060 632 1063 957 1066 975 1086 2008 60 2008 62 630"/></Shape>
          <TextLine ID="line_10"
                    TAGREFS="LT8"
                    BASELINE="115 670 1057 674" 
                    HPOS="111.0"
                    VPOS="631.0"
                    WIDTH="944.0"
                    HEIGHT="56.0">
            <Shape><Polygon POINTS="1049 631 113 631 111 687 1053 683 1055 672 1049 631"/></Shape>
	    <String CONTENT="Novs auons veu comme les Rois ſont e¬"
                    HPOS="111.0"
                    VPOS="631.0"
                    WIDTH="944.0"
                    HEIGHT="56.0"
                    WC="0.9953644388430828"></String>
          </TextLine>
          <TextLine ID="eSc_line_52649029"
                    TAGREFS="LT8"
                    BASELINE="1068 674 1214 675" 
                    HPOS="1064"
                    VPOS="596"
                    WIDTH="149"
                    HEIGHT="103">
            <Shape><Polygon POINTS="1066 672 1064 687 1096 699 1098 699 1099 699 1211 689 1213 674 1211 600 1144 596 1142 596 1066 611 1066 672"/></Shape>
	    <String CONTENT="A qui i"
                    HPOS="1064"
                    VPOS="596"
                    WIDTH="149"
                    HEIGHT="103"
                    WC="0.9924376010894775"></String>
          </TextLine>
          <TextLine ID="line_11"
                    TAGREFS="LT8"
                    BASELINE="61 724 961 731 1057 727" 
                    HPOS="58.0"
                    VPOS="679.0"
                    WIDTH="997.0"
                    HEIGHT="76.0">
            <Shape><Polygon POINTS="60 722 58 740 393 752 395 752 526 744 536 744 540 744 577 754 579 754 581 754 791 746 799 746 803 746 883 755 885 755 1053 746 1055 726 1051 685 60 679 60 722"/></Shape>
	    <String CONTENT="ſleus de Dieu ou par teſtes ou par races, puis"
                    HPOS="58.0"
                    VPOS="679.0"
                    WIDTH="997.0"
                    HEIGHT="76.0"
                    WC="0.997980121685111"></String>
          </TextLine>
          <TextLine ID="eSc_line_8ba52c7d"
                    TAGREFS="LT8"
                    BASELINE="1068 727 1222 720" 
                    HPOS="1064"
                    VPOS="678"
                    WIDTH="156"
                    HEIGHT="74">
            <Shape><Polygon POINTS="1066 726 1066 742 1090 752 1092 752 1094 752 1125 744 1154 738 1218 750 1220 718 1215 678 1064 689 1066 726"/></Shape>
	    <String CONTENT="apanient"
                    HPOS="1064"
                    VPOS="678"
                    WIDTH="156"
                    HEIGHT="74"
                    WC="0.9762618318200111"></String>
          </TextLine>
          <TextLine ID="line_12"
                    TAGREFS="LT8"
                    BASELINE="59 785 1053 788" 
                    HPOS="58.0"
                    VPOS="741.0"
                    WIDTH="995.0"
                    HEIGHT="72.0">
            <Shape><Polygon POINTS="59 785 58 800 72 807 74 807 75 807 164 801 179 810 180 810 181 810 183 810 184 810 210 801 258 810 259 811 336 811 336 810 337 810 354 801 385 810 387 810 388 810 389 810 427 801 483 810 484 810 485 810 487 810 500 801 555 801 610 811 611 813 689 813 689 811 691 811 727 802 752 811 753 811 754 811 836 805 871 811 872 811 874 811 875 811 889 802 911 810 913 810 914 810 967 805 1032 811 1033 811 1035 811 1052 801 1053 788 1053 755 1021 742 1019 742 1018 742 1017 742 983 755 927 755 898 755 898 754 863 742 862 742 861 742 859 742 858 742 844 754 824 754 819 754 818 754 758 742 757 742 756 742 731 753 706 744 705 744 704 744 702 744 683 754 681 755 636 755 635 754 611 742 610 742 555 741 501 741 500 741 498 741 468 753 468 754 396 754 394 753 372 741 371 741 327 741 326 741 324 741 323 741 303 753 301 753 249 746 248 746 246 746 229 753 228 753 227 753 192 741 190 741 189 741 59 752 59 785"/></Shape>
	    <String CONTENT="inſtallez par le peuple: itẽ quel eſt le deuoir du"
                    HPOS="58.0"
                    VPOS="741.0"
                    WIDTH="995.0"
                    HEIGHT="72.0"
                    WC="0.9837755210259381"></String>
          </TextLine>
          <TextLine ID="line_13"
                    TAGREFS="LT8"
                    BASELINE="62 848 609 846 1054 854" 
                    HPOS="61.0"
                    VPOS="823.0"
                    WIDTH="993.0"
                    HEIGHT="48.0">
            <Shape><Polygon POINTS="1049 827 1036 827 1023 827 1010 827 997 827 984 827 971 827 958 827 945 827 932 827 919 827 906 827 893 827 880 827 867 827 854 827 841 827 828 827 817 827 815 827 802 827 789 827 776 827 763 827 750 827 737 827 724 827 711 827 698 827 685 827 672 827 659 827 646 827 633 827 620 827 607 827 604 827 594 827 581 827 568 827 555 827 542 827 529 827 516 827 504 827 491 827 478 827 465 827 452 827 439 827 426 827 413 827 400 827 387 827 374 827 361 827 348 827 335 827 322 827 309 827 296 827 283 827 270 827 257 827 244 827 231 827 218 827 205 827 192 827 179 827 166 827 153 827 140 827 127 827 114 827 101 827 88 827 87 823 62 823 62 848 61 861 158 867 159 867 185 862 198 859 209 862 222 866 223 866 224 866 226 866 236 862 245 859 288 862 341 866 342 866 388 862 418 861 432 863 458 867 459 867 461 867 462 867 468 863 474 861 565 861 568 863 574 868 575 868 576 868 578 868 579 868 594 863 601 862 609 863 639 870 640 870 724 865 758 862 775 865 820 871 822 871 1053 865 1054 854 1052 827 1049 827"/></Shape>
	    <String CONTENT="Roy &amp; des offciers du Royaume, iuſques ou"
                    HPOS="61.0"
                    VPOS="823.0"
                    WIDTH="993.0"
                    HEIGHT="48.0"
                    WC="0.9933152794837952"></String>
          </TextLine>
          <TextLine ID="line_14"
                    TAGREFS="LT8"
                    BASELINE="61 905 869 909 1057 913" 
                    HPOS="58.0"
                    VPOS="853.0"
                    WIDTH="997.0"
                    HEIGHT="80.0">
            <Shape><Polygon POINTS="60 904 58 919 1051 933 1055 911 1055 868 1016 857 1014 857 945 857 943 857 941 857 940 857 926 868 924 868 916 868 690 855 688 855 686 855 649 867 647 867 645 867 604 855 602 855 600 855 598 855 577 867 575 867 569 867 512 855 510 855 509 855 507 855 507 857 497 865 495 868 429 868 417 865 364 853 362 853 360 853 331 865 327 865 321 865 265 853 263 853 60 861 60 904"/></Shape>
	    <String CONTENT="s’eſtend la puiſſance, la charge &amp; le deuoir des"
                    HPOS="58.0"
                    VPOS="853.0"
                    WIDTH="997.0"
                    HEIGHT="80.0"
                    WC="0.9947310301164786"></String>
          </TextLine>
          <TextLine ID="eSc_line_f055215a"
                    TAGREFS="LT8"
                    BASELINE="1068 913 1226 917" 
                    HPOS="1064"
                    VPOS="870"
                    WIDTH="160"
                    HEIGHT="74">
            <Shape><Polygon POINTS="1066 911 1064 944 1222 937 1224 915 1222 886 1154 870 1152 870 1066 880 1066 911"/></Shape>
	    <String CONTENT="ſans titre."
                    HPOS="1064"
                    VPOS="870"
                    WIDTH="160"
                    HEIGHT="74"
                    WC="0.9998004978353326"></String>
          </TextLine>
          <TextLine ID="line_15"
                    TAGREFS="LT8"
                    BASELINE="63 965 1069 970" 
                    HPOS="62.0"
                    VPOS="920.0"
                    WIDTH="1007.0"
                    HEIGHT="68.0">
            <Shape><Polygon POINTS="63 965 62 975 94 984 96 984 97 984 252 978 315 985 316 985 318 985 345 979 420 985 422 985 423 985 439 979 454 985 455 985 457 985 545 979 566 987 567 987 568 987 570 987 587 980 633 987 635 987 800 981 832 988 833 988 1067 980 1069 970 1067 936 1027 936 1026 935 1010 924 1009 924 1008 924 1006 924 959 931 902 924 901 924 900 924 898 924 887 933 885 935 876 933 817 923 780 923 779 923 778 923 757 932 753 935 661 935 650 931 626 924 624 924 623 924 622 924 604 931 596 933 588 931 566 922 565 922 532 922 531 922 529 922 515 930 509 932 268 932 258 927 241 920 240 920 239 920 237 920 214 927 198 931 189 927 177 920 176 920 107 920 106 920 105 920 103 920 98 926 90 931 63 926 63 965"/></Shape>
	    <String CONTENT="vns &amp; des autres: quelles &amp; combien ſainctes"
                    HPOS="62.0"
                    VPOS="920.0"
                    WIDTH="1007.0"
                    HEIGHT="68.0"
                    WC="0.9984015470201318"></String>
          </TextLine>
          <TextLine ID="line_16"
                    TAGREFS="LT8"
                    BASELINE="62 1024 1070 1027" 
                    HPOS="61.0"
                    VPOS="983.0"
                    WIDTH="1009.0"
                    HEIGHT="65.0">
            <Shape><Polygon POINTS="62 1024 61 1037 103 1045 105 1045 384 1041 472 1040 505 1043 567 1046 568 1048 1069 1048 1070 1027 1069 996 1032 996 1031 994 1013 985 1011 985 970 985 969 985 967 985 948 993 945 994 937 993 901 987 900 987 898 987 897 987 889 993 887 996 810 996 800 992 780 985 779 985 778 985 743 991 719 994 702 991 683 985 681 985 680 985 679 985 678 985 671 991 663 996 567 996 433 988 432 988 431 988 415 993 407 987 406 985 405 985 403 985 402 985 401 985 396 987 368 993 336 985 327 984 326 984 310 985 242 993 218 984 216 984 215 984 62 983 62 1024"/></Shape>
	    <String CONTENT="ſont les conuentions qui entreuienent en l’e¬"
                    HPOS="61.0"
                    VPOS="983.0"
                    WIDTH="1009.0"
                    HEIGHT="65.0"
                    WC="0.9846586796972486"></String>
          </TextLine>
          <TextLine ID="line_17"
                    TAGREFS="LT8"
                    BASELINE="61 1083 1074 1088" 
                    HPOS="59.0"
                    VPOS="1036.0"
                    WIDTH="1015.0"
                    HEIGHT="71.0">
            <Shape><Polygon POINTS="61 1083 59 1094 80 1104 81 1104 83 1104 313 1097 329 1105 331 1105 332 1105 372 1098 567 1106 568 1106 639 1100 766 1106 767 1106 769 1106 794 1100 1048 1107 1049 1107 1050 1107 1072 1100 1074 1088 1074 1054 1048 1044 1046 1044 1045 1044 1044 1044 1022 1053 1021 1054 820 1054 811 1049 792 1040 791 1040 765 1040 763 1040 762 1040 761 1040 750 1048 745 1053 626 1053 615 1045 607 1040 606 1040 605 1040 604 1040 602 1040 589 1045 571 1052 552 1044 535 1039 533 1039 459 1039 458 1039 457 1039 455 1039 449 1043 442 1046 406 1041 380 1039 379 1039 378 1039 376 1039 374 1041 365 1049 318 1050 242 1039 229 1037 127 1037 126 1037 124 1037 123 1037 113 1045 61 1036 61 1083"/></Shape>
	    <String CONTENT="ſtabliſſement d’vn Roy, les conditions tacites"
                    HPOS="59.0"
                    VPOS="1036.0"
                    WIDTH="1015.0"
                    HEIGHT="71.0"
                    WC="0.9991397080214127"></String>
          </TextLine>
          <TextLine ID="line_18"
                    TAGREFS="LT8"
                    BASELINE="63 1141 1074 1148" 
                    HPOS="62.0"
                    VPOS="1097.0"
                    WIDTH="1012.0"
                    HEIGHT="72.0">
            <Shape><Polygon POINTS="63 1141 62 1156 74 1163 75 1163 76 1163 77 1165 236 1165 236 1163 237 1163 252 1157 385 1157 401 1163 402 1163 403 1163 405 1163 431 1157 467 1166 468 1166 470 1166 583 1158 624 1166 626 1166 726 1161 765 1167 766 1167 767 1167 789 1159 848 1159 870 1169 871 1169 872 1169 874 1169 889 1161 915 1167 917 1167 918 1167 969 1161 1053 1167 1054 1167 1056 1167 1072 1159 1074 1148 1072 1111 1022 1102 1021 1102 1019 1102 1005 1110 1001 1113 914 1113 909 1109 904 1105 902 1105 901 1105 900 1105 859 1107 827 1110 806 1107 770 1101 769 1101 631 1105 474 1109 450 1102 437 1098 436 1098 264 1097 263 1097 262 1097 255 1100 239 1105 181 1100 180 1100 107 1106 63 1097 63 1141"/></Shape>
	    <String CONTENT="ou expreſſemẽt ramentues qui y entreuienẽt:"
                    HPOS="62.0"
                    VPOS="1097.0"
                    WIDTH="1012.0"
                    HEIGHT="72.0"
                    WC="0.9966295692655776"></String>
          </TextLine>
          <TextLine ID="line_19"
                    TAGREFS="LT8"
                    BASELINE="62 1200 1076 1207" 
                    HPOS="61.0"
                    VPOS="1156.0"
                    WIDTH="1015.0"
                    HEIGHT="72.0">
            <Shape><Polygon POINTS="62 1200 61 1213 101 1222 102 1222 192 1215 231 1223 232 1223 233 1223 248 1217 314 1223 315 1223 392 1217 398 1217 401 1217 424 1224 426 1224 427 1224 497 1218 501 1218 506 1218 574 1226 575 1226 576 1226 592 1219 609 1226 610 1226 611 1226 667 1219 675 1219 692 1219 802 1227 804 1227 850 1222 861 1220 870 1222 906 1228 907 1228 939 1222 943 1222 949 1222 978 1228 979 1228 1075 1223 1076 1207 1076 1174 1037 1162 1036 1162 1010 1162 1009 1162 1008 1162 1006 1162 991 1174 979 1165 978 1165 976 1165 975 1165 974 1165 957 1172 956 1175 920 1175 797 1174 794 1171 781 1161 780 1161 779 1161 778 1161 776 1161 752 1170 746 1172 740 1170 720 1162 719 1162 718 1162 717 1162 715 1162 705 1170 702 1172 645 1172 640 1169 623 1161 622 1161 620 1161 570 1169 555 1170 550 1167 528 1158 527 1158 526 1158 524 1158 505 1167 498 1170 474 1167 400 1157 398 1157 333 1165 332 1165 331 1165 292 1158 290 1158 289 1158 277 1165 271 1169 183 1169 175 1163 166 1156 164 1156 163 1156 162 1156 161 1156 140 1162 126 1167 114 1162 98 1156 97 1156 96 1156 62 1161 62 1200"/></Shape>
	    <String CONTENT="finalement qui ſont les tyrans ſans titre &amp; de"
                    HPOS="61.0"
                    VPOS="1156.0"
                    WIDTH="1015.0"
                    HEIGHT="72.0"
                    WC="0.9973107654115428"></String>
          </TextLine>
          <TextLine ID="line_20"
                    TAGREFS="LT8"
                    BASELINE="63 1261 1072 1269" 
                    HPOS="62.0"
                    VPOS="1218.0"
                    WIDTH="1010.0"
                    HEIGHT="70.0">
            <Shape><Polygon POINTS="63 1261 62 1272 109 1282 110 1282 151 1275 223 1282 224 1282 267 1276 276 1283 277 1283 279 1283 280 1283 392 1276 424 1284 426 1284 427 1284 694 1279 737 1287 739 1287 852 1280 904 1288 905 1288 1071 1280 1072 1269 1070 1228 823 1233 811 1228 805 1224 804 1224 802 1224 787 1228 761 1233 743 1228 728 1223 727 1223 726 1223 692 1228 657 1232 472 1232 467 1228 463 1224 462 1224 461 1224 459 1224 458 1224 445 1228 432 1231 422 1228 400 1219 398 1219 397 1219 396 1219 368 1226 323 1219 322 1219 320 1219 319 1219 307 1228 306 1228 293 1219 292 1219 290 1219 254 1219 253 1219 252 1219 236 1228 235 1228 229 1228 172 1218 171 1218 170 1218 146 1228 145 1228 142 1228 128 1222 127 1222 126 1222 63 1227 63 1261"/></Shape>
	    <String CONTENT="exercice. Il s’enſuit maintenant, puis que c’eſt"
                    HPOS="62.0"
                    VPOS="1218.0"
                    WIDTH="1010.0"
                    HEIGHT="70.0"
                    WC="0.9836679746707281"></String>
          </TextLine>
          <TextLine ID="line_21"
                    TAGREFS="LT8"
                    BASELINE="62 1320 1070 1326" 
                    HPOS="61.0"
                    VPOS="1275.0"
                    WIDTH="1009.0"
                    HEIGHT="71.0">
            <Shape><Polygon POINTS="62 1320 61 1333 128 1343 129 1343 252 1336 340 1344 341 1344 394 1337 632 1345 633 1345 895 1340 917 1346 918 1346 919 1346 1069 1339 1070 1326 1069 1291 962 1291 961 1289 931 1280 930 1280 928 1280 927 1280 926 1280 911 1289 910 1291 843 1291 841 1289 818 1278 817 1278 815 1278 814 1278 813 1278 797 1288 775 1278 774 1278 772 1278 698 1288 696 1288 675 1278 674 1278 641 1278 640 1278 639 1278 637 1278 627 1285 617 1278 615 1278 614 1278 565 1276 563 1276 562 1276 537 1288 528 1288 437 1288 436 1287 405 1276 403 1276 402 1276 362 1284 320 1276 319 1276 271 1285 226 1275 224 1275 185 1283 176 1275 175 1275 174 1275 89 1275 88 1275 87 1275 62 1284 62 1320"/></Shape>
	    <String CONTENT="choſe hors de doute qu’il faut obeir au legiti¬"
                    HPOS="61.0"
                    VPOS="1275.0"
                    WIDTH="1009.0"
                    HEIGHT="71.0"
                    WC="0.991840032821006"></String>
          </TextLine>
          <TextLine ID="line_22"
                    TAGREFS="LT8"
                    BASELINE="62 1380 1072 1385" 
                    HPOS="61.0"
                    VPOS="1333.0"
                    WIDTH="1011.0"
                    HEIGHT="69.0">
            <Shape><Polygon POINTS="62 1380 61 1392 81 1400 83 1400 84 1400 558 1396 568 1402 570 1402 571 1402 572 1402 1071 1397 1072 1385 1071 1349 1024 1339 1023 1339 1022 1339 989 1348 988 1349 907 1349 906 1348 883 1337 882 1337 880 1337 688 1346 679 1346 678 1346 665 1336 663 1336 662 1336 661 1336 611 1345 566 1335 565 1335 563 1335 529 1345 529 1346 485 1346 485 1345 463 1335 462 1335 461 1335 396 1344 371 1335 370 1335 368 1335 320 1340 311 1333 310 1333 309 1333 307 1333 306 1333 275 1344 275 1345 214 1345 211 1344 168 1333 167 1333 124 1344 120 1344 62 1344 62 1380"/></Shape>
	    <String CONTENT="me Roy, faiſant ſon deuoir enuers Dieu &amp; le"
                    HPOS="61.0"
                    VPOS="1333.0"
                    WIDTH="1011.0"
                    HEIGHT="69.0"
                    WC="0.9941380966541379"></String>
          </TextLine>
          <TextLine ID="line_23"
                    TAGREFS="LT8"
                    BASELINE="63 1440 1072 1446" 
                    HPOS="63.0"
                    VPOS="1393.0"
                    WIDTH="1009.0"
                    HEIGHT="73.0">
            <Shape><Polygon POINTS="63 1440 63 1459 209 1454 228 1459 232 1461 233 1461 235 1461 263 1459 357 1456 376 1459 388 1462 389 1462 390 1462 396 1459 406 1456 440 1459 471 1463 472 1463 496 1459 513 1457 597 1459 752 1465 753 1465 802 1459 814 1458 820 1459 848 1465 849 1465 850 1465 866 1459 870 1458 885 1459 967 1466 969 1466 1071 1458 1072 1446 1071 1413 1022 1413 1021 1411 1004 1398 1002 1398 1001 1398 1000 1398 998 1398 971 1411 970 1411 779 1411 776 1409 758 1397 757 1397 756 1397 754 1397 693 1409 680 1410 678 1407 662 1396 661 1396 659 1396 658 1396 583 1406 466 1395 375 1395 374 1395 372 1395 352 1405 345 1407 337 1405 309 1395 307 1395 306 1395 305 1395 268 1404 257 1407 215 1407 209 1404 192 1393 190 1393 189 1393 188 1393 187 1393 166 1402 161 1405 63 1402 63 1440"/></Shape>
	    <String CONTENT="peuple, cõme à Dieu meſme s’il commandoit"
                    HPOS="63.0"
                    VPOS="1393.0"
                    WIDTH="1009.0"
                    HEIGHT="73.0"
                    WC="0.9963931538337885"></String>
          </TextLine>
          <TextLine ID="line_24"
                    TAGREFS="LT8"
                    BASELINE="63 1497 1067 1502" 
                    HPOS="62.0"
                    VPOS="1456.0"
                    WIDTH="1005.0"
                    HEIGHT="68.0">
            <Shape><Polygon POINTS="63 1497 62 1511 90 1520 92 1520 93 1520 224 1514 370 1522 371 1522 423 1515 427 1515 537 1515 542 1517 565 1523 566 1523 567 1524 635 1524 635 1523 636 1523 637 1523 644 1517 646 1518 663 1523 665 1523 666 1523 701 1518 710 1517 719 1518 745 1523 746 1523 772 1518 785 1517 805 1519 850 1524 852 1524 883 1519 895 1518 1065 1520 1067 1502 1067 1471 1040 1459 1039 1459 1037 1459 897 1470 891 1471 870 1471 869 1470 856 1459 854 1459 853 1459 852 1459 850 1459 824 1470 823 1470 818 1470 763 1462 762 1462 761 1462 743 1469 743 1470 583 1470 566 1469 526 1466 515 1457 514 1457 513 1457 511 1457 432 1458 431 1458 429 1458 418 1467 416 1467 258 1467 258 1466 224 1456 223 1456 222 1456 63 1465 63 1497"/></Shape>
	    <String CONTENT="en ſa propre maieſté: que nous traitions aſa¬"
                    HPOS="62.0"
                    VPOS="1456.0"
                    WIDTH="1005.0"
                    HEIGHT="68.0"
                    WC="0.9926823157331218"></String>
          </TextLine>
          <TextLine ID="line_25"
                    TAGREFS="LT8"
                    BASELINE="63 1558 1071 1563" 
                    HPOS="62.0"
                    VPOS="1517.0"
                    WIDTH="1009.0"
                    HEIGHT="65.0">
            <Shape><Polygon POINTS="63 1558 62 1576 1069 1582 1071 1563 1070 1531 1013 1523 1011 1523 927 1530 920 1530 919 1530 907 1520 906 1520 905 1520 904 1520 752 1528 748 1528 745 1528 692 1519 691 1519 689 1519 657 1528 654 1530 567 1530 563 1528 528 1518 527 1518 462 1518 461 1518 459 1518 458 1518 444 1527 442 1527 261 1527 261 1526 241 1517 240 1517 239 1517 63 1524 63 1558"/></Shape>
	    <String CONTENT="uoir ſi lon peut reſiſter au tyran, qui ſont ceux"
                    HPOS="62.0"
                    VPOS="1517.0"
                    WIDTH="1009.0"
                    HEIGHT="65.0"
                    WC="0.9971848154554561"></String>
          </TextLine>
          <TextLine ID="line_26"
                    TAGREFS="LT8"
                    BASELINE="62 1617 1070 1622" 
                    HPOS="61.0"
                    VPOS="1571.0"
                    WIDTH="1009.0"
                    HEIGHT="75.0">
            <Shape><Polygon POINTS="62 1617 61 1631 83 1643 84 1643 85 1643 246 1632 376 1641 378 1641 403 1636 426 1644 427 1644 428 1644 468 1635 515 1644 516 1644 592 1635 600 1635 681 1635 683 1635 702 1644 704 1644 705 1644 706 1644 719 1637 728 1644 730 1644 731 1644 732 1644 733 1644 750 1635 802 1635 805 1636 820 1646 822 1646 823 1646 824 1646 1069 1637 1070 1622 1069 1589 933 1589 928 1587 907 1576 906 1576 905 1576 904 1576 887 1585 882 1588 869 1585 843 1579 841 1579 840 1579 827 1584 818 1588 797 1588 792 1584 781 1575 780 1575 779 1575 778 1575 776 1575 753 1583 741 1587 707 1582 681 1579 680 1579 665 1582 636 1587 626 1580 622 1578 620 1578 619 1578 618 1578 568 1580 453 1585 409 1576 392 1574 390 1574 359 1576 319 1579 315 1575 313 1574 313 1572 311 1572 310 1572 309 1572 307 1572 298 1575 279 1580 236 1574 224 1572 223 1572 215 1574 157 1584 62 1571 62 1617"/></Shape>
	    <String CONTENT="à qui telle beſongne apartient, &amp; quelle pro¬"
                    HPOS="61.0"
                    VPOS="1571.0"
                    WIDTH="1009.0"
                    HEIGHT="75.0"
                    WC="0.9974523743857509"></String>
          </TextLine>
          <TextLine ID="line_27"
                    TAGREFS="LT8"
                    BASELINE="63 1675 1076 1683" 
                    HPOS="62.0"
                    VPOS="1630.0"
                    WIDTH="1014.0"
                    HEIGHT="74.0">
            <Shape><Polygon POINTS="63 1675 62 1689 92 1698 93 1698 94 1698 96 1698 97 1698 109 1691 135 1698 136 1698 137 1698 179 1692 184 1691 187 1692 194 1698 196 1698 197 1698 198 1698 259 1693 272 1692 289 1693 365 1700 366 1700 367 1700 389 1695 400 1692 411 1695 428 1700 429 1700 431 1700 432 1700 441 1696 445 1693 457 1696 479 1700 480 1700 515 1696 545 1693 572 1697 607 1702 609 1702 635 1698 654 1695 661 1698 665 1702 666 1702 667 1702 668 1702 763 1700 905 1696 917 1702 920 1704 922 1704 923 1704 924 1704 926 1704 927 1702 935 1697 1074 1704 1076 1683 1075 1636 992 1636 991 1636 989 1636 957 1646 913 1636 909 1636 907 1636 906 1636 905 1636 884 1648 805 1648 791 1637 788 1635 787 1635 785 1635 784 1635 772 1637 737 1646 572 1646 535 1639 502 1632 501 1632 500 1632 481 1639 466 1645 411 1645 396 1639 379 1634 378 1634 376 1634 375 1634 352 1639 346 1640 341 1639 305 1631 303 1631 302 1631 274 1640 271 1640 270 1640 253 1631 252 1631 250 1631 211 1637 201 1630 200 1630 198 1630 137 1630 136 1630 135 1630 133 1630 119 1640 116 1641 63 1641 63 1675"/></Shape>
	    <String CONTENT="cedure ils doyuent tenir pour y proceder ſelõ"
                    HPOS="62.0"
                    VPOS="1630.0"
                    WIDTH="1014.0"
                    HEIGHT="74.0"
                    WC="0.9984667715818986"></String>
          </TextLine>
          <TextLine ID="line_28"
                    TAGREFS="LT8"
                    BASELINE="63 1735 1080 1743" 
                    HPOS="62.0"
                    VPOS="1691.0"
                    WIDTH="1018.0"
                    HEIGHT="68.0">
            <Shape><Polygon POINTS="63 1735 62 1748 79 1756 80 1756 81 1756 142 1750 1078 1759 1080 1743 1080 1706 1057 1697 1056 1697 1054 1697 1000 1706 991 1708 988 1706 971 1697 970 1697 936 1697 935 1697 933 1697 932 1697 919 1705 915 1708 878 1705 733 1695 732 1695 694 1702 665 1697 663 1697 662 1697 652 1702 646 1705 472 1705 453 1701 403 1692 402 1692 401 1692 375 1700 367 1702 358 1700 336 1692 335 1692 288 1692 287 1692 285 1692 271 1698 266 1701 253 1698 215 1691 214 1691 213 1691 184 1698 170 1702 114 1702 107 1697 98 1691 97 1691 96 1691 94 1691 63 1696 63 1735"/></Shape>
	    <String CONTENT="droit &amp; raiſon. Premierement il faut parler de"
                    HPOS="62.0"
                    VPOS="1691.0"
                    WIDTH="1018.0"
                    HEIGHT="68.0"
                    WC="0.9726354933303335"></String>
          </TextLine>
          <TextLine ID="line_29"
                    TAGREFS="LT8"
                    BASELINE="63 1793 1078 1804" 
                    HPOS="62.0"
                    VPOS="1749.0"
                    WIDTH="1016.0"
                    HEIGHT="77.0">
            <Shape><Polygon POINTS="63 1793 62 1810 71 1817 72 1817 74 1817 75 1817 150 1811 259 1818 261 1818 297 1813 303 1811 306 1813 319 1819 320 1819 322 1821 388 1821 388 1819 414 1814 431 1810 450 1814 467 1818 468 1818 488 1815 509 1811 518 1815 527 1819 528 1819 529 1819 531 1819 542 1815 557 1811 571 1817 578 1818 579 1818 580 1818 642 1818 767 1815 774 1819 779 1823 780 1823 781 1823 783 1823 784 1823 794 1819 813 1814 869 1821 883 1822 884 1822 885 1822 889 1821 913 1815 935 1822 949 1826 950 1826 952 1826 970 1822 997 1817 1075 1823 1078 1804 1076 1770 1039 1769 1023 1758 1022 1758 1021 1758 1019 1758 1018 1758 1001 1767 970 1758 969 1758 967 1758 966 1758 965 1758 950 1769 949 1769 906 1769 906 1767 882 1757 880 1757 879 1757 745 1766 736 1766 735 1766 723 1756 722 1756 720 1756 719 1756 587 1765 571 1765 567 1763 531 1753 529 1753 528 1753 463 1763 458 1763 442 1752 441 1752 440 1752 439 1752 376 1762 372 1762 318 1762 293 1750 292 1750 252 1750 250 1750 249 1750 248 1750 235 1761 233 1761 145 1761 144 1759 131 1749 129 1749 128 1749 127 1749 126 1749 100 1759 97 1759 63 1759 63 1793"/></Shape>
	    <String CONTENT="celuy qu’õ appelle cõmunemẽt tyrã ſans titre."
                    HPOS="62.0"
                    VPOS="1749.0"
                    WIDTH="1016.0"
                    HEIGHT="77.0"
                    WC="0.9857296822022419"></String>
          </TextLine>
          <TextLine ID="line_30"
                    TAGREFS="LT8"
                    BASELINE="63 1853 1082 1861" 
                    HPOS="62.0"
                    VPOS="1809.0"
                    WIDTH="1020.0"
                    HEIGHT="75.0">
            <Shape><Polygon POINTS="63 1853 62 1872 103 1878 105 1878 106 1878 120 1874 136 1870 151 1874 166 1878 167 1878 168 1878 170 1878 179 1875 192 1870 255 1875 301 1879 302 1879 303 1879 310 1876 322 1871 397 1871 407 1878 411 1880 413 1880 414 1880 415 1880 429 1878 452 1872 502 1878 524 1880 526 1880 537 1879 571 1872 587 1879 593 1882 594 1882 596 1882 623 1879 674 1875 683 1880 684 1882 685 1882 687 1882 763 1883 765 1883 776 1882 813 1875 852 1882 858 1883 859 1883 869 1883 910 1878 919 1883 920 1884 922 1884 923 1884 924 1884 937 1883 1000 1876 1079 1884 1082 1861 1079 1815 915 1826 827 1826 813 1817 811 1817 810 1817 809 1817 753 1824 736 1814 735 1813 733 1813 732 1813 666 1813 665 1813 663 1813 659 1814 633 1824 601 1824 581 1814 576 1811 575 1811 574 1811 572 1811 567 1814 553 1822 494 1814 472 1811 471 1811 470 1811 465 1814 449 1821 433 1814 429 1813 428 1813 427 1813 416 1814 374 1821 357 1814 354 1813 353 1813 352 1813 345 1814 316 1821 309 1814 305 1810 303 1810 302 1810 301 1810 300 1810 287 1814 262 1821 246 1814 236 1809 235 1809 233 1809 63 1813 63 1853"/></Shape>
	    <String CONTENT="Poſe dõc le cas que quelque Ninus n’ayant eſté"
                    HPOS="62.0"
                    VPOS="1809.0"
                    WIDTH="1020.0"
                    HEIGHT="75.0"
                    WC="0.9745950177311897"></String>
          </TextLine>
          <TextLine ID="line_31"
                    TAGREFS="LT8"
                    BASELINE="67 1911 1079 1922" 
                    HPOS="66.0"
                    VPOS="1869.0"
                    WIDTH="1013.0"
                    HEIGHT="75.0">
            <Shape><Polygon POINTS="67 1911 66 1923 89 1935 90 1935 92 1935 137 1926 193 1936 194 1936 298 1928 319 1927 333 1928 375 1936 376 1936 480 1932 546 1930 580 1934 614 1939 615 1939 617 1939 624 1935 632 1931 668 1936 709 1941 710 1941 711 1941 713 1941 718 1937 724 1932 781 1932 810 1939 827 1943 953 1944 954 1944 963 1943 996 1935 1076 1944 1079 1922 1078 1885 1009 1876 1008 1876 1006 1876 1005 1876 993 1884 992 1885 987 1884 957 1876 956 1876 954 1876 953 1876 952 1876 941 1884 937 1885 781 1885 775 1883 749 1874 748 1874 746 1874 745 1874 744 1874 733 1882 730 1885 711 1885 706 1882 691 1872 689 1872 688 1872 687 1872 596 1882 574 1883 559 1880 504 1871 502 1871 435 1880 429 1880 428 1880 416 1870 415 1870 414 1870 413 1870 345 1879 336 1880 333 1879 322 1869 320 1869 319 1869 318 1869 274 1878 261 1869 259 1869 258 1869 257 1869 255 1869 224 1878 220 1879 209 1878 137 1870 136 1870 135 1870 133 1870 122 1878 119 1878 67 1878 67 1911"/></Shape>
	    <String CONTENT="outragé ni offenſé coure ſus à vn peuple ſur"
                    HPOS="66.0"
                    VPOS="1869.0"
                    WIDTH="1013.0"
                    HEIGHT="75.0"
                    WC="0.9932874986465942"></String>
          </TextLine>
          <TextLine ID="line_32"
                    TAGREFS="LT8"
                    BASELINE="62 1973 1076 1982" 
                    HPOS="61.0"
                    VPOS="1927.0"
                    WIDTH="1015.0"
                    HEIGHT="90.0">
            <Shape><Polygon POINTS="62 1973 61 1996 98 2009 100 2009 101 2009 203 1998 226 1997 240 2000 292 2010 293 2010 294 2010 313 2001 320 1997 349 1997 358 2001 375 2010 376 2010 410 2011 411 2013 475 2013 475 2011 476 2011 478 2011 488 2004 498 1998 576 2006 615 2009 617 2009 618 2009 624 2006 641 2000 706 2008 707 2008 709 2008 711 2008 817 2006 827 2010 839 2015 840 2015 841 2015 878 2011 930 2005 945 2013 954 2017 956 2017 957 2017 1075 2014 1076 1982 1076 1940 953 1935 952 1935 950 1935 949 1935 945 1937 937 1945 788 1945 771 1936 762 1932 761 1932 722 1932 720 1932 719 1932 710 1936 692 1943 648 1936 646 1936 381 1940 362 1932 353 1928 352 1928 350 1928 327 1932 289 1937 268 1931 259 1928 258 1928 223 1928 222 1928 220 1928 219 1928 216 1931 210 1936 202 1931 198 1927 197 1927 196 1927 194 1927 166 1930 107 1937 96 1930 93 1927 92 1927 90 1927 89 1927 62 1928 62 1973"/></Shape>
	    <String CONTENT="lequel il ne ſauroit rien pretendre; que Ceſar"
                    HPOS="61.0"
                    VPOS="1927.0"
                    WIDTH="1015.0"
                    HEIGHT="90.0"
                    WC="0.9796720937542294"></String>
          </TextLine>
        </TextBlock>
        <TextBlock HPOS="983.0"
                   VPOS="90.0"
                   WIDTH="106.0"
                   HEIGHT="67.0"
                   ID="block_0"
                   TAGREFS="BT15">
          <Shape><Polygon POINTS="1089 90 1089 157 983 157 983 90"/></Shape>
          <TextLine ID="line_0"
                    TAGREFS="LT8"
                    BASELINE="990 128 1078 128" 
                    HPOS="988.0"
                    VPOS="91.0"
                    WIDTH="88.0"
                    HEIGHT="74.0">
            <Shape><Polygon POINTS="988 126 988 150 1074 165 1076 126 1074 91 988 93 988 126"/></Shape>
	    <String CONTENT="207"
                    HPOS="988.0"
                    VPOS="91.0"
                    WIDTH="88.0"
                    HEIGHT="74.0"
                    WC="0.9999892314275106"></String>
          </TextLine>
        </TextBlock>
        <TextBlock HPOS="1063.0"
                   VPOS="644.0"
                   WIDTH="177.0"
                   HEIGHT="299.0"
                   ID="block_3"
                   TAGREFS="BT100009">
          <Shape><Polygon POINTS="1240 644 1240 943 1064 943 1064 913 1063 644"/></Shape>
          <TextLine ID="line_33"
                    TAGREFS="LT8"
                    BASELINE="1070 770 1213 770" 
                    HPOS="1070.0"
                    VPOS="736.0"
                    WIDTH="143.0"
                    HEIGHT="56.0">
            <Shape><Polygon POINTS="1070 770 1070 788 1126 785 1131 787 1152 792 1153 792 1154 792 1156 792 1157 792 1163 785 1178 792 1179 792 1180 792 1182 792 1213 783 1213 770 1213 744 1191 736 1189 736 1188 736 1187 736 1185 736 1178 744 1176 745 1139 745 1136 742 1128 736 1127 736 1126 736 1124 736 1070 740 1070 770"/></Shape>
	    <String CONTENT="de repri¬"
                    HPOS="1070.0"
                    VPOS="736.0"
                    WIDTH="143.0"
                    HEIGHT="56.0"
                    WC="0.999154441886478"></String>
          </TextLine>
          <TextLine ID="line_34"
                    TAGREFS="LT8"
                    BASELINE="1068 818 1185 817" 
                    HPOS="1066.0"
                    VPOS="789.0"
                    WIDTH="117.0"
                    HEIGHT="50.0">
            <Shape><Polygon POINTS="1066 816 1066 833 1181 839 1183 816 1183 789 1066 789 1066 816"/></Shape>
	    <String CONTENT="mer les"
                    HPOS="1066.0"
                    VPOS="789.0"
                    WIDTH="117.0"
                    HEIGHT="50.0"
                    WC="0.9598221949168614"></String>
          </TextLine>
          <TextLine ID="line_35"
                    TAGREFS="LT8"
                    BASELINE="1068 860 1095 866 1178 866" 
                    HPOS="1064.0"
                    VPOS="829.0"
                    WIDTH="113.0"
                    HEIGHT="57.0">
            <Shape><Polygon POINTS="1066 859 1064 886 1176 880 1177 865 1176 837 1066 829 1066 859"/></Shape>
	    <String CONTENT="tyrans"
                    HPOS="1064.0"
                    VPOS="829.0"
                    WIDTH="113.0"
                    HEIGHT="57.0"
                    WC="0.9999158879121145"></String>
          </TextLine>
        </TextBlock>
      </PrintSpace>
    </Page>
  </Layout>
</alto>
