1436 2338
102.0 141.0 1016.0 91.0 ſi gouuernez, quoy que de longue & large e¬

101.0 202.0 1015.0 87.0 ſtendue, neſont autre choſe que grands bri¬

103 283 238 72 gandages.

159.0 333.0 963.0 70.0 IL nous faut ici entrer vn peu plus auant:

103.0 377.0 1019.0 86.0 car on demande ſi le Roy qui preſide en l’ad¬

105.0 439.0 1002.0 85.0 miniſtration de iuſtice a puiſſance de reſoudre

103.0 494.0 1013.0 86.0 des afaires ſelon ſa volonté? Faut-il que le

110.0 554.0 1012.0 90.0 Roy ſoit ſuiet à la loy, ou ſi la loy depend de

107.0 611.0 1013.0 90.0 luy? La loy diſoit vn ancien eſt reſpectee de

111.0 681.0 996.0 77.0 ceux qui autrement ne ſe ſoucient de la vertu,

111.0 728.0 1011.0 94.0 attendu qu’elle guide la force és afaires de

114.0 798.0 1012.0 84.0 guerre, & donne vigueur & luſtre à la iuſtice

114.0 851.0 1012.0 86.0 & equité. Pauſanias Spartiate reſpondra en vn

119.0 915.0 1015.0 78.0 mot que c’eſt choſe conuenable aux loix de

115.0 976.0 1022.0 81.0 commander, & aux hommes de s’aſſuiettir aux

119.0 1037.0 1020.0 82.0 loix. Ageſilaus Roy de Sparte afferme que tout

120.0 1093.0 1021.0 82.0 chef de guerre eſt tenu de faire ce que les loix

122.0 1152.0 1019.0 83.0 luy commandent. Mais il ſera bon de repren¬

123.0 1215.0 1019.0 81.0 dre ce propos vn peu de plus haut. Lors que

124.0 1275.0 1018.0 83.0 le peuple commença à cercher iuſtice pour ap¬

127.0 1331.0 1019.0 83.0 pointer ſes differens, s’il rencontroit quelque

129.0 1388.0 1019.0 86.0 particulier homme de bien qui l’en reſoluſt, il

128.0 1450.0 1016.0 80.0 ſe contentoit de cela. Or pource que c’e¬

128.0 1510.0 1019.0 81.0 ſtoit choſe mal-aiſee, & de difficile rencon¬

131.0 1567.0 1016.0 83.0 tre, & que ſouuent les ſentences des Rois prin

132.0 1628.0 1014.0 78.0 ſes pour loix & fermes ordonnances ſe trou¬

133.0 1689.0 1017.0 77.0 uoyent contraires les vnes aux autres: alors

135.0 1747.0 1013.0 79.0 les plus ſages & quelques Magiſtrats inuente¬

136.0 1806.0 1012.0 85.0 rent les loix, qui parlent à tous d’vne meſme

139 1874 204 71 bouche.

418.0 98.0 385.0 60.0 QVES IION.

1059.0 74.0 52.0 88.0 135

1133 303 158 78 Aſauoir ſi

1133 366 160 68 le Roy eſt

1125.0 422.0 166.0 62.0 par deſſus

1126.0 471.0 126.0 68.0 la Loy.

1133 594 160 82 S.Auguſt.

1130.0 648.0 142.0 65.0 au 4.liu.

1137.0 699.0 160.0 68.0 de la Cité

1135 752 147 62 de Dieu,

1141 798 133 74 ch.4. &

1133 849 38 93 6.

874.0 1918.0 124.0 82.0 I.iiij.
