1417 2338
81.0 175.0 1006.0 60.0 à Iabin Roy de Chanaan, & ceſte ſeruitude a¬

81.0 218.0 1006.0 74.0 uoit ia duré l’eſpace de vingt ans, ce qui auoit

83.0 287.0 1006.0 66.0 acquis aucunement preſcription de droit ſur

83.0 344.0 1005.0 71.0 le royaume, ioint auſsi que preſque tout Iſ¬

81.0 401.0 1007.0 74.0 rael ſeruoit aux dieux eſtranges. Les principa¬

84.0 461.0 998.0 71.0 les & plus puiſſantes lignees, aſauoir, Ruben,

84.0 520.0 1008.0 70.0 Ephraim, Beniamin, Dan, Aſer & quelques au

84.0 583.0 1010.0 65.0 tres adheroyent à Iabin. Ce nonobſtant la

84.0 636.0 1011.0 75.0 Propheteſſe Debora, qui iugeoit Iſrael, fait

84.0 702.0 1013.0 68.0 prendre les armes aux lignees de Zabulon, de

89.0 755.0 1006.0 76.0 Nephtali & d’Iſſachar, ou du moins à quelques

87.0 817.0 1002.0 71.0 vns de ces lignees ſous la conduite de Barat,

87.0 875.0 1006.0 65.0 met en route Siſara lieutenant de Iabin, deli¬

88.0 937.0 1009.0 70.0 ure Iſrael, qui n’y penſoit pas & eſtoit content

85.0 996.0 1012.0 66.0 de demeurer eſclaue, & l’arrache de deſſous le

87.0 1057.0 1015.0 70.0 ioug des Chananeens, puis remet ſus le ſeruice

87.0 1111.0 1012.0 73.0 du vray Dieu. Mais dautant que Debora ſem¬

89.0 1179.0 1012.0 64.0 ble auoir eu vne vocation extraordinaire: que

89.0 1236.0 1012.0 68.0 l’Eſcriture n’aprouue pas en termes expres le

89.0 1293.0 1012.0 61.0 fait de ceux de Lobna, encores qu’en ſe taiſant

89.0 1352.0 1012.0 67.0 elle ſemble le trouuer bon: & que l’hiſtoire

91.0 1413.0 1008.0 69.0 des Machabees n’a pas eu grande autorité en

89.0 1471.0 1009.0 69.0 l’Egliſe anciene: & que lon dit communé¬

91.0 1530.0 1010.0 70.0 ment qu’il faut prouuer ſon dire par loix &

91.0 1592.0 1008.0 69.0 teſmoignages, non point par exemples: exa¬

91.0 1646.0 1010.0 73.0 minons par le fait ce qu’il faut iuger ſelon le

91.0 1710.0 834.0 66.0 droit en la matiere dont eſt queſtion.

395.0 114.0 368.0 50.0 QVRS TTOIN

1019.0 88.0 57.0 86.0 69

1091 153 131 88 Iuges 4

1089 224 90 66 & 5.

152.0 1769.0 946.0 66.0 Novs auons dit, que le Roy iuroit de gar¬

91.0 1826.0 1007.0 69.0 der la Loy de Dieu, & promettoit, autant que

94.0 1889.0 1004.0 58.0 ſes moyens ſe pourroyent eſtendre de main¬

94.0 1941.0 1004.0 82.0 tenir l’Egliſe: que le peuple d’Iſrael, conſideré

847.0 2006.0 122.0 78.0 E.iij.
