1421 2338
318.0 88.0 97.0 65.0 168

323 142 1002 84 lettes de ces deniers eſtoyent ſerrees en des

321 202 1004 88 coffres par chaſque dioceſe, & eſtoyẽt ces cof¬

310.0 271.0 1013.0 78.0 fres en la garde de gens choiſis pour ceſt ef¬

307.0 325.0 1014.0 86.0 fect, (c’eſtoyent ceux qu’on appelle auiour¬

309.0 387.0 1014.0 80.0 d’huy les Eſleus) afin qu’eux-meſmes payaſſẽt

305.0 446.0 1014.0 78.0 les ſoldats enroollez és villes de leurs dioce¬

306.0 506.0 1013.0 79.0 ſes: ce qui ſe pratiquoit de meſmes és autres

307.0 572.0 1019.0 76.0 pays, notamment en Flandres & és prouinces

307.0 624.0 1010.0 81.0 voiſines. Auiourd’huy, encores faut-il que le

303.0 687.0 1012.0 78.0 Parlement y conſente, autrement les tributs

302.0 745.0 1011.0 77.0 demandez ne ſortent aucun effect. Dauantage

298.0 805.0 1015.0 78.0 il y a certaines prouinces, qui ne ſont tenues à

298.0 866.0 1006.0 79.0 rien que du conſentement des Eſtats du pays,

296.0 924.0 1014.0 77.0 comme Languedoc, Bretagne, Prouence, Dau

298.0 983.0 1009.0 78.0 phiné & quelques autres. Toutes les Prouin¬

297.0 1041.0 1008.0 82.0 ces du pays bas ont le meſme priuilege. Fina¬

296.0 1102.0 1010.0 78.0 lement pour empeſcher que le fiſque n’attire

298.0 1158.0 1007.0 79.0 tout à ſoy, comme la ratelle qui fait ſecher les

296.0 1222.0 1006.0 75.0 autres membres du corps, en tous lieux on

293.0 1276.0 1008.0 83.0 baille au fiſque ſa portion. Puis donc que c’eſt

296 1330 1000 96 choſe notoire que ce qui a eſté aſsigné ordi¬

292.0 1405.0 1003.0 71.0 nairement ou extraordinairement aux Rois,

293.0 1458.0 1003.0 81.0 aſauoir les tributs, peages & tout le Domai¬

292.0 1520.0 997.0 80.0 ne, qui comprend les entrees, ports, paſſages,

288.0 1576.0 1003.0 81.0 ſorties, droits de regale, tailles, eſcheutes, con¬

287.0 1634.0 998.0 77.0 fiſcations, & autres droits de meſme nature,

281.0 1693.0 1003.0 79.0 leur ont eſté aſsignez afin de maintenir & ga¬

279.0 1752.0 1008.0 83.0 rantir le peuple & l’Eſtat du Royaume, en tel¬

274.0 1813.0 1011.0 79.0 Ie ſorte que ſi lon coupe tels nerfs il faut que

270.0 1870.0 1012.0 75.0 le peuple trebuſche, & en demoliſſant ces fon

270.0 1931.0 1002.0 84.0 demens, le Royaume tombe tout à plat:il ſen¬

613.0 105.0 423.0 54.0 TROISTESME

1181.0 2010.0 87.0 63.0 ſuit
