1421 2338
305 101 79 73 60

316 166 1011 79 eſtoit-ce pas afin d’auertir Iſrael, l’vn des re¬

315 235 1013 70 ſpondans, que s’il ne contenoit le Roy en de¬

315 296 1015 67 uoir, ce ſeroit au dam de tous? Car que veut

315 350 1015 74 dire le Prophete Ieremie, que la maiſon de Iu

314 413 1013 71 da eſt aſſeruie aux Aſſyriens à cauſe de l’impie¬

314 472 1014 70 té & cruauté de Manaſſes, ſinon qu’elle a eſté

314 536 1010 69 coulpable de tout cela, pour ne s’y eſtre pas op

323 586 1004 70 poſee. Pourtant S. Auguſtin & S. Ambroiſe di

319 646 1006 69 ſent, Herodes & Pilate condamnent Ieſus

322 710 1000 69 Chriſt, les Sacrificateurs le liurent à la mort,

316 774 1006 71 le peuple en a quelque compaſsion, & neant¬

311 832 1011 66 moins tous ſont punis. Pourquoy cela? Dau¬

307 891 1011 64 tant qu’ils ſont coulpables de la mort de celuy

309 954 1010 66 qu’ils pouuoyent tirer d’entre les mains des

305 1015 1013 66 meſchans iuges & gouuerneurs. On pourroit

305 1071 1013 68 adiouſter ici pluſieurs autres choſes recueillies

305 1132 1010 70 de diuers auteurs pour verification de ce que

302 1187 1011 74 deſſus, n’eſtoit que les teſmoignages de l’E¬

301 1250 1009 63 ſcriture ſaincte doiuent ſuffire auxChreſtiens.

142 592 169 74 S.Auguſt.

140 644 162 71 ſur le Pſ.

142 694 74 56 82.

659 109 313 66 SECONDE

142 766 164 43 Amoroiſe

146 791 124 96 teffe¬

361 1310 949 70 Av reſte, pource que le deuoir d’vn bon po

303 1370 1008 71 litique eſt d’empeſcher & preuenir le mal à ve¬

301 1431 1009 67 nir plus que de punir le peché commis, com¬

300 1489 1007 65 me les medecins preſcriuent pluſtoſt vne die¬

298 1548 1009 70 te pour chaſſer les maladies, que des remedes

300 1611 1006 67 pour les reprimer: certainement vn peuple af¬

297 1685 1010 52 fectronne a la vra je Reengion ne le contence¬

297 1731 1009 65 ra pas ſimplement de reprimer le Prince qui

301 1785 1003 65 voudroit abolir la Loy de Dieu, mais auſsi

300 1847 1002 70 prendra bien garde que rien ne ſoit introduit

302 1908 996 70 qui porte nuiſance par la malice & meſchan¬

302 1969 998 76 ceté d’iceluy, & qui par trait de temps puiſ¬

1248 2019 54 69 ſe
