1421 2338
64.0 151.0 1000.0 73.0 toutesfois les fragmens qui reſtent de ceſte

64.0 204.0 1000.0 84.0 loy, tant és liures qu’és inſcriptions Romai¬

64.0 263.0 1002.0 76.0 nes, monſtrent aſſez qu’ils auoyent charge &

64.0 324.0 1006.0 81.0 autorité de gouuerner & maintenir la Repu¬

64.0 383.0 1006.0 84.0 blique, non pas de la renuerſer & opprimer

70.0 444.0 1000.0 82.0 par tyrannie. Dauantage, les bons Empereurs

68.0 501.0 1002.0 82.0 ont declairé qu’ils eſtoyent obligez aux loix,

68.0 565.0 1007.0 80.0 & qu’ils tenoyent l’Empire du Senat, auquel

70.0 624.0 1005.0 78.0 ils rapportoyent les cauſes de conſequence,

71.0 679.0 1004.0 80.0 eſtimans que ce ſeroit outrepaſſer leur deuoir

72.0 737.0 999.0 83.0 de faire choſe concernant le bien public, ſans

71.0 807.0 395.0 74.0 Pauis deice Senat.

380.0 89.0 374.0 66.0 QVESTION.

127.0 858.0 949.0 79.0 SI nous conſiderons les Empires, Royau¬

75.0 917.0 1004.0 81.0 mes & Eſtats d’auiourd’huy, il n’y en a pas vn,

76.0 975.0 1004.0 83.0 où telle paction ne ſe face entre le Prince &

76.0 1033.0 1003.0 87.0 les ſuiets. Il n’y a pas long temps qu’en l’Em¬

77.0 1136.0 1007.0 45.0 pire d’Afemagne le Noy des Roiains citane

79.0 1156.0 1004.0 85.0 preſt à eſtre couronné Empereur, eſtoit tenu

77.0 1215.0 1003.0 85.0 de faire hommage & preſter ſerment à l’Em¬

80.0 1272.0 1004.0 89.0 pire, ne plus ne moins que le vaſſal à ſon ſei¬

84.0 1332.0 996.0 86.0 gneur lors qu’il eſt inueſti du fief. Or com¬

81.0 1395.0 1003.0 83.0 bien que les paroles de ſon ſerment couchees

84.0 1456.0 999.0 85.0 par les Papes ayent eſté quelque peu chãgees,

83.0 1517.0 1006.0 76.0 toutesfois la meſme choſe demeure touſiours.

81.0 1566.0 1002.0 82.0 Suiuant quoy nous ſauons que Charles cin¬

85.0 1632.0 998.0 78.0 quieſme de la maiſon d’Auſtriche fut eſleu

83.0 1695.0 1000.0 83.0 Empereur ſous certaines conditions, comme

85.0 1756.0 1007.0 79.0 auſsi ſes ſucceſſeurs: deſquelles le ſommaire e¬

87.0 1811.0 1007.0 82.0 ſtoit, Qu’il gardera les loix ia faites, n’en fera

89.0 1875.0 1003.0 78.0 point de nouuelles ſans l’auis des Electeurs,

93.0 1935.0 1000.0 100.0 gouuernera les afaires du public par l’auis de

996.0 72.0 68.0 74.0 187

1101 1568 156 82 Specul Sa

1101 1632 150 59 xonic. lib.

1097 1681 138 64 3.art.54.
