1445 2343
337 119 65 76 54

337.0 173.0 1019.0 76.0 min, pour traiter alliance auec Dieu? Illec ſe

339.0 253.0 1012.0 60.0 trouuerent pluſieurs des lignees d’Ephraim,

339.0 298.0 1014.0 71.0 de Manaſſé & de Simeon, qui y eſtoyent ve¬

338.0 361.0 1017.0 71.0 nus pour ſeruir purement au Seigneur. Apres

338.0 415.0 1017.0 75.0 les ſacrifices faits ſelon la Loy, l’alliance eſt

342.0 477.0 1010.0 69.0 contractee en ces termes, Quiconque n’inuo¬

337.0 536.0 1016.0 73.0 quera point le Seigneur Dieu d’Iſrael, ſoit le

341.0 598.0 1014.0 71.0 plus petit, ſoit le plus grand, qu’il meure de

334.0 654.0 1019.0 71.0 mort. En faiſant mention du plus grand, vous

334.0 717.0 1018.0 69.0 voyez que le Roy meſme n’eſt pas exempte de

333.0 777.0 1019.0 66.0 la punition decernee. Mais qui pourroit cha¬

331.0 835.0 1018.0 69.0 ſtier le Roy (car il eſt ici queſtion de punition

330.0 895.0 1019.0 68.0 corporelle & temporelle) ſi ce n’eſt tout le

331.0 956.0 1018.0 72.0 peuple, à qui le Roy iure & s’oblige, ne plus ne

156.0 1012.0 1191.0 74.0 2.Rois 23. moins que le peuple au Roy? Nous liſons auſ¬

324.0 1068.0 1013.0 80.0 ſi que le Roy Ioſias, maieur de vingtcinq ans,

330.0 1128.0 1013.0 72.0 enſemble tout le peuple, traita alliance a¬

322.0 1193.0 1022.0 72.0 uec le Seigneur: le Roy & le peuple promet¬

322.0 1253.0 1020.0 70.0 tans garder les Loix & ordonnances de Dieu,

321.0 1314.0 1022.0 68.0 comme dés l’heure, pour acomplir en quel¬

322.0 1371.0 1022.0 67.0 que ſorte la teneur de l’alliance, l’idolatrie de

320.0 1433.0 1020.0 69.0 Baal fut miſe bas. Si quelqu’vn veut plus exa¬

320.0 1491.0 1018.0 67.0 ctement fueilleter l’Hiſtoire ſaincte, peut-e¬

317.0 1552.0 1019.0 68.0 eſtre pourra-il y trouuer encores d’autres teſ¬

318.0 1615.0 282.0 69.0 moignages.

165.0 492.0 156.0 76.0 2. Chron.

167.0 567.0 99.0 72.0 15.13.

679.0 121.0 314.0 54.0 SECONDE

154.0 1085.0 43.0 53.0 2.

156.0 1123.0 155.0 69.0 2.Chron.

158.0 1185.0 91.0 59.0 449.

380.0 1667.0 959.0 73.0 MAIS à quel propos auroit eſté requis le

312.0 1732.0 1027.0 68.0 conſentement du peuple, pourquoy Iſrael ou

313.0 1785.0 1026.0 72.0 Iuda ſe ſeroit-il obligé d’obſeruer la Loy de

313.0 1849.0 1023.0 69.0 Dieu, à quelle occaſion auroit-il promis ſi ſo¬

309.0 1908.0 1026.0 69.0 Iennellement d’eſtre à iamais le peuple de

312.0 1966.0 1022.0 77.0 Dieu, ſi lon veut nier que par meſme moyen il

1200.0 2027.0 123.0 69.0 n’ait
