1455 2338
142 206 168 82 1.Rois 18.

146 268 52 86 19.

315 77 63 84 56

310.0 161.0 1041.0 66.0 Pour exemple, Achab ayant tué les Prophetes

314 204 1031 88 de Dieu, le Prophete Elie aſſemble le peuple,

308.0 268.0 1035.0 84.0 & par maniere de dire tient les eſtats, tance,

304.0 327.0 1043.0 86.0 reprend & redargue vn chaſcun. Le peuple à

304.0 387.0 1039.0 82.0 ſon exhortation empoigne & fait mourir les

300.0 446.0 1043.0 85.0 preſtres de Baal.Pource que le Roy ne ſe ſou¬

300.0 504.0 1043.0 88.0 cie de ſon deuoir, il faut qu’Iſrael s’acquitte du

300.0 566.0 1039.0 76.0 ſien, ſans tumulte ni à l’eſtourdie, ains par au¬

300.0 623.0 1039.0 90.0 torité publique, les eſtats aſſemblez, & l’equité

300.0 685.0 1034.0 82.0 de la cauſe ayant eſté debatue par ordre, &

300.0 744.0 1032.0 84.0 bien conue auant que mettre la main à aucu¬

300.0 804.0 320.0 68.0 ne execution.

662.0 88.0 333.0 61.0 SECONDE

354.0 870.0 980.0 75.0 A V contraire toutes & quantesfois que

293.0 927.0 1041.0 77.0 Iſrael a failli de s’oppoſer à vn Roy qui ren¬

293.0 988.0 1039.0 75.0 uerſoit le ſeruice de Dieu, ce qui a eſté dit des

294.0 1048.0 1040.0 75.0 deux redeuables, dont le mauuais meſnage de

294.0 1124.0 1034.0 59.0 I’vn preidicie à l’autre, eſt lors auenu. Car

296.0 1170.0 1034.0 71.0 comme le Roy a eſté puni de ſon idolatrie &

292.0 1224.0 1035.0 77.0 deſloyauté, auſsi le peuple a eſté chaſtié de ſa

293.0 1291.0 1033.0 71.0 pareſſ, conniuence & ſtupidité: & eſt auenu

291.0 1350.0 1034.0 70.0 que les Rois ont decliné beaucoup plus ſou¬

289.0 1410.0 1034.0 73.0 uent que le peuple, dautant que d’ordinaire

287.0 1470.0 1025.0 71.0 les plus grãds ſe moulent aux mœurs du Roy,

285.0 1530.0 1033.0 74.0 & le peuple ſe conforme à ceux qui le gouuer¬

284.0 1588.0 1035.0 74.0 nent: brief tous pechent pluſtoſt à l’exemple

285.0 1649.0 1032.0 70.0 d’vn, que ce ſeul ne s’amende auec tous les au¬

284.0 1708.0 1030.0 71.0 tres. Ce que nous diſons paroiſtra encores

288.0 1759.0 1024.0 82.0 mieux par exemples. Que penſons nous qui a

279.0 1823.0 1035.0 68.0 eſlé cauſe de la desfaite & route de l’armee de

275.0 1882.0 1035.0 76.0 Iſrael auec ſon Roy Saul ? Dieu chaſtie-il le

278.0 1945.0 1032.0 87.0 peuple pour les pechez du Prince? L’enfant

118.0 1749.0 156.0 85.0 1.Sam31

1170.0 2005.0 136.0 87.0 eſt-il
