1440 2343
61 167 1033 62 Dien iu pomciure delu eimundomupeuple

59 209 1032 77 n’euſt eu quelque autorité de promettre & de

58 270 1031 77 tenir promeſſe, c’eſtoit perdre temps & paro¬

57 329 1032 73 les de contracter alliance. Il ſemble donc que

58 389 1029 75 Dieu a fait comme les preſteurs qui ont afai¬

55 446 1032 74 re à des emprunteurs non aſſez feables, & en

54 505 1034 79 font obliger pluſieurs enſemble au payement

55 568 1032 73 d’vne meſme ſomme, tellement que deux ou

55 623 1032 79 pluſieurs ſont liez l’vn pour l’autre, & vn ſeul

58 687 1027 77 pour le tout au payement du total, & le peut

55 744 1028 74 on demander à qui lon veut de chaſcun d’eux.

55 804 1032 75 Il y auoit danger de commettre la garde de

55 860 1030 81 l’Egliſe à vn ſeul homme: & pourtant Dieu

55 922 1030 77 s’en fie à tout le peuple. Le Roy eſleué en vn

54 980 1029 80 lieu ſi gliſſant pouuoit aiſément ſe corrom¬

57 1040 1028 83 pre. De peur donc que l’Egliſe ne trebuchaſt

54 1102 1031 79 auec, Dieu a voulu que le peuple en reſpondiſt

54 1159 1026 78 auſsi. En la ſtipulation, de laquelle il s’agiſt,

54 1220 1029 71 Dieu, ou (en ſa place) le Souuerain Sacrifica¬

54 1280 1031 78 teur ſtipule: le Roy & tout le peuple, aſauoir

54 1342 1031 74 Iſrael, promettent, tous deux pour vne meſme

54 1401 1037 76 cauſe, & volontairement obligez enſemble. Le

54 1460 1034 70 Sacri ficateur demande s’ils ne promettent pas

58 1519 1027 78 que le peuple ſera peuple de Dieu, & qu’ils

55 1581 1034 68 donneront ordre que Dieu aura touſiours

54 1634 1037 80 ſon temple ſon Egliſe au milieu d’eux, où il

54 1697 1037 77 ſera purement ſerui? Le Roy reſpond, auſ¬

53 1759 1035 73 ſi fait le peuple, non point ſeparément,

54 1817 1037 73 ains enſemble, comme les paroles en font

58 1878 1029 73 foy, incontinent & non point par in¬

57 1938 1031 89 terualle, ni l’vn long temps apres l’autre.

378 102 390 52 QV ES TTORM

1055 93 41 63 51

808 1999 125 84 D.ij.
