<?xml version="1.0" encoding="UTF-8"?>
<alto xmlns:xsi="http://www.w3.org/2001/XMLSchema-instance"
      xmlns="http://www.loc.gov/standards/alto/ns-v4#"
      xsi:schemaLocation="http://www.loc.gov/standards/alto/ns-v4# http://www.loc.gov/standards/alto/v4/alto-4-2.xsd">
  <Description>
    <MeasurementUnit>pixel</MeasurementUnit>
    <sourceImageInformation>
      <fileName>page_00232.png</fileName>
    </sourceImageInformation>
  </Description>
  <Tags>
    <OtherTag ID="BT7" LABEL="CustomZone" DESCRIPTION="block type CustomZone"/><OtherTag ID="BT8" LABEL="DamageZone" DESCRIPTION="block type DamageZone"/><OtherTag ID="BT9" LABEL="DigitizationArtefactZone" DESCRIPTION="block type DigitizationArtefactZone"/><OtherTag ID="BT10" LABEL="DropCapitalZone" DESCRIPTION="block type DropCapitalZone"/><OtherTag ID="BT11" LABEL="GraphicZone" DESCRIPTION="block type GraphicZone"/><OtherTag ID="BT12" LABEL="MainZone" DESCRIPTION="block type MainZone"/><OtherTag ID="BT13" LABEL="MarginTextZone" DESCRIPTION="block type MarginTextZone"/><OtherTag ID="BT14" LABEL="MusicZone" DESCRIPTION="block type MusicZone"/><OtherTag ID="BT15" LABEL="NumberingZone" DESCRIPTION="block type NumberingZone"/><OtherTag ID="BT17" LABEL="QuireMarksZone" DESCRIPTION="block type QuireMarksZone"/><OtherTag ID="BT18" LABEL="RunningTitleZone" DESCRIPTION="block type RunningTitleZone"/><OtherTag ID="BT19" LABEL="SealZone" DESCRIPTION="block type SealZone"/><OtherTag ID="BT20" LABEL="StampZone" DESCRIPTION="block type StampZone"/><OtherTag ID="BT21" LABEL="TableZone" DESCRIPTION="block type TableZone"/><OtherTag ID="BT22" LABEL="TitlePageZone" DESCRIPTION="block type TitlePageZone"/><OtherTag ID="BT100001" LABEL="MainZone-Head" DESCRIPTION="block type MainZone-Head"/><OtherTag ID="BT100011" LABEL="MainZone-Entry" DESCRIPTION="block type MainZone-Entry"/><OtherTag ID="BT100005" LABEL="MainZone-P" DESCRIPTION="block type MainZone-P"/><OtherTag ID="BT100008" LABEL="MainZone-Sp" DESCRIPTION="block type MainZone-Sp"/><OtherTag ID="BT100006" LABEL="MainZone-Continued" DESCRIPTION="block type MainZone-Continued"/><OtherTag ID="BT100009" LABEL="MarginTextZone-Notes" DESCRIPTION="block type MarginTextZone-Notes"/><OtherTag ID="BT100007" LABEL="MarginTextZone-ManuscriptAddendum" DESCRIPTION="block type MarginTextZone-ManuscriptAddendum"/><OtherTag ID="BT100013" LABEL="StampZone-Sticker" DESCRIPTION="block type StampZone-Sticker"/><OtherTag ID="BT100014" LABEL="MainZone-ListItem" DESCRIPTION="block type MainZone-ListItem"/>
    <OtherTag ID="LT7" LABEL="CustomLine" DESCRIPTION="line type CustomLine"/><OtherTag ID="LT8" LABEL="DefaultLine" DESCRIPTION="line type DefaultLine"/><OtherTag ID="LT9" LABEL="DropCapitalLine" DESCRIPTION="line type DropCapitalLine"/><OtherTag ID="LT10" LABEL="HeadingLine" DESCRIPTION="line type HeadingLine"/><OtherTag ID="LT11" LABEL="InterlinearLine" DESCRIPTION="line type InterlinearLine"/><OtherTag ID="LT12" LABEL="MusicLine" DESCRIPTION="line type MusicLine"/><OtherTag ID="LT747" LABEL="default" DESCRIPTION="line type default"/>
  </Tags>
  <Layout>
    <Page WIDTH="1421"
          HEIGHT="2338"
          PHYSICAL_IMG_NR="231"
          ID="eSc_dummypage_">
      <PrintSpace HPOS="0"
                  VPOS="0"
                  WIDTH="1421"
                  HEIGHT="2338">
        <TextBlock HPOS="315.0"
                   VPOS="84.0"
                   WIDTH="91.0"
                   HEIGHT="65.0"
                   ID="block_2"
                   TAGREFS="BT15">
          <Shape><Polygon POINTS="406 84 406 149 315 149 315 84"/></Shape>
          <TextLine ID="line_0"
                    TAGREFS="LT8"
                    BASELINE="323 123 399 122" 
                    HPOS="319.0"
                    VPOS="85.0"
                    WIDTH="78.0"
                    HEIGHT="65.0">
            <Shape><Polygon POINTS="378 85 358 85 339 85 319 85 321 122 321 150 397 150 397 120 393 85 378 85"/></Shape>
	    <String CONTENT="232"
                    HPOS="319.0"
                    VPOS="85.0"
                    WIDTH="78.0"
                    HEIGHT="65.0"
                    WC="0.9992980559666952"></String>
          </TextLine>
        </TextBlock>
        <TextBlock HPOS="321.0"
                   VPOS="156.0"
                   WIDTH="1013.0"
                   HEIGHT="653.0"
                   ID="block_5"
                   TAGREFS="BT100006">
          <Shape><Polygon POINTS="1334 156 1334 809 321 809 321 156"/></Shape>
          <TextLine ID="line_2"
                    TAGREFS="LT8"
                    BASELINE="328 193 1326 198" 
                    HPOS="328.0"
                    VPOS="150.0"
                    WIDTH="998.0"
                    HEIGHT="72.0">
            <Shape><Polygon POINTS="328 193 328 213 422 210 435 214 450 218 452 218 453 218 477 214 496 210 509 214 524 218 526 218 655 219 657 219 709 214 723 213 733 214 765 219 766 219 767 219 787 214 796 211 802 214 813 218 814 218 815 218 913 214 957 213 966 214 996 220 997 220 998 220 1023 214 1031 213 1040 214 1078 222 1079 222 1080 222 1106 214 1109 214 1113 214 1156 222 1157 222 1158 222 1178 214 1180 214 1250 214 1252 214 1261 222 1262 222 1263 222 1265 222 1324 214 1326 198 1326 164 1248 155 1246 155 1245 155 1220 163 1219 163 1194 154 1193 154 1192 154 1191 154 1165 163 1163 163 1154 155 1153 155 1152 155 1076 153 1018 153 1017 153 1015 153 1014 153 1002 162 1002 163 933 163 932 162 922 154 920 154 919 154 918 154 917 154 898 162 897 163 828 163 809 161 670 151 668 151 611 161 605 161 602 161 579 150 578 150 576 150 328 158 328 193"/></Shape>
	    <String CONTENT="endroit: à quelle punition condamnerons¬"
                    HPOS="328.0"
                    VPOS="150.0"
                    WIDTH="998.0"
                    HEIGHT="72.0"
                    WC="0.9837492966070408"></String>
          </TextLine>
          <TextLine ID="line_3"
                    TAGREFS="LT8"
                    BASELINE="326 253 1327 257" 
                    HPOS="324.0"
                    VPOS="209.0"
                    WIDTH="1003.0"
                    HEIGHT="72.0">
            <Shape><Polygon POINTS="326 253 324 271 354 277 355 277 357 277 358 277 364 271 370 268 524 268 537 271 562 277 563 277 565 277 566 277 567 277 575 271 579 268 583 271 592 277 593 277 594 277 596 277 683 271 692 271 697 271 749 279 750 279 817 271 831 270 833 271 849 279 850 279 852 280 944 280 944 279 945 279 965 271 966 271 1006 280 1007 281 1106 281 1106 280 1107 280 1109 280 1118 272 1133 280 1135 280 1136 280 1175 272 1187 280 1188 280 1189 280 1191 281 1232 281 1232 280 1233 280 1253 271 1326 271 1327 257 1327 220 1311 211 1310 211 1309 211 1245 211 1244 211 1243 211 1241 211 1226 222 1224 223 1056 223 1052 220 1035 211 1033 211 1032 211 962 219 946 220 944 219 931 210 930 210 928 210 927 210 878 218 876 218 848 210 846 210 845 210 844 210 827 218 820 220 806 218 776 211 775 211 723 216 683 220 674 216 661 209 659 209 658 209 657 209 639 215 628 219 607 215 572 209 507 209 506 209 505 209 494 214 484 219 448 214 416 209 415 209 394 213 364 219 326 213 326 253"/></Shape>
	    <String CONTENT="nous celuy qui trahit malicieuſement ou laſ¬"
                    HPOS="324.0"
                    VPOS="209.0"
                    WIDTH="1003.0"
                    HEIGHT="72.0"
                    WC="0.9967788444323973"></String>
          </TextLine>
          <TextLine ID="line_4"
                    TAGREFS="LT8"
                    BASELINE="323 313 1327 319" 
                    HPOS="322.0"
                    VPOS="270.0"
                    WIDTH="1005.0"
                    HEIGHT="74.0">
            <Shape><Polygon POINTS="323 313 322 324 431 327 445 335 446 335 448 335 449 335 479 327 506 336 507 336 509 336 571 329 611 339 613 340 719 340 719 339 720 339 722 339 733 331 805 340 806 340 807 340 833 329 835 329 836 329 871 339 872 339 874 339 918 331 926 329 936 331 1017 341 1018 341 1083 332 1094 331 1148 331 1150 332 1165 342 1166 342 1167 342 1169 344 1169 342 1170 342 1171 342 1185 333 1187 332 1189 333 1215 342 1217 342 1218 342 1326 333 1327 319 1324 275 1284 284 1154 275 1126 274 1124 274 1102 275 1030 283 1007 276 1001 274 1000 274 998 274 997 274 988 276 962 283 885 276 878 276 876 276 865 276 779 281 753 276 720 271 719 271 718 271 697 277 684 281 606 281 598 277 587 272 585 272 584 272 583 272 581 272 575 277 571 280 531 277 465 274 463 274 432 277 424 279 422 279 403 270 402 270 344 270 342 270 341 270 323 277 323 313"/></Shape>
	    <String CONTENT="chement ceux qu’il a prins en ſa garde? Vn tel"
                    HPOS="322.0"
                    VPOS="270.0"
                    WIDTH="1005.0"
                    HEIGHT="74.0"
                    WC="0.9915452664313109"></String>
          </TextLine>
          <TextLine ID="line_5"
                    TAGREFS="LT8"
                    BASELINE="323 372 1326 376" 
                    HPOS="322.0"
                    VPOS="329.0"
                    WIDTH="1004.0"
                    HEIGHT="68.0">
            <Shape><Polygon POINTS="323 372 322 384 380 393 381 393 383 393 384 393 392 387 401 394 402 394 403 394 405 394 527 387 533 387 541 387 658 396 659 396 715 389 766 396 767 396 768 396 781 389 784 388 785 389 797 394 798 394 800 394 841 389 855 388 871 389 913 396 914 396 944 390 952 389 959 390 992 397 993 397 1067 392 1100 389 1105 392 1111 397 1113 397 1114 397 1115 397 1185 393 1240 389 1323 393 1326 376 1324 345 1128 345 1114 341 1079 333 1078 333 988 339 933 342 917 339 894 332 893 332 892 332 891 332 879 337 875 340 871 337 866 333 865 333 863 333 862 333 861 333 853 337 850 339 840 337 811 332 810 332 809 332 807 332 804 336 801 339 794 336 781 332 780 332 779 332 778 332 776 332 771 336 761 342 696 335 692 335 691 335 687 335 616 341 591 333 583 331 581 331 548 331 546 331 545 331 541 332 524 342 426 342 409 331 407 331 406 331 323 329 323 372"/></Shape>
	    <String CONTENT="donques ſera tenu de commander aux mari¬"
                    HPOS="322.0"
                    VPOS="329.0"
                    WIDTH="1004.0"
                    HEIGHT="68.0"
                    WC="0.9986466750502586"></String>
          </TextLine>
          <TextLine ID="line_6"
                    TAGREFS="LT8"
                    BASELINE="323 432 1326 436" 
                    HPOS="322.0"
                    VPOS="390.0"
                    WIDTH="1004.0"
                    HEIGHT="69.0">
            <Shape><Polygon POINTS="323 432 322 446 333 454 335 454 336 454 337 454 420 449 437 455 439 455 440 455 522 448 533 448 653 448 655 448 671 457 672 457 674 457 675 457 706 449 707 449 752 449 754 449 768 457 770 457 771 458 918 458 918 457 919 457 920 457 930 450 932 449 940 452 962 457 963 457 965 457 997 452 1009 450 1031 452 1100 458 1101 459 1136 459 1136 458 1137 458 1139 458 1145 453 1149 450 1152 453 1157 457 1158 457 1159 457 1161 457 1162 457 1171 453 1179 450 1228 450 1237 454 1245 458 1246 458 1248 458 1324 454 1326 436 1326 402 1293 392 1292 392 1291 392 1205 394 1204 394 1202 394 1193 401 1193 402 1102 402 1100 401 1067 392 1066 392 1065 392 972 398 952 390 950 390 949 390 874 392 872 392 871 392 862 400 852 390 850 390 849 390 848 390 846 390 845 390 831 400 800 390 798 390 715 390 714 390 713 390 711 390 700 398 681 390 680 390 679 390 678 390 662 400 659 400 323 398 323 432"/></Shape>
	    <String CONTENT="niers auec vn cri d’allegreſſe: il donra ordre"
                    HPOS="322.0"
                    VPOS="390.0"
                    WIDTH="1004.0"
                    HEIGHT="69.0"
                    WC="0.9991511223108872"></String>
          </TextLine>
          <TextLine ID="line_7"
                    TAGREFS="LT8"
                    BASELINE="323 492 1323 494" 
                    HPOS="322.0"
                    VPOS="450.0"
                    WIDTH="1001.0"
                    HEIGHT="69.0">
            <Shape><Polygon POINTS="323 492 322 511 370 516 371 516 372 516 392 511 405 509 413 511 426 516 427 516 428 516 429 516 431 516 436 511 441 509 490 509 515 511 555 516 557 516 558 516 559 516 566 511 570 509 635 509 642 511 657 516 658 516 659 518 745 518 745 516 792 511 809 509 813 510 822 518 823 518 824 518 826 519 875 519 875 518 876 518 878 518 889 510 891 510 900 516 901 516 902 516 904 516 980 510 989 510 993 510 1037 518 1039 518 1137 510 1141 510 1144 510 1197 518 1198 518 1200 518 1224 510 1256 516 1257 516 1322 509 1323 494 1322 463 1218 454 1217 454 1180 462 1178 462 1165 452 1163 452 1162 452 1139 452 1137 452 1136 452 1135 452 1123 462 1122 462 1118 462 1065 453 1063 453 1062 453 1040 461 1036 463 839 463 826 461 787 453 785 453 784 453 767 459 765 462 685 462 681 459 661 450 659 450 658 450 323 457 323 492"/></Shape>
	    <String CONTENT="que la Republique ne reçoiue aucun domma¬"
                    HPOS="322.0"
                    VPOS="450.0"
                    WIDTH="1001.0"
                    HEIGHT="69.0"
                    WC="0.9955083429813385"></String>
          </TextLine>
          <TextLine ID="line_8"
                    TAGREFS="LT8"
                    BASELINE="326 553 1324 555" 
                    HPOS="324.0"
                    VPOS="509.0"
                    WIDTH="1000.0"
                    HEIGHT="72.0">
            <Shape><Polygon POINTS="326 553 324 571 341 578 342 578 344 578 345 578 361 571 363 571 502 571 507 571 541 579 542 579 865 572 880 572 881 572 907 580 909 580 910 581 968 581 968 580 970 580 987 572 988 572 1036 580 1037 580 1076 572 1079 572 1081 572 1131 580 1132 581 1270 581 1270 580 1271 580 1284 574 1301 580 1302 580 1304 581 1304 580 1305 580 1323 572 1324 555 1324 520 1289 510 1288 510 1248 510 1246 510 1245 510 1244 510 1231 520 1231 522 1153 522 1152 520 1139 510 1137 510 1136 510 1135 510 1133 510 1098 520 1096 522 985 522 983 519 965 510 963 510 914 510 913 510 911 510 910 510 896 519 892 522 827 522 820 519 794 509 793 509 642 509 641 509 640 509 622 518 618 520 520 520 515 516 500 509 498 509 433 509 432 509 431 509 429 509 420 516 415 519 326 516 326 553"/></Shape>
	    <String CONTENT="ge, &amp; maugré le Roy meſme conſeruera le"
                    HPOS="324.0"
                    VPOS="509.0"
                    WIDTH="1000.0"
                    HEIGHT="72.0"
                    WC="0.9922683015465736"></String>
          </TextLine>
          <TextLine ID="line_9"
                    TAGREFS="LT8"
                    BASELINE="320 611 1322 615" 
                    HPOS="320.0"
                    VPOS="567.0"
                    WIDTH="1002.0"
                    HEIGHT="74.0">
            <Shape><Polygon POINTS="320 611 320 635 649 629 655 633 661 639 662 639 663 639 665 639 714 633 733 632 749 633 788 639 789 639 835 633 858 631 866 633 880 639 881 639 883 639 884 639 897 633 904 631 909 633 922 639 923 639 924 639 1005 632 1018 632 1022 632 1049 640 1050 640 1052 640 1053 640 1076 632 1078 632 1089 640 1091 640 1092 640 1093 641 1132 641 1132 640 1217 632 1219 632 1220 632 1265 640 1266 640 1320 631 1322 615 1320 571 1285 571 1284 571 1283 571 1282 571 1266 581 1215 575 1214 575 1213 575 1211 575 1202 583 1119 583 1061 571 1059 571 1058 571 1026 581 988 570 987 570 985 570 984 570 952 580 876 580 846 570 845 570 722 570 720 570 658 580 592 580 580 570 579 570 578 570 576 570 575 570 558 579 444 579 428 568 427 568 426 568 424 568 423 568 389 578 375 568 374 568 372 568 320 567 320 611"/></Shape>
	    <String CONTENT="Royaume, ſans qui le Roy ne ſeroit point, &amp;"
                    HPOS="320.0"
                    VPOS="567.0"
                    WIDTH="1002.0"
                    HEIGHT="74.0"
                    WC="0.9992457947065664"></String>
          </TextLine>
          <TextLine ID="line_10"
                    TAGREFS="LT8"
                    BASELINE="322 671 1322 675" 
                    HPOS="320.0"
                    VPOS="628.0"
                    WIDTH="1002.0"
                    HEIGHT="69.0">
            <Shape><Polygon POINTS="322 671 320 687 481 693 483 693 583 688 628 685 636 688 654 694 655 694 657 694 692 688 698 687 702 688 718 694 719 694 720 696 850 696 850 694 852 694 853 694 861 688 863 687 880 688 939 693 940 693 967 688 978 687 1050 687 1052 688 1063 696 1065 696 1066 696 1067 696 1192 688 1206 688 1209 688 1228 696 1230 696 1231 697 1295 697 1295 696 1296 696 1320 688 1322 675 1322 642 1298 631 1297 631 1296 631 1295 631 1253 641 1218 631 1217 631 1215 631 1214 631 1194 641 1101 635 1100 635 1098 635 1097 635 1089 641 1074 631 1072 631 1071 631 1070 631 1007 639 989 629 988 629 987 629 985 629 958 640 918 629 917 629 915 629 866 637 817 629 815 629 814 629 789 640 788 640 720 633 719 633 718 633 694 640 680 633 679 633 678 633 676 633 657 640 654 640 635 640 342 628 341 628 340 628 322 637 322 671"/></Shape>
	    <String CONTENT="s’il n’y a autre remede tiendra les pieds &amp;"
                    HPOS="320.0"
                    VPOS="628.0"
                    WIDTH="1002.0"
                    HEIGHT="69.0"
                    WC="0.9996209906977277"></String>
          </TextLine>
          <TextLine ID="line_11"
                    TAGREFS="LT8"
                    BASELINE="322 732 1319 736" 
                    HPOS="320.0"
                    VPOS="684.0"
                    WIDTH="999.0"
                    HEIGHT="79.0">
            <Shape><Polygon POINTS="322 732 320 759 341 761 342 761 344 761 345 761 345 759 362 748 380 758 381 758 383 758 384 758 405 748 423 759 426 761 427 761 428 761 429 762 453 762 453 761 454 761 455 761 458 758 472 748 562 748 654 754 655 754 706 749 716 755 726 762 727 762 728 762 729 763 865 763 865 762 866 762 867 762 876 754 884 749 926 749 945 753 988 763 989 763 991 763 1033 753 1037 752 1041 753 1066 759 1067 759 1068 759 1154 752 1167 750 1171 752 1196 759 1197 759 1198 759 1237 750 1239 750 1240 750 1272 763 1274 763 1275 763 1276 763 1318 749 1319 736 1319 701 1275 687 1274 687 1213 687 1211 687 1210 687 1180 700 1162 687 1161 687 1159 687 1158 687 1157 687 1111 700 1109 701 1056 701 1053 700 1039 692 1037 692 1036 692 993 700 987 700 966 700 949 685 948 685 946 685 945 685 845 694 813 685 811 685 810 685 809 685 787 697 753 698 739 698 736 698 687 685 685 685 684 685 683 685 645 697 632 691 631 691 629 691 628 691 602 697 580 684 579 684 578 684 576 684 575 684 540 697 519 684 518 684 516 684 492 684 490 684 489 684 488 684 471 696 441 691 440 691 439 691 427 697 426 697 401 684 400 684 370 684 368 684 367 684 342 697 341 697 322 697 322 732"/></Shape>
	    <String CONTENT="poings liez à ce Roy, afin de le guerir de ſa fre"
                    HPOS="320.0"
                    VPOS="684.0"
                    WIDTH="999.0"
                    HEIGHT="79.0"
                    WC="0.985857583284378"></String>
          </TextLine>
          <TextLine ID="line_12"
                    TAGREFS="LT8"
                    BASELINE="318 789 662 792" 
                    HPOS="316.0"
                    VPOS="740.0"
                    WIDTH="346.0"
                    HEIGHT="74.0">
            <Shape><Polygon POINTS="318 789 316 810 468 813 470 813 471 813 472 813 489 806 581 814 592 814 593 814 594 814 596 814 618 807 659 814 662 792 662 761 585 759 553 741 552 741 487 740 485 740 484 740 445 757 403 741 402 741 401 741 318 757 318 789"/></Shape>
	    <String CONTENT="neſie &amp; fureur."
                    HPOS="316.0"
                    VPOS="740.0"
                    WIDTH="346.0"
                    HEIGHT="74.0"
                    WC="0.9982799887657166"></String>
          </TextLine>
        </TextBlock>
        <TextBlock HPOS="619.0"
                   VPOS="87.0"
                   WIDTH="462.0"
                   HEIGHT="60.0"
                   ID="block_3"
                   TAGREFS="BT18">
          <Shape><Polygon POINTS="1081 87 1081 147 619 147 619 87"/></Shape>
          <TextLine ID="line_1"
                    TAGREFS="LT8"
                    BASELINE="631 123 1074 125" 
                    HPOS="627.0"
                    VPOS="87.0"
                    WIDTH="445.0"
                    HEIGHT="68.0">
            <Shape><Polygon POINTS="1056 87 1036 87 1017 87 998 87 978 87 959 87 939 87 920 87 900 87 881 87 861 87 842 87 822 87 803 87 783 87 764 87 744 87 725 87 705 87 686 87 666 87 647 87 629 87 629 122 627 148 639 155 641 155 643 155 645 155 1070 146 1072 124 1070 87 1056 87"/></Shape>
	    <String CONTENT="TROISIESME"
                    HPOS="627.0"
                    VPOS="87.0"
                    WIDTH="445.0"
                    HEIGHT="68.0"
                    WC="0.9999572694301605"></String>
          </TextLine>
        </TextBlock>
        <TextBlock HPOS="289.0"
                   VPOS="813.0"
                   WIDTH="1034.0"
                   HEIGHT="1199.0"
                   ID="block_0"
                   TAGREFS="BT100005">
          <Shape><Polygon POINTS="1323 813 1311 2003 1168 2003 1145 2012 289 2005 302 1319 318 1282 319 946 302 909 302 813"/></Shape>
          <TextLine ID="line_13"
                    TAGREFS="LT8"
                    BASELINE="371 849 1318 853" 
                    HPOS="370.0"
                    VPOS="806.0"
                    WIDTH="948.0"
                    HEIGHT="70.0">
            <Shape><Polygon POINTS="371 849 370 863 439 872 440 874 490 874 490 872 492 872 493 872 500 866 514 872 515 872 516 872 518 872 535 866 544 872 545 872 546 872 548 872 574 866 579 866 597 867 676 872 678 872 679 872 680 872 685 867 687 866 693 868 711 874 713 874 714 874 742 868 752 867 759 868 776 874 778 874 779 875 965 875 965 874 978 871 997 867 1004 872 1006 875 1007 875 1009 875 1010 875 1028 872 1048 868 1065 872 1075 875 1076 875 1078 875 1079 875 1085 872 1100 868 1117 874 1124 875 1126 875 1127 875 1136 874 1157 868 1163 874 1165 875 1166 875 1167 875 1169 875 1170 875 1174 874 1187 868 1196 874 1196 875 1197 875 1198 875 1200 876 1317 876 1318 853 1317 822 1230 813 1228 813 1194 819 1189 820 1184 819 1149 809 1148 809 1045 809 1044 809 1043 809 1027 818 1026 818 1024 818 996 807 994 807 993 807 992 807 991 807 979 817 976 819 971 817 957 811 955 811 954 811 953 811 941 817 935 819 924 817 907 811 906 811 905 811 904 811 902 811 897 817 893 818 850 815 804 813 802 813 801 813 800 813 798 815 792 820 687 820 670 813 661 810 659 810 658 810 657 810 649 813 635 818 629 813 622 806 620 806 619 806 618 806 587 813 555 819 471 819 454 810 445 806 444 806 442 806 371 809 371 849"/></Shape>
	    <String CONTENT="CAR, ainſi que nous auons deſia dit, toute"
                    HPOS="370.0"
                    VPOS="806.0"
                    WIDTH="948.0"
                    HEIGHT="70.0"
                    WC="0.9856908051740556"></String>
          </TextLine>
          <TextLine ID="line_14"
                    TAGREFS="LT8"
                    BASELINE="316 907 1317 913" 
                    HPOS="316.0"
                    VPOS="861.0"
                    WIDTH="1001.0"
                    HEIGHT="76.0">
            <Shape><Polygon POINTS="316 907 318 932 348 923 377 932 379 932 380 932 381 932 385 932 446 923 472 932 479 933 480 933 481 933 506 931 565 926 614 931 654 935 655 935 716 930 744 928 754 930 781 935 783 935 784 935 798 930 801 928 805 930 820 936 822 936 823 937 898 937 898 936 983 928 1015 926 1023 928 1045 936 1046 936 1097 937 1098 937 1100 937 1101 937 1114 927 1144 927 1244 927 1245 927 1275 933 1276 933 1315 926 1317 913 1317 881 1257 866 1256 866 1254 866 1213 874 1188 866 1187 866 1185 866 1184 866 1183 866 1167 878 1165 879 1144 878 1097 874 1096 874 1094 874 1084 876 1067 880 1057 875 1035 865 1033 865 1032 865 1031 865 1004 875 989 880 957 880 949 874 946 871 945 871 944 871 943 871 941 871 937 874 924 879 848 872 846 872 845 872 831 879 820 871 813 863 811 863 810 863 809 863 771 870 754 872 739 868 716 863 715 863 714 863 713 863 702 868 683 879 613 879 578 878 553 865 546 862 545 862 494 862 493 862 492 862 488 863 463 878 432 878 398 862 397 862 316 861 316 907"/></Shape>
	    <String CONTENT="l’adminiſtration du Royaume n’a pas eſté re¬"
                    HPOS="316.0"
                    VPOS="861.0"
                    WIDTH="1001.0"
                    HEIGHT="76.0"
                    WC="0.9904510683483547"></String>
          </TextLine>
          <TextLine ID="line_15"
                    TAGREFS="LT8"
                    BASELINE="318 966 1315 972" 
                    HPOS="316.0"
                    VPOS="926.0"
                    WIDTH="999.0"
                    HEIGHT="72.0">
            <Shape><Polygon POINTS="318 966 316 981 352 992 353 992 354 992 393 983 396 983 400 983 431 992 432 992 433 992 528 985 554 984 594 987 718 994 719 996 767 996 767 994 768 994 770 994 778 989 784 985 861 991 904 993 905 993 906 993 907 993 909 992 917 985 930 992 936 994 937 994 939 994 940 994 941 994 944 992 950 987 972 992 987 996 988 996 989 996 1057 994 1058 994 1061 993 1074 987 1104 994 1114 997 1115 997 1117 997 1118 997 1124 994 1143 988 1269 988 1280 997 1282 997 1283 997 1284 998 1314 998 1315 972 1314 931 1210 931 1209 931 1207 931 1192 939 1179 931 1178 931 1176 931 1175 931 1174 931 1135 937 1114 931 1113 931 1111 931 1110 931 1085 939 1028 932 1027 932 979 939 958 931 953 930 952 930 950 930 941 931 913 939 774 939 759 932 752 928 750 928 749 928 748 928 739 932 724 937 611 937 602 932 593 927 592 927 591 927 567 932 549 936 528 932 490 926 489 926 458 932 445 935 423 932 362 926 361 926 318 932 318 966"/></Shape>
	    <String CONTENT="ſignee par le peuple entre les mains du Roy"
                    HPOS="316.0"
                    VPOS="926.0"
                    WIDTH="999.0"
                    HEIGHT="72.0"
                    WC="0.9734918655351151"></String>
          </TextLine>
          <TextLine ID="line_16"
                    TAGREFS="LT8"
                    BASELINE="324 1028 1317 1032" 
                    HPOS="323.0"
                    VPOS="980.0"
                    WIDTH="994.0"
                    HEIGHT="77.0">
            <Shape><Polygon POINTS="324 1028 323 1041 419 1050 420 1050 588 1044 616 1053 618 1053 619 1053 620 1053 654 1044 655 1044 658 1044 741 1054 742 1054 910 1045 915 1045 917 1045 931 1054 932 1054 933 1054 987 1055 988 1057 1056 1057 1056 1055 1057 1055 1058 1055 1067 1049 1130 1055 1131 1055 1132 1055 1152 1046 1154 1046 1256 1055 1257 1055 1315 1046 1317 1032 1315 997 1245 984 1244 984 1174 991 1098 984 1097 984 1096 984 1075 992 1072 993 1070 992 1049 985 1048 985 1046 985 1045 985 1044 985 1033 992 1026 997 989 997 976 991 957 983 955 983 954 983 953 983 952 983 943 991 935 996 870 996 859 989 850 983 849 983 848 983 846 983 845 983 828 988 824 989 801 988 752 984 750 984 749 984 748 984 744 987 732 994 698 987 685 983 684 983 683 983 667 985 631 994 600 994 584 984 583 984 581 984 580 984 579 984 561 993 523 987 522 987 435 993 416 981 415 981 414 981 413 981 411 981 364 989 324 980 324 1028"/></Shape>
	    <String CONTENT="ſeul, comme l’Eueſché ou charge de l’Egliſe"
                    HPOS="323.0"
                    VPOS="980.0"
                    WIDTH="994.0"
                    HEIGHT="77.0"
                    WC="0.9957554760304365"></String>
          </TextLine>
          <TextLine ID="line_17"
                    TAGREFS="LT8"
                    BASELINE="149 1097 292 1090" 
                    HPOS="144.0"
                    VPOS="1054.0"
                    WIDTH="146.0"
                    HEIGHT="66.0">
            <Shape><Polygon POINTS="148 1096 148 1120 290 1114 290 1089 284 1054 144 1055 148 1096"/></Shape>
	    <String CONTENT="gi..Con¬"
                    HPOS="144.0"
                    VPOS="1054.0"
                    WIDTH="146.0"
                    HEIGHT="66.0"
                    WC="0.9723285734653473"></String>
          </TextLine>
          <TextLine ID="eSc_line_d80adf61"
                    TAGREFS="LT8"
                    BASELINE="322 1089 346 1088 1314 1091" 
                    HPOS="319"
                    VPOS="1038"
                    WIDTH="994"
                    HEIGHT="70">
            <Shape><Polygon POINTS="321 1087 319 1104 1309 1108 1313 1089 1313 1050 1296 1038 1294 1038 1292 1038 1290 1038 1288 1038 1239 1050 1171 1038 1169 1038 1167 1038 1128 1052 1031 1052 1019 1040 1019 1038 1017 1038 1015 1038 1013 1038 1011 1038 988 1050 925 1038 923 1038 832 1050 830 1052 744 1052 744 1050 729 1038 727 1038 725 1038 723 1038 721 1038 695 1048 668 1038 666 1038 664 1038 662 1038 660 1038 647 1050 647 1052 557 1052 555 1050 532 1038 530 1038 528 1038 321 1048 321 1087"/></Shape>
	    <String CONTENT="vniuerſelle n’a eſté commiſe au Pape:ains auſ¬"
                    HPOS="319"
                    VPOS="1038"
                    WIDTH="994"
                    HEIGHT="70"
                    WC="0.9972653376295212"></String>
          </TextLine>
          <TextLine ID="line_18"
                    TAGREFS="LT8"
                    BASELINE="142 1140 273 1144" 
                    HPOS="138.0"
                    VPOS="1098.0"
                    WIDTH="134.0"
                    HEIGHT="61.0">
            <Shape><Polygon POINTS="140 1139 138 1155 268 1159 272 1143 270 1112 204 1098 202 1098 140 1108 140 1139"/></Shape>
	    <String CONTENT="cil Do¬"
                    HPOS="138.0"
                    VPOS="1098.0"
                    WIDTH="134.0"
                    HEIGHT="61.0"
                    WC="0.9998850226402283"></String>
          </TextLine>
          <TextLine ID="eSc_line_1aa27cca"
                    TAGREFS="LT8"
                    BASELINE="319 1145 429 1148 1315 1152" 
                    HPOS="315"
                    VPOS="1094"
                    WIDTH="998"
                    HEIGHT="84">
            <Shape><Polygon POINTS="317 1143 315 1163 569 1165 582 1176 797 1167 914 1178 1311 1167 1313 1110 1282 1096 1274 1096 1259 1106 1183 1096 1157 1108 1128 1098 1120 1098 1107 1110 916 1110 830 1096 824 1096 812 1108 701 1108 690 1096 680 1096 666 1104 656 1094 606 1104 594 1094 317 1094 317 1143"/></Shape>
	    <String CONTENT="ſi à tous les Officiers du Royaume, qui s’y doi¬"
                    HPOS="315"
                    VPOS="1094"
                    WIDTH="998"
                    HEIGHT="84"
                    WC="0.9885534984724862"></String>
          </TextLine>
          <TextLine ID="line_19"
                    TAGREFS="LT8"
                    BASELINE="141 1189 254 1190 304 1191" 
                    HPOS="140.0"
                    VPOS="1145.0"
                    WIDTH="162.0"
                    HEIGHT="78.0">
            <Shape><Polygon POINTS="140 1188 140 1223 173 1209 298 1221 302 1190 300 1157 159 1145 157 1145 155 1145 153 1145 140 1153 140 1188"/></Shape>
	    <String CONTENT="ctrres Pon"
                    HPOS="140.0"
                    VPOS="1145.0"
                    WIDTH="162.0"
                    HEIGHT="78.0"
                    WC="0.9971415162086487"></String>
          </TextLine>
          <TextLine ID="eSc_line_e674eee7"
                    TAGREFS="LT8"
                    BASELINE="319 1202 349 1203 457 1207 1314 1209" 
                    HPOS="315.0"
                    VPOS="1163.0"
                    WIDTH="998.0"
                    HEIGHT="66.0">
            <Shape><Polygon POINTS="317 1200 315 1229 1311 1227 1313 1207 1311 1174 1233 1163 1136 1163 1134 1163 1132 1163 1130 1163 1118 1172 1113 1172 1072 1163 1070 1163 953 1170 904 1172 879 1169 832 1163 830 1163 828 1163 805 1169 787 1172 317 1165 317 1200"/></Shape>
	    <String CONTENT="uent employer de tout leur pouuoir. Or dau¬"
                    HPOS="315.0"
                    VPOS="1163.0"
                    WIDTH="998.0"
                    HEIGHT="66.0"
                    WC="0.9877189176027165"></String>
          </TextLine>
          <TextLine ID="line_20"
                    TAGREFS="LT8"
                    BASELINE="320 1261 1315 1272" 
                    HPOS="317.0"
                    VPOS="1219.0"
                    WIDTH="996.0"
                    HEIGHT="74.0">
            <Shape><Polygon POINTS="319 1260 317 1280 532 1293 534 1293 1311 1291 1313 1270 1311 1229 319 1219 319 1260"/></Shape>
	    <String CONTENT="tant que la concorde procede &amp; part de ceux"
                    HPOS="317.0"
                    VPOS="1219.0"
                    WIDTH="996.0"
                    HEIGHT="74.0"
                    WC="0.993272181167159"></String>
          </TextLine>
          <TextLine ID="line_21"
                    TAGREFS="LT8"
                    BASELINE="308 1319 1313 1330" 
                    HPOS="306.0"
                    VPOS="1274.0"
                    WIDTH="1005.0"
                    HEIGHT="85.0">
            <Shape><Polygon POINTS="307 1317 306 1342 436 1352 442 1352 463 1338 557 1354 600 1340 639 1356 1132 1346 1198 1359 1224 1348 1307 1348 1311 1328 1311 1293 1122 1282 986 1293 978 1283 867 1280 834 1291 808 1282 769 1289 756 1278 748 1278 723 1289 604 1280 580 1287 569 1278 561 1278 541 1287 524 1276 422 1285 378 1274 362 1287 307 1287 307 1317"/></Shape>
	    <String CONTENT="qui gouuernent, pour euiter toute ialouſie"
                    HPOS="306.0"
                    VPOS="1274.0"
                    WIDTH="1005.0"
                    HEIGHT="85.0"
                    WC="0.9984012288706643"></String>
          </TextLine>
          <TextLine ID="line_22"
                    TAGREFS="LT8"
                    BASELINE="306 1379 1302 1391" 
                    HPOS="302.0"
                    VPOS="1334.0"
                    WIDTH="998.0"
                    HEIGHT="78.0">
            <Shape><Polygon POINTS="304 1377 302 1398 1296 1412 1300 1389 1296 1346 886 1352 881 1346 877 1344 877 1342 875 1342 873 1342 871 1342 869 1342 859 1346 849 1350 818 1346 760 1338 758 1338 756 1338 754 1338 746 1346 740 1352 633 1352 625 1346 604 1336 602 1336 600 1336 512 1346 495 1348 479 1346 387 1334 385 1334 384 1334 382 1334 382 1336 370 1346 370 1348 304 1348 304 1377"/></Shape>
	    <String CONTENT="entre les perſonnes eſleuees en meſme degré,"
                    HPOS="302.0"
                    VPOS="1334.0"
                    WIDTH="998.0"
                    HEIGHT="78.0"
                    WC="0.9983370502789816"></String>
          </TextLine>
          <TextLine ID="line_23"
                    TAGREFS="LT8"
                    BASELINE="308 1437 1311 1449" 
                    HPOS="306.0"
                    VPOS="1389.0"
                    WIDTH="1003.0"
                    HEIGHT="89.0">
            <Shape><Polygon POINTS="306 1459 668 1472 670 1472 1126 1469 1140 1469 1175 1478 1177 1478 1179 1478 1307 1469 1309 1447 1309 1412 1202 1400 1200 1400 1198 1400 1181 1408 1175 1410 1169 1408 1144 1398 1142 1398 1140 1398 1050 1406 1007 1408 996 1404 976 1396 974 1396 972 1396 834 1400 695 1404 652 1396 629 1393 627 1393 592 1395 504 1402 491 1393 489 1393 487 1393 485 1393 479 1393 407 1400 368 1391 366 1391 364 1391 362 1391 335 1400 309 1389 307 1435 306 1459"/></Shape>
	    <String CONTENT="le Roy fut eſtabli pour eſtre aſsis au plus haut"
                    HPOS="306.0"
                    VPOS="1389.0"
                    WIDTH="1003.0"
                    HEIGHT="89.0"
                    WC="0.9983978010714054"></String>
          </TextLine>
          <TextLine ID="line_24"
                    TAGREFS="LT8"
                    BASELINE="304 1499 1310 1508" 
                    HPOS="300.0"
                    VPOS="1457.0"
                    WIDTH="1009.0"
                    HEIGHT="72.0">
            <Shape><Polygon POINTS="302 1498 300 1517 339 1529 341 1529 343 1529 1307 1527 1309 1506 1305 1463 1167 1472 1118 1463 1111 1463 1109 1463 1107 1463 1105 1463 1079 1472 1058 1465 1048 1461 1046 1461 1044 1461 1042 1461 1031 1465 1007 1470 939 1465 890 1461 888 1461 886 1461 884 1461 884 1463 881 1465 875 1472 812 1472 666 1467 317 1457 315 1457 313 1457 302 1498"/></Shape>
	    <String CONTENT="lieu du gouuernement public. Le Roy iure"
                    HPOS="300.0"
                    VPOS="1457.0"
                    WIDTH="1009.0"
                    HEIGHT="72.0"
                    WC="0.9987036794424057"></String>
          </TextLine>
          <TextLine ID="line_25"
                    TAGREFS="LT8"
                    BASELINE="303 1563 1310 1567" 
                    HPOS="302.0"
                    VPOS="1519.0"
                    WIDTH="1008.0"
                    HEIGHT="70.0">
            <Shape><Polygon POINTS="303 1563 302 1579 309 1585 309 1587 310 1587 311 1587 313 1587 618 1580 641 1588 642 1588 644 1588 920 1582 930 1588 931 1588 932 1588 1100 1589 1101 1589 1102 1589 1119 1583 1172 1589 1174 1589 1213 1583 1241 1589 1243 1589 1244 1589 1245 1589 1267 1583 1283 1589 1284 1589 1285 1589 1287 1589 1309 1582 1310 1567 1309 1523 1267 1522 1266 1522 1265 1522 1262 1523 1249 1530 1223 1523 1217 1522 1215 1522 1214 1522 1213 1522 1210 1523 1191 1533 1150 1526 1149 1526 1148 1526 1114 1535 983 1535 920 1533 906 1526 894 1520 893 1520 892 1520 891 1520 870 1526 845 1532 832 1526 819 1520 818 1520 817 1520 815 1520 814 1520 807 1527 798 1533 776 1533 746 1527 713 1520 711 1520 710 1520 687 1527 679 1530 671 1527 648 1520 646 1520 645 1520 644 1520 642 1520 632 1528 627 1532 605 1532 598 1528 581 1519 580 1519 528 1519 527 1519 526 1519 524 1519 513 1528 510 1531 498 1528 472 1524 471 1524 444 1530 436 1531 433 1530 424 1522 423 1522 422 1522 348 1519 346 1519 345 1519 303 1530 303 1563"/></Shape>
	    <String CONTENT="qu’il aura ſoin du bien du Royaume, vn chaſ¬"
                    HPOS="302.0"
                    VPOS="1519.0"
                    WIDTH="1008.0"
                    HEIGHT="70.0"
                    WC="0.9882602827115492"></String>
          </TextLine>
          <TextLine ID="line_26"
                    TAGREFS="LT8"
                    BASELINE="300 1623 1309 1627" 
                    HPOS="298.0"
                    VPOS="1580.0"
                    WIDTH="1011.0"
                    HEIGHT="68.0">
            <Shape><Polygon POINTS="390 1605 387 1593 314 1593 302 1583 300 1623 298 1637 976 1648 978 1648 979 1648 1002 1641 1018 1648 1019 1648 1020 1648 1307 1641 1309 1627 1309 1596 1270 1583 1269 1583 1267 1583 1222 1592 1141 1585 1140 1585 1139 1585 1115 1593 1110 1596 976 1596 950 1591 918 1587 917 1587 850 1589 828 1591 824 1589 801 1582 800 1582 719 1582 718 1582 716 1582 715 1582 707 1588 700 1595 652 1595 639 1587 623 1580 622 1580 546 1580 545 1580 544 1580 526 1585 507 1592 477 1585 453 1580 411 1580 410 1580 409 1580 407 1580 402 1584 394 1588 390 1605"/></Shape>
	    <String CONTENT="cun des officiers de la couronne promet le"
                    HPOS="298.0"
                    VPOS="1580.0"
                    WIDTH="1011.0"
                    HEIGHT="68.0"
                    WC="0.99601630511738"></String>
          </TextLine>
          <TextLine ID="line_27"
                    TAGREFS="LT8"
                    BASELINE="298 1683 1305 1685" 
                    HPOS="297.0"
                    VPOS="1635.0"
                    WIDTH="1008.0"
                    HEIGHT="75.0">
            <Shape><Polygon POINTS="298 1683 297 1696 363 1704 364 1704 545 1698 570 1706 571 1706 572 1706 614 1700 627 1708 628 1708 629 1708 631 1708 757 1700 778 1708 779 1708 780 1708 827 1700 845 1709 846 1709 848 1709 897 1701 1104 1709 1105 1709 1148 1700 1191 1709 1192 1710 1267 1710 1267 1709 1269 1709 1304 1698 1305 1685 1304 1653 1267 1653 1266 1652 1241 1640 1240 1640 1239 1640 1237 1640 1236 1640 1223 1650 1220 1653 1067 1653 1050 1648 1017 1639 1015 1639 1014 1639 1013 1639 992 1646 988 1648 980 1646 949 1640 948 1640 946 1640 936 1645 924 1652 891 1645 852 1637 850 1637 849 1637 823 1644 817 1645 814 1644 804 1636 802 1636 801 1636 800 1636 762 1643 716 1650 693 1643 692 1643 691 1643 645 1648 629 1640 620 1636 619 1636 618 1636 616 1636 605 1640 579 1648 568 1639 566 1636 565 1636 563 1636 562 1636 561 1636 550 1639 531 1644 507 1637 500 1636 498 1636 392 1636 390 1636 389 1636 358 1649 340 1636 339 1636 337 1636 298 1635 298 1683"/></Shape>
	    <String CONTENT="ſemblable de ſa part. Si donc le Roy, ou plu¬"
                    HPOS="297.0"
                    VPOS="1635.0"
                    WIDTH="1008.0"
                    HEIGHT="75.0"
                    WC="0.9986251142289904"></String>
          </TextLine>
          <TextLine ID="line_28"
                    TAGREFS="LT8"
                    BASELINE="298 1741 1304 1747" 
                    HPOS="297.0"
                    VPOS="1697.0"
                    WIDTH="1007.0"
                    HEIGHT="73.0">
            <Shape><Polygon POINTS="298 1741 297 1754 363 1765 364 1765 366 1765 384 1757 444 1763 445 1763 513 1757 555 1766 557 1767 689 1767 689 1766 691 1766 706 1758 733 1766 735 1766 736 1766 832 1759 850 1767 852 1767 853 1767 905 1759 915 1767 917 1767 918 1767 919 1769 1031 1769 1031 1767 1032 1767 1033 1767 1041 1761 1050 1769 1052 1769 1053 1769 1054 1770 1113 1770 1113 1769 1114 1769 1115 1769 1127 1761 1259 1769 1261 1769 1302 1759 1304 1747 1302 1715 1210 1714 1209 1713 1194 1701 1193 1701 1192 1701 1152 1701 1150 1701 1149 1701 1148 1701 1132 1711 1128 1714 1120 1711 1104 1706 1102 1706 1101 1706 1100 1706 1085 1710 1074 1714 972 1714 958 1709 943 1704 941 1704 940 1704 939 1704 927 1708 915 1713 909 1708 898 1700 897 1700 896 1700 866 1700 865 1700 863 1700 846 1706 832 1713 817 1706 801 1698 800 1698 798 1698 633 1700 632 1700 624 1702 601 1713 550 1713 503 1711 468 1700 459 1697 458 1697 457 1697 455 1697 454 1697 452 1700 441 1706 383 1704 381 1704 380 1704 361 1710 344 1697 342 1697 341 1697 298 1697 298 1741"/></Shape>
	    <String CONTENT="ſieurs de ceux-là fauſſans leur promeſſe rui¬"
                    HPOS="297.0"
                    VPOS="1697.0"
                    WIDTH="1007.0"
                    HEIGHT="73.0"
                    WC="0.9947719107503477"></String>
          </TextLine>
          <TextLine ID="line_29"
                    TAGREFS="LT8"
                    BASELINE="296 1801 1304 1804" 
                    HPOS="294.0"
                    VPOS="1756.0"
                    WIDTH="1010.0"
                    HEIGHT="70.0">
            <Shape><Polygon POINTS="296 1801 294 1814 514 1823 515 1823 762 1818 818 1824 819 1826 1257 1826 1257 1824 1302 1817 1304 1804 1304 1771 1250 1771 1250 1770 1230 1757 1228 1757 1227 1757 1204 1757 1202 1757 1201 1757 1161 1770 1135 1758 1133 1758 1089 1757 1088 1757 1087 1757 1062 1767 1033 1759 1032 1759 1031 1759 1030 1759 997 1770 994 1771 813 1771 810 1770 791 1756 789 1756 788 1756 787 1756 728 1766 698 1756 697 1756 640 1756 639 1756 637 1756 605 1769 603 1770 535 1770 533 1769 511 1756 510 1756 509 1756 418 1756 416 1756 415 1756 414 1756 400 1765 354 1756 353 1756 352 1756 326 1769 296 1769 296 1801"/></Shape>
	    <String CONTENT="nent l’Eſtat ou l’abandonnent au beſoin, fau¬"
                    HPOS="294.0"
                    VPOS="1756.0"
                    WIDTH="1010.0"
                    HEIGHT="70.0"
                    WC="0.9942285140355428"></String>
          </TextLine>
          <TextLine ID="line_30"
                    TAGREFS="LT8"
                    BASELINE="296 1860 1300 1867" 
                    HPOS="294.0"
                    VPOS="1814.0"
                    WIDTH="1006.0"
                    HEIGHT="75.0">
            <Shape><Polygon POINTS="296 1860 294 1872 354 1874 364 1883 366 1883 367 1883 368 1883 424 1875 429 1875 432 1875 462 1884 463 1884 465 1884 537 1878 550 1876 566 1878 631 1885 632 1885 763 1882 829 1879 836 1883 842 1887 844 1887 845 1887 846 1887 885 1883 917 1880 961 1884 1002 1888 1004 1888 1045 1885 1130 1880 1145 1888 1149 1889 1150 1889 1152 1889 1153 1889 1161 1888 1185 1882 1297 1889 1300 1867 1298 1835 1237 1827 1236 1827 1235 1827 1222 1832 1206 1821 1205 1821 1204 1821 1202 1821 1141 1826 1132 1819 1131 1819 1130 1819 1033 1819 1032 1819 1031 1819 1030 1819 1007 1832 1006 1832 920 1832 920 1831 911 1824 910 1824 909 1824 907 1824 874 1831 872 1831 854 1818 853 1818 852 1818 850 1818 849 1818 813 1831 810 1831 632 1830 596 1830 566 1815 565 1815 563 1815 480 1828 477 1828 476 1828 440 1814 439 1814 401 1814 400 1814 398 1814 397 1814 379 1827 350 1814 349 1814 320 1814 319 1814 318 1814 296 1824 296 1860"/></Shape>
	    <String CONTENT="dra-il que les autres enſuiuent telle laſcheté,"
                    HPOS="294.0"
                    VPOS="1814.0"
                    WIDTH="1006.0"
                    HEIGHT="75.0"
                    WC="0.9961584496001402"></String>
          </TextLine>
          <TextLine ID="line_31"
                    TAGREFS="LT8"
                    BASELINE="294 1919 1301 1924" 
                    HPOS="293.0"
                    VPOS="1879.0"
                    WIDTH="1008.0"
                    HEIGHT="70.0">
            <Shape><Polygon POINTS="294 1919 293 1932 329 1934 342 1944 344 1944 345 1944 346 1944 420 1935 466 1944 467 1944 568 1937 658 1945 659 1945 793 1936 888 1947 889 1947 949 1937 996 1944 997 1944 1028 1939 1049 1948 1050 1948 1052 1949 1145 1949 1145 1948 1146 1948 1167 1939 1269 1947 1270 1947 1271 1947 1300 1937 1301 1924 1300 1893 1223 1883 1222 1883 1175 1892 1172 1892 1169 1892 1122 1883 1120 1883 1024 1891 1022 1892 952 1892 950 1891 933 1882 932 1882 931 1882 835 1889 822 1891 813 1889 759 1882 758 1882 757 1882 737 1889 736 1889 731 1889 641 1882 640 1882 639 1882 623 1889 620 1891 548 1891 544 1888 523 1879 522 1879 520 1879 409 1888 396 1888 393 1888 372 1879 371 1879 307 1879 306 1879 305 1879 303 1879 294 1884 294 1919"/></Shape>
	    <String CONTENT="&amp; quittent tout, comme ſi le mauuais exem¬"
                    HPOS="293.0"
                    VPOS="1879.0"
                    WIDTH="1008.0"
                    HEIGHT="70.0"
                    WC="0.9862760447320484"></String>
          </TextLine>
          <TextLine ID="line_32"
                    TAGREFS="LT8"
                    BASELINE="296 1982 1300 1986" 
                    HPOS="294.0"
                    VPOS="1936.0"
                    WIDTH="1006.0"
                    HEIGHT="85.0">
            <Shape><Polygon POINTS="296 1982 294 2011 357 2018 358 2018 359 2018 361 2018 370 2011 372 2010 379 2011 402 2018 403 2018 405 2018 406 2018 423 2011 440 2005 507 2005 524 2011 542 2018 544 2018 545 2018 546 2018 548 2018 557 2011 566 2005 589 2005 614 2010 648 2019 649 2019 650 2021 866 2021 866 2019 867 2019 868 2019 883 2010 888 2006 897 2010 905 2013 906 2013 907 2013 909 2013 922 2010 931 2008 933 2010 944 2017 945 2017 946 2017 948 2017 949 2017 978 2009 985 2008 991 2009 1007 2017 1009 2017 1145 2021 1146 2021 1148 2021 1170 2014 1189 2021 1191 2021 1192 2021 1193 2021 1194 2021 1209 2009 1211 2008 1220 2009 1269 2014 1270 2014 1298 2008 1300 1986 1298 1949 1235 1949 1233 1948 1222 1939 1220 1939 1219 1939 1218 1939 1217 1939 1198 1947 1157 1939 1156 1939 1154 1939 1153 1939 1143 1948 1141 1948 1111 1939 1110 1939 1109 1939 1107 1939 1106 1939 1093 1948 1091 1949 1061 1949 1059 1948 1048 1939 1046 1939 1045 1939 993 1939 992 1939 991 1939 989 1939 980 1947 967 1937 966 1937 965 1937 963 1937 926 1947 923 1948 884 1948 883 1947 870 1937 868 1937 867 1937 866 1937 829 1947 826 1948 701 1948 697 1945 683 1940 681 1940 680 1940 589 1945 572 1945 570 1945 548 1936 546 1936 545 1936 544 1936 542 1936 529 1944 514 1936 513 1936 511 1936 510 1936 480 1944 476 1945 474 1944 454 1936 453 1936 393 1936 392 1936 390 1936 389 1936 379 1944 377 1945 372 1944 346 1936 345 1936 344 1936 296 1943 296 1982"/></Shape>
	    <String CONTENT="ple de leurs compagnons les abſoluoit de leur"
                    HPOS="294.0"
                    VPOS="1936.0"
                    WIDTH="1006.0"
                    HEIGHT="85.0"
                    WC="0.9920147087838914"></String>
          </TextLine>
        </TextBlock>
        <TextBlock HPOS="137.0"
                   VPOS="961.0"
                   WIDTH="179.0"
                   HEIGHT="307.0"
                   ID="block_4"
                   TAGREFS="BT100009">
          <Shape><Polygon POINTS="315 965 316 1011 313 1263 137 1268 137 961"/></Shape>
          <TextLine ID="line_34"
                    TAGREFS="LT8"
                    BASELINE="145 1001 290 998" 
                    HPOS="144.0"
                    VPOS="950.0"
                    WIDTH="146.0"
                    HEIGHT="69.0">
            <Shape><Polygon POINTS="145 1001 145 1017 242 1013 244 1013 268 1019 270 1019 271 1019 272 1019 290 1010 290 998 287 959 232 959 216 954 203 950 202 950 201 950 200 950 198 950 194 953 184 959 144 950 145 1001"/></Shape>
	    <String CONTENT="C. nullus"
                    HPOS="144.0"
                    VPOS="950.0"
                    WIDTH="146.0"
                    HEIGHT="69.0"
                    WC="0.9971982108222114"></String>
          </TextLine>
          <TextLine ID="line_35"
                    TAGREFS="LT8"
                    BASELINE="141 1049 309 1046" 
                    HPOS="140.0"
                    VPOS="1014.0"
                    WIDTH="169.0"
                    HEIGHT="57.0">
            <Shape><Polygon POINTS="141 1049 141 1068 242 1061 261 1061 271 1070 271 1071 272 1071 274 1071 275 1071 309 1070 309 1046 306 1015 140 1014 141 1049"/></Shape>
	    <String CONTENT="in Cartha"
                    HPOS="140.0"
                    VPOS="1014.0"
                    WIDTH="169.0"
                    HEIGHT="57.0"
                    WC="0.9997120632065667"></String>
          </TextLine>
          <TextLine ID="line_36"
                    TAGREFS="LT8"
                    BASELINE="142 1240 246 1240" 
                    HPOS="142.0"
                    VPOS="1202.0"
                    WIDTH="104.0"
                    HEIGHT="69.0">
            <Shape><Polygon POINTS="142 1240 142 1265 154 1271 155 1271 157 1271 246 1263 246 1240 245 1202 142 1206 142 1240"/></Shape>
	    <String CONTENT="tificyj."
                    HPOS="142.0"
                    VPOS="1202.0"
                    WIDTH="104.0"
                    HEIGHT="69.0"
                    WC="0.9986407980322838"></String>
          </TextLine>
        </TextBlock>
        <TextBlock HPOS="1193.0"
                   VPOS="2008.0"
                   WIDTH="103.0"
                   HEIGHT="54.0"
                   ID="block_1"
                   TAGREFS="BT17">
          <Shape><Polygon POINTS="1296 2008 1296 2062 1193 2062 1193 2008"/></Shape>
          <TextLine ID="line_33"
                    TAGREFS="LT8"
                    BASELINE="1191 2044 1289 2044" 
                    HPOS="1191.0"
                    VPOS="2000.0"
                    WIDTH="98.0"
                    HEIGHT="91.0">
            <Shape><Polygon POINTS="1191 2044 1191 2082 1223 2091 1224 2091 1226 2091 1289 2082 1289 2044 1289 2014 1209 2000 1207 2000 1206 2000 1205 2000 1191 2010 1191 2044"/></Shape>
	    <String CONTENT="ſer¬"
                    HPOS="1191.0"
                    VPOS="2000.0"
                    WIDTH="98.0"
                    HEIGHT="91.0"
                    WC="0.9960906654596329"></String>
          </TextLine>
        </TextBlock>
      </PrintSpace>
    </Page>
  </Layout>
</alto>
