1421 2338
327.0 106.0 88.0 78.0 256

328 150 1015 98 tres heretique: tellement que ſi lon conſidere

327 218 1012 82 l'intention de telles gens, ſelon laquelle on a

324.0 272.0 1019.0 92.0 acouſtumé de meſurer les fautes, on dira qu’ils

323.0 366.0 1020.0 62.0 ne ſemblent pas faire la guerre à Ieius Onint;

322.0 400.0 1021.0 87.0 ains à vn autre, & à des gens qui meritent ce

322.0 458.0 1017.0 86.0 traitement. Mais ceux vrayement & propre¬

323.0 513.0 1018.0 84.0 ment perſecutent & crucifient Ieſus Chriſt,

332.0 574.0 1012.0 84.0 qui faiſans eſtat de le reconoiſtre pour leur

332.0 631.0 1012.0 91.0 Meſsias, Redempteur & vray Dieu, le laiſſent

336.0 694.0 1003.0 87.0 gehenner & crucifier en ſes membres, enco¬

336.0 754.0 1007.0 88.0 res qu’ils pourroyent bien empeſcher tels

339.0 817.0 1005.0 79.0 maux. En ſomme celuy qui ne deliure point

345.0 867.0 998.0 93.0 de la main du meurtrier ſon prochain qu’il

345 923 998 95 void en peril euident, il eſt autant coulpable

335.0 998.0 1010.0 85.0 que le meurtrier meſme: car puis qu’il n’a tenu

345.0 1044.0 996.0 89.0 conte de le ſecourir, il a voulu qu’iceluy fuſt

345.0 1104.0 994.0 96.0 tué. En tout crime il faut conſiderer la volon¬

345 1163 996 95 té. Mais, pour dire ce qui en eſt, les Princes

345 1227 999 88 Chreſtiens nommeement, qui ne ſecourent

336.0 1289.0 1007.0 91.0 point les fideles affligez pour la vraye Reli¬

337.0 1349.0 1007.0 94.0 gion, ſont beaucoup plus coulpables de meur¬

336.0 1414.0 1007.0 87.0 tre que nuls autres, attendu qu’ils pouuoyent

333.0 1465.0 1011.0 93.0 ſauuer vne infinité de gens, qui à faute de ſe¬

333.0 1528.0 1010.0 93.0 cours ſont mis à mort, ioint que c’eſt beau¬

333.0 1584.0 1013.0 94.0 coup plus grand crime d’auoir laiſſé tuer ſon

332.0 1644.0 1013.0 93.0 frere que quelque autre eſtranger. Ie diray da¬

333.0 1706.0 1015.0 89.0 uantage, que leur faute eſt plus grande que cel

335.0 1767.0 1013.0 83.0 le des tyrans meſmes: car il y a beaucoup plus

335.0 1831.0 1013.0 75.0 d’offenſe de tuer vn homme de bien, innocent

336.0 1884.0 1007.0 94.0 & craignant Dieu, qu’vn brigand, impoſteur,

336.0 1945.0 1005.0 100.0 magicien ou heretique: c’eſt vn crime trop

606.0 101.0 462.0 68.0 QVATRIESME

163 866 165 71 S.Auguſt

164 917 110 63 ſur le

163 968 164 62 Pſeau.82

164 1015 149 56 S. Am¬

164 1061 151 63 broiſe au

164 1120 145 45 Llliu. des

164 1157 141 65 Offices.

163 1209 154 51 Gratian

167 1246 164 110 au decret.

1244.0 2005.0 105.0 79.0 plus
