1436 2338
1037.0 114.0 44.0 65.0 53

402.0 119.0 390.0 51.0 QVHSTTO R..

74.0 163.0 1024.0 82.0 forçant par tous moyens de ruiner l’Egliſe: ſi

75.0 229.0 1024.0 74.0 Iſrael ne le tire de ceſte fuite, s’il ne le repri¬

76.0 285.0 1023.0 78.0 me, du peché de ſon Roy il en fait le ſiẽ. Brief,

75.0 349.0 1025.0 74.0 tout ainſi qu’il y a danger que l’vn de deux re¬

75.0 413.0 1028.0 66.0 deuables en diſſipant ſon bien & ne pouuant

74.0 467.0 1029.0 75.0 eſtre ſoluable, l’autre ne reſponde pour ſoy &

75.0 532.0 1032.0 71.0 pour ſon compaignõ, au creancier qui ne doit

74.0 589.0 1029.0 70.0 ſouffrir dommage, encores que l’vn de ſes

74.0 646.0 1029.0 74.0 debtes ſe ſoit mal gouuerné: le meſme faut-il

74.0 707.0 1024.0 68.0 craindre d’Iſrael enuers le Roy, & du Roy en¬

74.0 770.0 1025.0 63.0 uers Iſrael, auenant que l’vn d’eux ſerue aux i¬

75.0 829.0 1024.0 73.0 doles ou rompe l’alliance en quelque autre

74.0 885.0 1022.0 77.0 ſorte, que l’vn ne paye la folle enchere & ſoit

75.0 949.0 459.0 71.0 chaſtié pour l’autre.

131.0 1002.0 964.0 77.0 OR que la ſtipulation, de laquelle nous

72.0 1067.0 1023.0 64.0 traitons maintenant ſoit de ceſte nature, il en

72.0 1123.0 1020.0 78.0 appert par d’autres teſmoignages de l’Eſcri¬

72.0 1181.0 1011.0 76.0 ture ſaincte. Saul ayãt eſté eſtabli Roy d’Iſrael,

71.0 1244.0 1019.0 74.0 Samuel Sacrificateur & Prophete du Seigneur,

77.0 1311.0 1017.0 69.0 parle ainſi au peuple. Et vous, & voſtre Roy

77.0 1366.0 1022.0 70.0 qui eſt ſur vous, ſuiuez le Seigneur voſtre

74.0 1424.0 1026.0 71.0 Dieu: mais ſi vous perſeuerez en malice (il les

74.0 1485.0 1024.0 71.0 taxe de malice, pource qu’ils auoyent preferé

74.0 1545.0 1021.0 68.0 le gouuernement d’vn homme à celuy de

74.0 1601.0 1016.0 71.0 Dieu) vous & voſtre Roy perirez. Il adiouſte

74.0 1665.0 1016.0 69.0 puis apres la raiſon: car il a pleu à Dieu vous

71.0 1723.0 1016.0 68.0 faire ſon peuple. Vous voyez là deux rees con¬

70.0 1784.0 1021.0 61.0 ioints euidemment en la ſtipulation de meſme

71.0 1839.0 1016.0 71.0 chaſtiment. De meſmes, Aſa Roy de Iuda, par

74.0 1901.0 1015.0 70.0 Ie conſeil du Prophete Azarie, aſſẽble en Ieru¬

72.0 1962.0 1010.0 79.0 ſalem tout le peuple, aſauoir Iuda & Benia¬

788.0 2017.0 138.0 75.0 D.iij.

1098.0 1171.0 163.0 73.0 1I.Sam.12.

1099.0 1228.0 100.0 74.0 1425.
