1455 2343
1033.0 91.0 93.0 80.0 145

424.0 100.0 387.0 56.0 QVESTTON.

100.0 147.0 1015.0 76.0 Maieſté des Loix, que le peuple le ſeroit en

98.0 212.0 1015.0 70.0 leur endroit, s’il refuſoit leur obeir quand ils

98.0 272.0 1019.0 69.0 commandent ſelon les Loix. En ſomme, les

96.0 333.0 1017.0 69.0 Princes legitimes reçoiuent les loix de la main

97.0 394.0 1015.0 66.0 du peuple, & quant à la couronne & au ſce¬

98.0 452.0 1015.0 72.0 ptre, marques d’honneur & de puiſſance, cela

98.0 512.0 1014.0 62.0 les auertit de maintenir les loix, & de tirer

96.0 570.0 1013.0 76.0 leur gloire principalement de la conſeruation

101.0 633.0 211.0 67.0 d’icelles.

1112.0 740.0 163.0 55.0 le Prince

1108.0 784.0 164.0 69.0 peut faire

1104.0 835.0 159.0 60.0 nouuelles

166.0 682.0 1117.0 80.0 QV O Y doncques? Ne ſera-il pas loiſible Aſauoir ſi

98.0 748.0 998.0 68.0 au Prince de faire nouuelles loix & abolir les

100.0 809.0 994.0 70.0 ancienes? Puis que c’eſt afaire au Roy d’auiſer

102.0 899.0 1108.0 43.0 haanie ditmens que llen ne le luet contreles Coni.

101.0 928.0 1007.0 62.0 loix & en fraude d’icelles, mais auſsi que rien

102.0 986.0 1009.0 72.0 n’y defaille, ou qu’il n’y ait quelque choſe de

101.0 1045.0 1011.0 73.0 trop, brief que la vieilleſſe & le laps du temps

100.0 1105.0 1016.0 69.0 ne les aboliſſent & enſeueliſſent: s’il faut abre¬

108.0 1166.0 1004.0 71.0 ger, adiouſter ou oſter ceci & cela des loix,

101.0 1222.0 1015.0 67.0 ſon deuoir eſt d’aſſembler les Eſtats, & en de¬

102.0 1286.0 1016.0 66.0 mander leur auis & reſolution, ſans entre¬

102.0 1348.0 1016.0 68.0 prendre de rien publier, que premierement le

104.0 1407.0 1016.0 67.0 tout n’ait eſté deuëment examiné & aprouué

108.0 1464.0 1012.0 71.0 par iceux. Apres que la Loy aura eſté faite &

109.0 1522.0 1013.0 72.0 publiee, il n’eſt plus queſtion de s’en deſdire, il

105.0 1584.0 1015.0 65.0 faut que le Prince s’y aſſuiettiſſe & range le

108.0 1644.0 1013.0 71.0 premier. Car puis que les exemples ont beau¬

108.0 1701.0 1016.0 73.0 coup plus d’efficace que les paroles, le Prince

109.0 1762.0 1016.0 68.0 eſt tenu d’obeir à la loy qu’il a faite, autremẽt

108.0 1819.0 1016.0 71.0 c’eſt à tort & cõtre toute equité qu’il requiert

110.0 1879.0 1012.0 70.0 de ſes ſuiets vne obeiſſance aux loix leſquelles

108.0 1936.0 1013.0 86.0 il meſpriſe au lieu de les garder, comme il y eſt

850.0 1992.0 95.0 81.0 K.j.
