1417 2338
72 146 1004 77 en à vn entre vous & nous qui commande par

72.0 207.0 1008.0 74.0 deſſus vous. Mais afin qu’il ne penſe auoir iuré

74.0 287.0 1003.0 53.0 par maniere d’acquit ou pour obſeruer la cou

71.0 332.0 1004.0 68.0 ſtume ancienne, de trois en trois ans en plaine

71.0 387.0 1006.0 71.0 aſſemblee d’eſtats ces meſmes paroles luy ſont

72.0 449.0 1004.0 70.0 repetees. Et ſi ſous pretexte de ſa dignité roya

72.0 505.0 1000.0 70.0 le il vient à faire de l’inſolẽt, & viole les loix,

74.0 567.0 1003.0 70.0 ou ne tient compte de ſa promeſſe: lors par le

75.0 623.0 1001.0 73.0 droit du Royaume il eſt eſtimé excommunié

72.0 681.0 1007.0 74.0 auſſi execrablement que le fut iadis Iulian l’A¬

75.0 741.0 1005.0 77.0 poſtat. Ceſte excommunication eſt de telle ef¬

74.0 802.0 1005.0 74.0 ficace, qu’au lieu de prier Dieu pour le Roy, de

75.0 867.0 1005.0 65.0 là en auant on fait prieres contre luy: & quant

75.0 922.0 1006.0 70.0 aux ſuiets ils ſont entierement abſous de leur

74.0 983.0 1010.0 61.0 ſerment & obligation, ſuiuant le droit qui ex¬

78.0 1040.0 1004.0 74.0 empte le vaſſal d’obeir à ſon Seigneur excom¬

78.0 1097.0 1004.0 75.0 munié, & le deliure du ſerment qu’il luy a

79.0 1153.0 996.0 82.0 preſté: ce qui auſſi a eſté confermé par decret

77.0 1213.0 998.0 76.0 de Concile & par arreſt des Eſtats de ce Roy¬

76.0 1274.0 999.0 72.0 aume d’Aragon. Semblablement au Royaume

79.0 1337.0 994.0 67.0 de Caſtille, en plaine aſſemblee des Eſtats, le

81.0 1400.0 994.0 72.0 Roy preſt à eſtre couronné, eſt premierement

76.0 1455.0 999.0 76.0 auerti de ſon deuoir en preſence de tous: &

77.0 1511.0 998.0 74.0 tout à l’heure on lit des articles bien formels

80.0 1574.0 1006.0 67.0 concernans l’vtilité publique. Le Roy iure que

80.0 1639.0 1005.0 61.0 il les maintiendra ſoigneuſement & fidelemẽt.

84.0 1695.0 1002.0 66.0 Cela fait, le Conneſtable luy preſte le ſermẽt,

84.0 1754.0 1005.0 73.0 puis les Princes & les deputez des villes, cha¬

81.0 1813.0 1009.0 74.0 ſcun ſelon ſon rang:ce qui eſt obſerué és Roy¬

81.0 1875.0 1009.0 77.0 aumes de Portugal, de Leon, & autres, parties

85 1935 256 86 d’Eſpagne.

401.0 97.0 380.0 49.0 QVESTTON.

994.0 79.0 77.0 80.0 191

1089 1163 142 81 In Cõcil.

1089 1225 135 66 Tolet.4.

1089 1276 158 66 c. 74. &

1089.0 1326.0 158.0 61.0 in Tolet.

1092.0 1413.0 0.0 18.0 I

1089 1422 158 80 Feud. tit.

1089 1465 121 80 28.5.1.
