1445 2338
96 157 1004 81 pres au Roy ce qui ſenſuit: Nos qui valemos

93 227 1003 65 tanto como vos, y podemos mas que vos, vos ele¬

96.0 284.0 1004.0 73.0 gimos Rei con estas é y estas condiciones, entra

96.0 344.0 1005.0 72.0 vos y nos vn que manda mas que vos. C’eſt à di¬

92.0 416.0 1015.0 59.0 re, Nous qui valons autant que vous, & qui

94.0 465.0 1010.0 70.0 pouuons plus que vous, vous eſliſons Roy à

92.0 524.0 1011.0 66.0 telles & telles conditions: & y en a vn entre

93.0 584.0 1007.0 69.0 vous & nous, qui commande par deſſus vous.

90.0 642.0 1013.0 69.0 Souuentesfois ceſte Iuſtice d’Aragon abolit

90.0 701.0 1013.0 70.0 ce que le Roy a demandé, defend ce qu’il a en¬

89.0 762.0 1015.0 70.0 ioint: & n’oſeroit-on impoſer tribut quelcon

93.0 820.0 1006.0 69.0 que en ce Royaume-là, ſans l’authorité de ce¬

89.0 876.0 1009.0 74.0 ſte Iuſtice. Es Royaumes d’Eſcoſſe & d’Angle¬

89.0 940.0 1009.0 67.0 terre, la ſouueraineté eſt riere le Parlement,

93.0 1000.0 1010.0 68.0 qui ſe tient tous les ans. Ils appellent Parlemẽt

90.0 1059.0 1014.0 72.0 l’aſſemblee des Eſtats du Royaume, en laquel¬

89.0 1120.0 1016.0 68.0 le les Eueſques, Comtes, Barons, les deputez

90.0 1180.0 1019.0 68.0 des villes & Prouinces diſent tous leur auis, &

88.0 1240.0 1019.0 62.0 reſoluent d’vn commun accord des afaires

90.0 1293.0 1019.0 72.0 d’eſtat. L’autorité de ceſte aſſemblee eſt ſi ſain

88.0 1358.0 1019.0 65.0 cte, que le Roy n’oſeroit abroguer ce qu’elle

89.0 1417.0 1023.0 70.0 a vne fois arreſté. C’eſt elle qui appelle & in¬

89.0 1478.0 1022.0 67.0 ſtalle en leurs charges tous les Officiers du

88.0 1535.0 1021.0 70.0 Royaume & les Conſeillers du conſeil ordi¬

87.0 1593.0 1021.0 70.0 naire du Roy ou de la Roine. En ſomme, les

88.0 1656.0 1023.0 67.0 autres Royaumes Chreſtiens, de Hongrie, de

88.0 1717.0 1015.0 66.0 Boheme, de Dannemarch, de Suede & autres,

89.0 1775.0 1016.0 60.0 ont leurs officiers collateraux des Rois: & les

87.0 1836.0 1014.0 66.0 hiſtoires auec les exemples que nous en auons

88.0 1895.0 1010.0 68.0 de noſtre temps monſtrent aſſez que ces Of¬

88.0 1952.0 1006.0 79.0 ficiers ont maintesfois fait valoir leur autori¬

457.0 110.0 348.0 52.0 VESTION.

1023.0 88.0 82.0 75.0 121
