1421 2338
77 167 1006 70 comme en paſſant le temps les forfaits du tyrã,

79 214 1004 80 le maſſacre des innocens, leſquels il pourroit

80 281 1004 70 conſeruer, pour certain en prenãt ſon plaiſir à

81 339 1003 72 vne eſcrime ſi ſanglante, eſt d’autãt plus coul¬

81 397 1000 77 pable que le tyran meſme: & celuy qui fait en¬

79 462 1006 66 tretuer les autres eſt plus homicide que ceux

81 519 1004 70 qui tirent: & celuy qui de gayeté de cœur

79 579 1006 69 meurtrit vn homme merite plus griefue puni¬

80 639 1004 67 tion ſans comparaiſon qu’vn qui l’auroit fait

83 694 965 76 par neceſſité & pour ſe garantir ſoy-meſme.

362 97 370 60 QVESTION.

132 765 943 64 Si quelques vns obiectent, Que c’eſt faire

79 808 998 70 cõtre tout deuoir de ſe meſler des afaires d’au¬

79 868 1000 80 truy: ie reſpõs auec le vieillard de Terẽce, ie ſuis

81 936 1006 66 homme, i’eſtime que tout deuoir d’humanité

80 996 1005 59 m’eſt conuenable. Si d’autres voulans couurir

80 1053 1005 71 leur laſcheté alleguent que les bornes & iuriſ¬

81 1111 1008 72 dictions ſont diſtinctes, & qu’il n’eſt loiſible

84 1174 1004 70 de faucher la moiſſon d’autruy: auſsi ne ſuis-ie

83 1235 1004 71 pas d’auis que ſous tel pretexte vn Prince en¬

81 1296 1006 70 iambe ſur l’autre & s’empare de ſes pays, pour

81 1363 1007 60 tirer en ſon aire le blé qui ne luy apartient

83 1415 1005 68 pas, ce que pluſieurs ont fait auec telle couuer

80 1472 1011 73 ture. Ie ne veux pas, di-ie, qu’à l’exẽple de ceſt

77 1535 1000 64 arbitre, duquel parle Ciceron, vous vous apro

79 1585 998 82 priez la choſe qui eſt en controuerſe. Ains ie

80 1652 1003 67 requiers que vous reprimiez le Prince qui en¬

81 1713 1003 69 uahit le Royaume de Chriſt, que vous conte¬

79 1769 1008 72 niez le tyran en ſes limites, que vous tendiez la

77 1831 1007 70 main au peuple affligé, & que releuïez la Re¬

81 1887 994 74 publique abatue par terre, vous comportant

77 1942 1000 76 de telle ſorte en ceſt afaire que ſans auoir eſ¬

998 83 81 74 261

1091 765 148 70 Pompon¬

1089 818 154 70 de reg.iu¬

1091 865 119 68 risl.36.

1099 1541 148 74 Au I. liu

1095 1601 123 76 des off.

800 2010 128 86 R. iij.
