1426 2338
80 145 1024 92 particulier: Dieu l’a commiſe toute entiere

81 209 1025 88 aux particuliers, & toutes les parties d’icelle à

83 272 1020 83 tous en general, non ſeulement pour la con¬

83.0 326.0 1020.0 89.0 ſeruer ſaine & ſauue, mais auſsi pour l’amplifier

85.0 431.0 1022.0 41.0 autant que lanc lepoulla. Pencince quemdie

85.0 442.0 1025.0 93.0 Prince a ſoin d’vne portiõ de l’Egliſe, cõme de

87.0 507.0 1023.0 87.0 celle d’Alemagne ou d’Angleterre, & cepen¬

90.0 570.0 1021.0 80.0 dant meſpriſe & abãdõne vne autre partie op¬

90.0 626.0 1021.0 89.0 preſſee, laquelle il pouuoit ſecourir, il a aban¬

92.0 683.0 1018.0 88.0 donné l’Egliſe, veu que Chriſt n’a qu’vne ſeu¬

92.0 745.0 1019.0 84.0 Ie eſpouſe, laquelle le Prince doit tellement

94.0 804.0 1016.0 85.0 defendre & garder, qu’elle ne ſoit violee ni

96.0 863.0 1015.0 85.0 corrompue nulle part s’il eſt poſsible. Tout

96.0 926.0 1012.0 81.0 ainſi que chaſcun particulier eſt tenu d’auan¬

98.0 983.0 1012.0 85.0 cer la reſtauration de l’Egliſe par humbles &

98.0 1044.0 1016.0 84.0 ardentes prieres: auſsi les magiſtrats ſont te¬

102.0 1104.0 1015.0 76.0 nus de procurer le meſme auec tous les moyẽs

105.0 1163.0 1011.0 81.0 que le Seigneur leur a mis en main. Car l’E¬

106.0 1219.0 1011.0 88.0 gliſe d’Epheſe n’eſt point vne autre Egliſe

105.0 1284.0 1012.0 81.0 que celle de Coloſſes: mais ces deux ſont por¬

105.0 1339.0 1016.0 84.0 tions de l’Egliſe vniuerſelle, laquelle eſt le

106.0 1404.0 1013.0 75.0 Royaume de Chriſt, l’auenement & auance¬

106.0 1461.0 1010.0 78.0 ment duquel chaſcun doit ſouhaiter: les Rois,

109.0 1518.0 1007.0 86.0 Princes & magiſtrats ſont tenus de l’eſtendre,

109.0 1580.0 1012.0 83.0 agrandir, maintenir & faire aparoir en tous

111.0 1640.0 1006.0 79.0 lieux & maugré tous ennemis. Pourtant il n’y

111.0 1696.0 1006.0 87.0 auoit qu’vn temple en Iudee, edifié par Salo¬

113.0 1756.0 1008.0 83.0 mon, ce qui repreſentoit l’vnité de l’Egliſe. Or.

115.0 1815.0 1005.0 83.0 le ſacriſtain ou marguillier d’vn temple meri¬

116.0 1876.0 1000.0 81.0 teroit d’eſtre mocqué & fouëtté à bon eſciẽt,

119.0 1939.0 998.0 91.0 qui en garderoit ſeulement vne partie bien

405.0 97.0 379.0 68.0 QVESTION.

1000.0 85.0 107.0 69.0 247

813.0 2006.0 135.0 63.0 Q.iiij.
