1455 2338
170 141 974 85 EN ſomme, tout ainſi que les vaſſaux rebel¬

115 207 1030 86 les, taſchans s’emparer du royaume, meritent

115 271 1030 73 d’eſtre exterminez, & commettent felonnie

116 328 1024 86 par le teſmoignage de toutes loix: auſsi ceux-

115 387 1028 83 la ſont criminels en toute ſorte qui ne veulent

116 444 1025 85 obſeruer la Loy Diuine à laquelle ils ſont o¬

116 501 1027 87 bligez, ou qui perſecutent ceux qui deſirent ſe

115 566 1026 80 reigler ſelon icelle, ſans les vouloir ouir en

118 623 1021 82 leurs defenſes. Or puis que nous voyons que

116 685 1018 81 Dieu inueſtit les Rois de leurs royaumes,

122 742 1022 89 preſques de meſme ſorte que les vaſſaux ſont

118 802 1025 78 inueſtis du fief par leur ſouuerain, il faut con¬

120 862 1018 86 clurre que les Rois qui ſont vaſſaux de Dieu,

120 920 1025 84 meritent d’eſtre priuez du benefice de leur Sei

124 981 1019 86 gneur, s’ils commettent felonnie, en meſme fa

128 1045 915 81 çon que les vaſſaux rebelles en ce monde.

424 102 390 56 QVES IPOR.

1078 89 53 64 37

188 1094 953 93 CE que deſſus preſuppoſé, lon pourra aiſé¬

123 1157 1024 84 ment ſoudre noſtre queſtion. Car ſi Dieu tiẽt

128 1218 1017 88 place de Seigneur Souuerain, le Roy de vaſſal:

129 1280 1020 83 qui oſeroit nier qu’il ne faille pluſtoſt obeir

128 1340 1025 82 au Souuerain qu’au vaſſal? Si Dieu commande

131 1423 1022 53 vne cuore, le Roy en commande vue concrur¬

129 1462 1023 82 re: qui eſt l’orgueilleux qui voudra nommer

132 1518 1021 84 rebelle celuy qui refuſe obeir au Roy en deſ¬

132 1576 1025 85 obeiſſant à Dieu? Mais au contraire, faut-il

136 1643 1013 79 pas condamner & tenir pour vray rebelle ce¬

132 1698 1021 82 luy qui differera d’obeir à Dieu, ou qui obeira

132 1754 1021 78 au Roy defendãt de rendre obeiſſance à Dieu?

135 1813 1016 87 Brief, ſi Dieu nous apelle d’vn coſté pour

136 1878 1020 79 nous enrooller, & le Roy d’vn autre: y aura-il

137 1936 1014 88 homme qui ne die qu’il faut laiſſer le Roy,

866 1997 126 82 C.iij.
