1431 2338
177 148 162 81 Sleidlia.

180.0 219.0 157.0 53.0 & la Bui

179.0 262.0 135.0 83.0 le doree.

335.0 85.0 95.0 89.0 170

350 177 999 70 Alemagne ſoit couronné, il promet de n’alie¬

350.0 224.0 999.0 83.0 ner, vendre ni engager rien qui apartiene à

350.0 282.0 1001.0 84.0 l’Empire ni au patrimoine de l’Empire. S’il

350.0 350.0 999.0 76.0 recouure ou acquiert quelque choſe par les ar

345.0 410.0 1008.0 75.0 mes publiques, ce ſera pour l’Empire & non

347.0 471.0 1006.0 70.0 pour ſoy. A cauſe dequoy, lors que Charles

344.0 527.0 1007.0 70.0 quatrieſme promit à chaſcun des Electeurs

343.0 587.0 1006.0 72.0 cent mille eſcus afin qu’ils deſignaſſent Empe¬

341.0 646.0 1013.0 70.0 reur ſon fils VVenceſlas, dautant qu’il n’auoit

343.0 706.0 1004.0 74.0 pas l’argent contant, il leur bailla pour gages

341.0 767.0 1012.0 70.0 les gabelles, peages, tributs, certaines villes, l'es

339.0 823.0 1012.0 71.0 droits & deuoirs de l’Empire: dont s’enſuiuit

344.0 884.0 1003.0 73.0 vne diſpute bien aſpre, pluſieurs ſouſtenans

345.0 937.0 1002.0 72.0 ceſt engagement eſtre nul. De fait il euſt eſté

345.0 999.0 1004.0 78.0 reſcindé, ſans le profit qu’en tiroyent ceux qui

353.0 1063.0 997.0 73.0 deuoyent s’y oppoſer & maintenir l’Empire.

341.0 1116.0 1006.0 74.0 Il auint auſsi que VVenceſlas qui n’eſtoit ca¬

341.0 1176.0 1008.0 78.0 pable de gouuerner fut contraint de quitter la

337.0 1237.0 1008.0 78.0 couronne Imperiale, ſur tout à cauſe qu’il s’e¬

337.0 1303.0 1008.0 64.0 ſtoit laiſſé tirer des mains les droits de l’Em¬

337.0 1352.0 1010.0 85.0 pire ſur la Duché de Milan. Il y a vne loy fort

339.0 1418.0 1010.0 70.0 anciene au Royaume de Pologne, defendant

337.0 1474.0 1008.0 71.0 d’aliener les terres du Royaume, & qui a eſté

339.0 1537.0 1008.0 74.0 renouuellee par le Roy Louys, l’an mil trois

339.0 1601.0 1007.0 71.0 cens ſeptante cinq. Au Royaume de Hongrie

343.0 1661.0 1003.0 63.0 il y en a vne ſemblable: tellement que nous li¬

337.0 1712.0 1008.0 72.0 ſons qu’enuiron l’an mil deux cens vingt & vn

337.0 1772.0 1006.0 80.0 lon ſe plaignit au Pape Honorius de ce que le

337.0 1831.0 1004.0 82.0 Roy André auoit engagé les biens du Royau¬

339.0 1891.0 1000.0 76.0 me. En Angleterre, de meſmes, par loy d’E¬

337 1952 1004 91 douard, l’an mil deux cens nonante huict.

649.0 111.0 431.0 64.0 TROISIESME

181.0 946.0 121.0 55.0 L.1.&

176.0 991.0 151.0 64.0 paßim, c.

176.0 1048.0 158.0 46.0 de con.re.

175.0 1092.0 165.0 58.0 alien. Nan

175.0 1140.0 129.0 62.0 cler.in

178.0 1187.0 118.0 63.0 chron.

172.0 1634.0 155.0 64.0 C.intelle¬

167.0 1687.0 158.0 74.0 cto. de iu

167.0 1740.0 144.0 64.0 reiut. in

171.0 1795.0 139.0 62.0 Decret.

1216.0 2021.0 129.0 67.0 Sem¬
