<?xml version="1.0" encoding="UTF-8"?>
<alto xmlns:xsi="http://www.w3.org/2001/XMLSchema-instance"
      xmlns="http://www.loc.gov/standards/alto/ns-v4#"
      xsi:schemaLocation="http://www.loc.gov/standards/alto/ns-v4# http://www.loc.gov/standards/alto/v4/alto-4-2.xsd">
  <Description>
    <MeasurementUnit>pixel</MeasurementUnit>
    <sourceImageInformation>
      <fileName>page_00020.png</fileName>
    </sourceImageInformation>
  </Description>
  <Tags>
    <OtherTag ID="BT7" LABEL="CustomZone" DESCRIPTION="block type CustomZone"/><OtherTag ID="BT8" LABEL="DamageZone" DESCRIPTION="block type DamageZone"/><OtherTag ID="BT9" LABEL="DigitizationArtefactZone" DESCRIPTION="block type DigitizationArtefactZone"/><OtherTag ID="BT10" LABEL="DropCapitalZone" DESCRIPTION="block type DropCapitalZone"/><OtherTag ID="BT11" LABEL="GraphicZone" DESCRIPTION="block type GraphicZone"/><OtherTag ID="BT12" LABEL="MainZone" DESCRIPTION="block type MainZone"/><OtherTag ID="BT13" LABEL="MarginTextZone" DESCRIPTION="block type MarginTextZone"/><OtherTag ID="BT14" LABEL="MusicZone" DESCRIPTION="block type MusicZone"/><OtherTag ID="BT15" LABEL="NumberingZone" DESCRIPTION="block type NumberingZone"/><OtherTag ID="BT17" LABEL="QuireMarksZone" DESCRIPTION="block type QuireMarksZone"/><OtherTag ID="BT18" LABEL="RunningTitleZone" DESCRIPTION="block type RunningTitleZone"/><OtherTag ID="BT19" LABEL="SealZone" DESCRIPTION="block type SealZone"/><OtherTag ID="BT20" LABEL="StampZone" DESCRIPTION="block type StampZone"/><OtherTag ID="BT21" LABEL="TableZone" DESCRIPTION="block type TableZone"/><OtherTag ID="BT22" LABEL="TitlePageZone" DESCRIPTION="block type TitlePageZone"/><OtherTag ID="BT100001" LABEL="MainZone-Head" DESCRIPTION="block type MainZone-Head"/><OtherTag ID="BT100011" LABEL="MainZone-Entry" DESCRIPTION="block type MainZone-Entry"/><OtherTag ID="BT100005" LABEL="MainZone-P" DESCRIPTION="block type MainZone-P"/><OtherTag ID="BT100008" LABEL="MainZone-Sp" DESCRIPTION="block type MainZone-Sp"/><OtherTag ID="BT100006" LABEL="MainZone-Continued" DESCRIPTION="block type MainZone-Continued"/><OtherTag ID="BT100009" LABEL="MarginTextZone-Notes" DESCRIPTION="block type MarginTextZone-Notes"/><OtherTag ID="BT100007" LABEL="MarginTextZone-ManuscriptAddendum" DESCRIPTION="block type MarginTextZone-ManuscriptAddendum"/><OtherTag ID="BT100013" LABEL="StampZone-Sticker" DESCRIPTION="block type StampZone-Sticker"/><OtherTag ID="BT100014" LABEL="MainZone-ListItem" DESCRIPTION="block type MainZone-ListItem"/>
    <OtherTag ID="LT7" LABEL="CustomLine" DESCRIPTION="line type CustomLine"/><OtherTag ID="LT8" LABEL="DefaultLine" DESCRIPTION="line type DefaultLine"/><OtherTag ID="LT9" LABEL="DropCapitalLine" DESCRIPTION="line type DropCapitalLine"/><OtherTag ID="LT10" LABEL="HeadingLine" DESCRIPTION="line type HeadingLine"/><OtherTag ID="LT11" LABEL="InterlinearLine" DESCRIPTION="line type InterlinearLine"/><OtherTag ID="LT12" LABEL="MusicLine" DESCRIPTION="line type MusicLine"/><OtherTag ID="LT747" LABEL="default" DESCRIPTION="line type default"/>
  </Tags>
  <Layout>
    <Page WIDTH="1436"
          HEIGHT="2343"
          PHYSICAL_IMG_NR="19"
          ID="eSc_dummypage_">
      <PrintSpace HPOS="0"
                  VPOS="0"
                  WIDTH="1436"
                  HEIGHT="2343">
        <TextBlock HPOS="281.0"
                   VPOS="91.0"
                   WIDTH="81.0"
                   HEIGHT="59.0"
                   ID="block_0"
                   TAGREFS="BT15">
          <Shape><Polygon POINTS="362 91 362 150 281 150 281 91"/></Shape>
          <TextLine ID="line_0"
                    TAGREFS="LT8"
                    BASELINE="289 131 360 128" 
                    HPOS="286.0"
                    VPOS="93.0"
                    WIDTH="74.0"
                    HEIGHT="59.0">
            <Shape><Polygon POINTS="289 131 289 152 331 152 331 150 333 150 360 139 360 128 356 93 286 93 289 131"/></Shape>
	    <String CONTENT="20"
                    HPOS="286.0"
                    VPOS="93.0"
                    WIDTH="74.0"
                    HEIGHT="59.0"
                    WC="0.9999869465827942"></String>
          </TextLine>
        </TextBlock>
        <TextBlock HPOS="278.0"
                   VPOS="156.0"
                   WIDTH="1035.0"
                   HEIGHT="1859.0"
                   ID="block_1"
                   TAGREFS="BT100006">
          <Shape><Polygon POINTS="1313 159 1311 315 1294 1993 288 2015 278 156"/></Shape>
          <TextLine ID="line_2"
                    TAGREFS="LT8"
                    BASELINE="292 199 1309 199" 
                    HPOS="292"
                    VPOS="140"
                    WIDTH="1017"
                    HEIGHT="79">
            <Shape><Polygon POINTS="292 199 292 218 389 209 479 217 480 217 481 217 507 209 533 216 535 216 536 216 647 209 687 217 697 218 699 219 734 219 734 218 735 218 736 218 739 217 752 209 803 209 814 216 817 218 818 218 820 218 821 218 833 216 864 209 898 216 906 217 907 217 908 217 915 216 941 209 959 216 964 217 966 217 967 217 984 216 1035 209 1061 214 1076 218 1077 218 1308 213 1309 199 1308 156 1210 156 1165 144 1163 144 1162 144 1140 153 1105 140 1104 140 1102 140 1062 148 964 140 963 140 962 140 920 150 910 144 908 144 907 144 906 144 904 144 882 156 851 156 830 141 829 141 828 141 826 141 825 141 794 150 773 144 772 144 770 144 769 144 768 144 752 156 660 156 583 140 408 140 407 140 406 140 404 140 393 150 371 140 369 140 368 140 367 140 365 140 354 149 329 145 328 145 326 145 292 154 292 199"/></Shape>
	    <String CONTENT="plus ſont-ils comptables: &amp; ſelon qu’ils ont"
                    HPOS="292"
                    VPOS="140"
                    WIDTH="1017"
                    HEIGHT="79"
                    WC="0.995162462646311"></String>
          </TextLine>
          <TextLine ID="line_3"
                    TAGREFS="LT8"
                    BASELINE="291 257 1308 257" 
                    HPOS="291.0"
                    VPOS="208.0"
                    WIDTH="1017.0"
                    HEIGHT="70.0">
            <Shape><Polygon POINTS="291 257 291 268 347 275 348 275 391 269 410 277 411 277 412 277 414 277 415 277 428 269 429 269 541 269 544 269 572 277 574 277 575 277 626 269 631 269 674 269 676 269 691 277 692 277 693 278 752 278 752 277 753 277 755 277 761 270 785 277 786 277 787 277 788 277 814 270 820 269 929 269 930 270 937 275 938 275 939 275 941 275 1036 270 1066 269 1070 270 1083 277 1084 277 1085 277 1307 270 1308 257 1307 223 1279 223 1261 209 1260 209 1258 209 1257 209 1256 209 1217 222 1166 210 1165 210 1163 210 1139 223 1070 223 1045 208 1044 208 1042 208 966 208 964 208 963 208 962 208 945 221 902 212 900 212 899 212 877 222 795 208 794 208 792 208 791 208 766 223 713 223 673 208 671 208 624 208 623 208 602 209 601 209 600 209 584 222 552 210 550 210 549 210 469 222 442 208 441 208 342 208 341 208 339 208 338 208 313 223 291 223 291 257"/></Shape>
	    <String CONTENT="eſté eſleuez en charges honnorables, plus ſe¬"
                    HPOS="291.0"
                    VPOS="208.0"
                    WIDTH="1017.0"
                    HEIGHT="70.0"
                    WC="0.9951200640719869"></String>
          </TextLine>
          <TextLine ID="line_4"
                    TAGREFS="LT8"
                    BASELINE="291 317 1307 316" 
                    HPOS="290.0"
                    VPOS="275.0"
                    WIDTH="1017.0"
                    HEIGHT="63.0">
            <Shape><Polygon POINTS="1227 275 1214 275 1201 275 1188 275 1175 275 1162 275 1149 275 1136 275 1113 283 882 283 870 275 863 275 850 275 837 275 833 275 796 281 781 275 772 275 759 275 745 275 732 275 710 278 683 275 680 275 667 275 654 275 641 275 631 275 614 282 580 275 576 275 567 275 558 282 546 275 537 275 524 275 511 275 498 275 494 275 476 282 446 275 433 275 420 275 419 275 406 282 386 275 381 275 368 275 364 275 359 279 347 275 342 275 334 275 290 283 291 317 291 329 350 334 351 334 352 334 364 330 371 328 377 330 389 334 390 334 391 334 430 330 458 328 476 330 505 335 506 335 529 330 540 329 561 330 615 337 617 337 618 337 628 331 635 328 653 331 679 337 680 337 682 337 692 331 700 328 734 328 747 331 761 337 762 337 764 337 821 331 876 328 891 333 904 337 906 337 907 337 938 333 973 328 985 333 993 337 994 337 995 337 997 337 1006 333 1016 329 1025 333 1035 337 1036 337 1037 338 1226 338 1226 337 1245 334 1287 328 1304 334 1307 316 1304 283 1248 283 1236 275 1227 275"/></Shape>
	    <String CONTENT="ront-ils chargez deuant Dieu: ce que l’Eſcri¬"
                    HPOS="290.0"
                    VPOS="275.0"
                    WIDTH="1017.0"
                    HEIGHT="63.0"
                    WC="0.9890907340579562"></String>
          </TextLine>
          <TextLine ID="line_5"
                    TAGREFS="LT8"
                    BASELINE="291 373 1305 378" 
                    HPOS="290.0"
                    VPOS="326.0"
                    WIDTH="1015.0"
                    HEIGHT="72.0">
            <Shape><Polygon POINTS="291 373 290 385 377 393 378 393 380 393 406 386 415 383 423 386 442 391 443 391 445 391 488 386 489 386 490 386 572 394 574 394 609 386 615 385 624 386 670 393 671 393 704 386 712 385 727 386 817 395 818 395 861 387 900 395 902 395 903 395 928 386 969 386 1025 386 1032 386 1110 397 1111 398 1240 398 1240 397 1242 397 1243 397 1252 390 1268 395 1269 395 1270 395 1271 395 1304 386 1305 378 1304 337 1165 330 1163 330 1162 330 1148 335 1132 342 1115 335 1101 330 1100 330 1098 330 1097 330 1096 330 1089 335 1080 343 1058 343 1049 335 1042 329 1041 329 1040 329 912 329 911 329 910 329 894 335 893 335 891 335 880 329 878 329 804 329 803 329 801 329 800 329 792 335 783 341 545 341 535 334 518 326 516 326 481 326 480 326 479 326 464 334 455 339 358 339 348 334 333 326 331 326 330 326 291 333 291 373"/></Shape>
	    <String CONTENT="ture enſeigne en vne infinité d’endroits, &amp;"
                    HPOS="290.0"
                    VPOS="326.0"
                    WIDTH="1015.0"
                    HEIGHT="72.0"
                    WC="0.999617950482802"></String>
          </TextLine>
          <TextLine ID="line_6"
                    TAGREFS="LT8"
                    BASELINE="291 434 1301 438" 
                    HPOS="290.0"
                    VPOS="387.0"
                    WIDTH="1011.0"
                    HEIGHT="73.0">
            <Shape><Polygon POINTS="291 434 290 445 313 458 315 458 316 458 317 458 351 450 433 455 434 455 479 447 542 455 544 455 583 450 593 458 594 458 596 458 597 458 639 449 761 455 762 455 830 449 924 459 925 459 926 459 928 459 946 449 994 449 1021 460 1023 460 1024 460 1119 451 1152 460 1153 460 1154 460 1239 454 1282 460 1283 460 1284 460 1286 460 1300 449 1301 438 1300 404 1166 404 1166 403 1137 390 1136 390 1135 390 1133 390 1097 403 1096 403 1094 403 1068 397 1067 397 1066 397 1064 397 1063 397 1055 403 1037 390 1036 390 1035 390 1033 390 977 395 967 389 966 389 964 389 915 389 913 389 912 389 911 389 894 402 846 389 844 389 843 389 842 389 807 402 805 402 761 389 760 389 730 389 729 389 727 389 726 389 708 402 706 403 628 403 593 402 593 400 578 389 576 389 575 389 574 389 572 389 538 399 512 387 511 387 485 387 484 387 483 387 481 387 467 399 415 389 414 389 412 389 411 389 400 395 372 391 371 391 369 391 368 391 356 400 355 400 291 400 291 434"/></Shape>
	    <String CONTENT="tous les fideles, meſmes les plus ſages Payens,"
                    HPOS="290.0"
                    VPOS="387.0"
                    WIDTH="1011.0"
                    HEIGHT="73.0"
                    WC="0.9831641722232738"></String>
          </TextLine>
          <TextLine ID="eSc_line_42fd8140"
                    TAGREFS="LT8"
                    BASELINE="300 490 1303 495" 
                    HPOS="296"
                    VPOS="439"
                    WIDTH="1005"
                    HEIGHT="70">
            <Shape><Polygon POINTS="298 488 296 509 1299 509 1301 493 1301 458 1246 443 1244 443 1242 443 1240 443 1211 456 1209 458 1039 458 1033 454 1019 443 1017 443 1015 443 1013 443 1012 443 992 451 967 441 965 441 963 441 961 441 931 452 926 454 918 452 881 441 879 441 877 441 875 441 845 451 836 454 816 451 761 441 638 441 636 441 634 441 633 441 623 449 619 451 613 449 586 439 584 439 394 439 392 439 390 439 373 445 349 452 298 445 298 488"/></Shape>
	    <String CONTENT="l’ont touſiours ainſi reconu. La terre appar¬"
                    HPOS="296"
                    VPOS="439"
                    WIDTH="1005"
                    HEIGHT="70"
                    WC="0.9926558666759067"></String>
          </TextLine>
          <TextLine ID="line_8"
                    TAGREFS="LT8"
                    BASELINE="289 557 1300 557" 
                    HPOS="289.0"
                    VPOS="511.0"
                    WIDTH="1011.0"
                    HEIGHT="64.0">
            <Shape><Polygon POINTS="289 557 289 570 296 575 298 575 299 575 300 575 350 568 389 568 515 568 518 568 525 575 527 575 528 575 529 575 572 570 583 568 594 570 634 575 635 575 636 575 652 570 657 568 661 570 673 575 674 575 675 575 676 575 691 570 699 568 1156 574 1248 575 1249 575 1251 575 1264 568 1299 575 1300 557 1300 519 1223 511 1222 511 1221 511 1201 519 1193 521 1171 519 1115 511 1114 511 1113 511 1094 519 1088 521 1059 519 1011 515 1010 515 971 519 951 521 933 520 864 511 863 511 773 520 757 521 755 520 738 511 736 511 701 511 700 511 699 511 680 520 678 523 637 523 634 520 602 511 601 511 600 511 598 511 568 521 566 523 512 523 510 521 481 511 480 511 479 511 477 511 456 521 455 523 289 523 289 557"/></Shape>
	    <String CONTENT="tient au Seigneur, &amp; tout le contenu d’icelle,"
                    HPOS="289.0"
                    VPOS="511.0"
                    WIDTH="1011.0"
                    HEIGHT="64.0"
                    WC="0.9992802842803623"></String>
          </TextLine>
          <TextLine ID="line_9"
                    TAGREFS="LT8"
                    BASELINE="287 615 1303 613" 
                    HPOS="286.0"
                    VPOS="561.0"
                    WIDTH="1017.0"
                    HEIGHT="76.0">
            <Shape><Polygon POINTS="287 615 287 627 501 627 502 627 516 636 518 636 519 636 520 637 579 637 579 636 580 636 610 627 615 626 624 627 670 633 671 633 734 627 749 626 753 627 772 635 773 635 774 635 831 627 854 624 877 627 936 635 937 635 1016 633 1018 633 1019 633 1025 627 1041 635 1042 635 1044 635 1045 635 1074 628 1101 635 1102 635 1104 635 1301 627 1303 613 1300 579 1215 571 1214 571 1213 571 1212 571 1204 579 1137 579 1104 561 1102 561 1101 561 1100 561 1098 561 1085 571 1042 566 1041 566 1040 566 1038 566 1020 579 919 579 874 562 873 562 872 562 870 562 839 579 814 579 787 562 786 562 785 562 783 562 697 571 690 564 688 564 687 564 593 562 592 562 591 562 589 562 562 580 538 580 505 562 503 562 365 562 364 562 363 562 361 562 347 574 286 580 287 615"/></Shape>
	    <String CONTENT="ce dit le Roy Dauid. Et afin que les hommes"
                    HPOS="286.0"
                    VPOS="561.0"
                    WIDTH="1017.0"
                    HEIGHT="76.0"
                    WC="0.98735352172408"></String>
          </TextLine>
          <TextLine ID="line_10"
                    TAGREFS="LT8"
                    BASELINE="286 676 1304 674" 
                    HPOS="285.0"
                    VPOS="624.0"
                    WIDTH="1019.0"
                    HEIGHT="65.0">
            <Shape><Polygon POINTS="286 676 286 689 1304 689 1304 674 1301 643 1191 643 1161 624 1159 624 1158 624 1157 624 1048 641 949 635 947 635 946 635 929 641 903 624 902 624 900 624 899 624 898 624 897 624 877 639 805 641 775 626 774 626 723 626 722 626 721 626 719 626 695 643 640 641 621 626 619 626 618 626 617 626 572 627 571 627 535 641 502 626 501 626 372 626 371 626 369 626 334 644 285 644 286 676"/></Shape>
	    <String CONTENT="ne facrifient à leur charrue, la terre ne ſauroit"
                    HPOS="285.0"
                    VPOS="624.0"
                    WIDTH="1019.0"
                    HEIGHT="65.0"
                    WC="0.9909272396564484"></String>
          </TextLine>
          <TextLine ID="line_11"
                    TAGREFS="LT8"
                    BASELINE="289 735 1299 732" 
                    HPOS="287.0"
                    VPOS="685.0"
                    WIDTH="1012.0"
                    HEIGHT="72.0">
            <Shape><Polygon POINTS="289 735 289 756 338 748 367 756 369 756 371 756 372 757 451 757 451 756 453 756 454 756 455 754 464 748 644 753 777 756 778 756 830 751 870 747 949 747 951 749 958 754 959 754 960 754 962 754 994 749 1010 747 1068 748 1275 754 1277 754 1278 754 1299 745 1299 732 1294 691 1264 700 1169 700 1154 692 1146 688 1145 688 1144 688 1143 688 1133 692 1128 695 1115 692 1077 685 1076 685 1075 685 1058 693 1053 695 1049 693 1031 685 1029 685 1028 685 1027 685 1025 685 1014 693 1003 700 967 700 959 695 946 685 945 685 943 685 820 685 818 685 817 685 816 685 803 696 798 700 773 700 755 696 709 687 708 687 706 687 678 697 674 698 663 697 584 687 583 687 581 687 580 687 561 698 557 701 525 701 523 698 490 687 489 687 488 687 486 687 462 700 460 701 287 701 289 735"/></Shape>
	    <String CONTENT="rien produire ſans la graiſſe du ciel. Pourtant"
                    HPOS="287.0"
                    VPOS="685.0"
                    WIDTH="1012.0"
                    HEIGHT="72.0"
                    WC="0.9937012132177961"></String>
          </TextLine>
          <TextLine ID="line_12"
                    TAGREFS="LT8"
                    BASELINE="289 796 1303 792" 
                    HPOS="287.0"
                    VPOS="747.0"
                    WIDTH="1016.0"
                    HEIGHT="65.0">
            <Shape><Polygon POINTS="289 796 289 812 1301 812 1303 792 1300 760 1239 760 1238 758 1218 747 1217 747 1215 747 1214 747 1213 747 1196 756 1162 747 1161 747 1053 747 1051 747 1050 747 1028 757 1023 758 1016 757 995 751 994 751 993 751 992 751 975 756 963 760 954 756 936 748 934 748 933 748 932 748 930 748 919 756 917 757 915 756 904 748 903 748 902 748 863 748 861 748 860 748 841 754 826 761 726 761 708 753 692 748 691 748 690 748 688 748 687 748 678 753 667 760 626 754 624 754 623 754 622 754 622 756 615 762 537 762 514 752 507 749 506 749 505 749 503 749 502 749 499 752 492 758 387 761 374 754 373 754 372 754 371 754 347 761 331 751 330 749 329 749 328 749 326 749 287 749 289 796"/></Shape>
	    <String CONTENT="Dieu vouloit que ſon peuple luy offriſt les pre"
                    HPOS="287.0"
                    VPOS="747.0"
                    WIDTH="1016.0"
                    HEIGHT="65.0"
                    WC="0.9906605875238459"></String>
          </TextLine>
          <TextLine ID="line_13"
                    TAGREFS="LT8"
                    BASELINE="290 855 1303 851" 
                    HPOS="289.0"
                    VPOS="805.0"
                    WIDTH="1014.0"
                    HEIGHT="64.0">
            <Shape><Polygon POINTS="290 855 290 868 1300 869 1303 851 1300 810 1245 805 1244 805 1243 805 1221 810 1196 817 1175 812 1156 805 1154 805 1097 805 1096 805 1094 805 1093 805 1081 812 1072 818 924 818 913 814 895 807 894 807 893 807 854 814 850 816 844 816 812 807 811 807 809 807 808 807 807 807 794 816 790 818 786 816 769 807 768 807 734 807 732 807 688 817 680 818 671 817 636 812 635 812 634 812 632 812 626 817 623 820 613 818 587 813 585 813 545 818 535 820 529 818 484 808 432 808 430 808 429 808 428 808 414 818 367 812 365 812 364 812 363 812 352 821 289 821 290 855"/></Shape>
	    <String CONTENT="mices de tous fruits (&amp; les Payens meſmes les"
                    HPOS="289.0"
                    VPOS="805.0"
                    WIDTH="1014.0"
                    HEIGHT="64.0"
                    WC="0.9867867906888326"></String>
          </TextLine>
          <TextLine ID="line_14"
                    TAGREFS="LT8"
                    BASELINE="290 915 1297 911" 
                    HPOS="289.0"
                    VPOS="864.0"
                    WIDTH="1008.0"
                    HEIGHT="66.0">
            <Shape><Polygon POINTS="290 915 290 930 1296 925 1297 911 1295 878 1242 877 1231 868 1230 868 1228 868 1227 868 1226 868 1225 868 1215 876 1196 868 1195 868 1193 868 1154 877 1126 865 1124 865 1123 865 1122 865 1097 872 1055 864 1054 864 1053 864 1015 877 968 864 967 864 966 864 964 864 938 878 937 878 886 869 885 869 883 869 864 878 864 879 829 879 829 878 801 865 800 865 626 865 624 865 623 865 583 879 581 879 578 879 483 866 481 866 480 866 443 879 442 881 289 881 290 915"/></Shape>
	    <String CONTENT="ont conſacrez à leurs dieux) afin de le reco¬"
                    HPOS="289.0"
                    VPOS="864.0"
                    WIDTH="1008.0"
                    HEIGHT="66.0"
                    WC="0.9953772283118704"></String>
          </TextLine>
          <TextLine ID="line_15"
                    TAGREFS="LT8"
                    BASELINE="289 972 1296 969" 
                    HPOS="287.0"
                    VPOS="925.0"
                    WIDTH="1009.0"
                    HEIGHT="73.0">
            <Shape><Polygon POINTS="289 972 289 987 298 994 299 994 300 994 302 994 303 994 326 985 376 985 378 985 549 998 550 998 552 998 587 985 639 993 640 993 781 985 864 997 865 997 929 995 930 995 954 985 967 997 968 997 969 997 971 998 997 998 997 997 998 997 999 997 1015 984 1023 990 1024 990 1025 990 1027 990 1028 990 1055 984 1057 984 1094 991 1096 991 1143 984 1159 997 1161 997 1162 997 1163 998 1236 998 1236 997 1295 982 1296 969 1294 941 1234 933 1232 933 1169 939 1143 925 1141 925 1140 925 1139 925 1122 933 1114 926 1113 926 1111 926 1110 926 1109 926 1083 939 1033 930 1032 930 1031 930 1029 930 1018 941 902 941 807 925 805 925 804 925 770 939 742 929 740 929 739 929 738 929 706 941 678 928 676 928 675 928 674 928 645 939 587 939 522 926 462 926 460 926 459 926 458 926 447 934 441 929 440 929 438 929 360 926 359 926 358 926 356 926 337 939 312 935 311 935 309 935 287 942 289 972"/></Shape>
	    <String CONTENT="noiſtre Seigneur &amp; eux ſes grangiers &amp; vigne¬"
                    HPOS="287.0"
                    VPOS="925.0"
                    WIDTH="1009.0"
                    HEIGHT="73.0"
                    WC="0.9982687261369493"></String>
          </TextLine>
          <TextLine ID="line_16"
                    TAGREFS="LT8"
                    BASELINE="287 1034 1300 1030" 
                    HPOS="286.0"
                    VPOS="984.0"
                    WIDTH="1014.0"
                    HEIGHT="67.0">
            <Shape><Polygon POINTS="287 1034 287 1045 550 1045 552 1045 558 1051 559 1051 561 1051 562 1051 617 1045 634 1043 667 1045 773 1051 774 1051 775 1051 792 1046 796 1045 811 1046 886 1051 887 1051 919 1046 933 1043 955 1046 992 1050 993 1050 1299 1046 1300 1030 1296 993 1279 995 1273 993 1253 984 1252 984 1251 984 1249 984 1226 991 1213 987 1212 987 1210 987 1209 987 1208 987 1201 993 1195 999 1118 999 1101 994 1076 986 1075 986 1074 986 1072 986 1071 986 1059 994 1057 995 989 998 982 994 962 984 960 984 959 984 902 985 900 985 899 985 883 995 876 1000 826 1000 820 995 812 990 811 990 809 990 808 990 807 990 796 995 792 998 788 995 773 985 772 985 770 985 769 985 708 991 699 985 697 985 696 985 623 985 622 985 584 986 583 986 581 986 567 997 562 1000 538 998 459 986 458 986 456 986 432 998 425 1000 416 998 397 993 395 993 394 993 393 993 381 998 376 1000 371 998 358 994 356 994 355 994 354 994 334 999 331 999 330 999 312 987 311 987 309 987 308 987 307 987 286 997 287 1034"/></Shape>
	    <String CONTENT="rons. Le ciel eſt le throne du Seigneur, &amp; la"
                    HPOS="286.0"
                    VPOS="984.0"
                    WIDTH="1014.0"
                    HEIGHT="67.0"
                    WC="0.9871398303243849"></String>
          </TextLine>
          <TextLine ID="eSc_line_214246e9"
                    TAGREFS="LT8"
                    BASELINE="292 1089 1297 1092" 
                    HPOS="289"
                    VPOS="1036"
                    WIDTH="1006"
                    HEIGHT="80">
            <Shape><Polygon POINTS="291 1087 289 1107 668 1105 683 1109 709 1114 711 1114 713 1114 816 1107 840 1107 863 1107 1021 1116 1023 1116 1137 1107 1140 1107 1144 1107 1213 1116 1215 1116 1293 1105 1295 1091 1293 1038 1254 1038 1252 1038 1250 1038 1248 1038 1248 1040 1234 1054 955 1054 928 1042 920 1038 918 1038 793 1036 660 1036 658 1036 656 1036 654 1036 654 1038 646 1044 640 1052 558 1052 549 1046 535 1036 533 1036 531 1036 529 1036 291 1048 291 1087"/></Shape>
	    <String CONTENT="terre le ſcabeau de ſes pieds. Et pourtant, puis"
                    HPOS="289"
                    VPOS="1036"
                    WIDTH="1006"
                    HEIGHT="80"
                    WC="0.9924815135697523"></String>
          </TextLine>
          <TextLine ID="line_18"
                    TAGREFS="LT8"
                    BASELINE="291 1151 1295 1149" 
                    HPOS="290.0"
                    VPOS="1103.0"
                    WIDTH="1005.0"
                    HEIGHT="68.0">
            <Shape><Polygon POINTS="291 1151 291 1171 347 1163 527 1163 542 1170 544 1170 545 1170 546 1170 571 1163 605 1170 609 1170 610 1170 615 1170 663 1163 751 1168 775 1170 777 1170 778 1170 782 1168 800 1162 824 1168 826 1168 828 1168 829 1168 841 1168 919 1162 947 1167 955 1168 956 1168 973 1167 1027 1162 1066 1167 1084 1168 1085 1168 1294 1164 1295 1149 1294 1114 1274 1103 1273 1103 1244 1103 1243 1103 1242 1103 1240 1103 1226 1114 1223 1116 1169 1116 1166 1114 1153 1103 1152 1103 1150 1103 1059 1103 1058 1103 1057 1103 1055 1103 1041 1115 1040 1116 975 1116 973 1115 959 1103 958 1103 956 1103 955 1103 907 1110 868 1103 867 1103 865 1103 838 1115 820 1109 818 1109 817 1109 744 1116 739 1116 736 1116 697 1105 696 1105 695 1105 693 1105 692 1105 678 1116 676 1118 657 1118 657 1116 630 1105 628 1105 627 1105 626 1105 591 1116 570 1107 568 1107 567 1107 566 1107 565 1107 552 1115 497 1105 496 1105 494 1105 472 1116 411 1106 410 1106 408 1106 380 1116 333 1111 331 1111 290 1118 291 1151"/></Shape>
	    <String CONTENT="que tous les rois du monde ſont deſſous ſes"
                    HPOS="290.0"
                    VPOS="1103.0"
                    WIDTH="1005.0"
                    HEIGHT="68.0"
                    WC="0.9839276851609696"></String>
          </TextLine>
          <TextLine ID="line_19"
                    TAGREFS="LT8"
                    BASELINE="290 1214 1295 1209" 
                    HPOS="289.0"
                    VPOS="1158.0"
                    WIDTH="1006.0"
                    HEIGHT="78.0">
            <Shape><Polygon POINTS="290 1214 290 1236 341 1224 419 1232 420 1232 421 1232 449 1224 507 1231 509 1231 568 1223 602 1232 610 1233 611 1233 613 1233 614 1233 615 1233 617 1231 626 1224 666 1223 678 1231 682 1233 683 1233 684 1233 686 1233 687 1233 696 1231 706 1227 721 1230 740 1233 742 1233 743 1233 744 1233 749 1230 759 1224 779 1230 795 1232 796 1232 824 1228 857 1223 868 1228 878 1232 880 1232 881 1232 882 1232 883 1232 891 1227 900 1222 912 1227 925 1232 926 1232 928 1232 966 1226 984 1223 988 1226 995 1232 997 1232 998 1232 999 1233 1025 1233 1025 1232 1126 1223 1137 1223 1139 1223 1148 1231 1149 1231 1150 1231 1152 1232 1234 1232 1234 1231 1294 1220 1295 1209 1294 1172 1258 1162 1257 1162 1256 1162 1255 1162 1253 1162 1240 1170 1186 1161 1184 1161 1183 1161 1161 1171 1110 1158 1109 1158 1107 1158 1106 1158 1081 1171 1051 1172 1027 1172 1021 1172 969 1159 848 1158 847 1158 846 1158 798 1172 788 1174 719 1174 717 1172 708 1164 706 1164 705 1164 704 1164 673 1172 663 1174 658 1172 632 1159 631 1159 630 1159 557 1166 546 1159 545 1159 544 1159 542 1159 473 1161 472 1161 471 1161 458 1172 453 1176 416 1176 408 1172 386 1162 385 1162 384 1162 382 1162 352 1172 341 1175 289 1172 290 1214"/></Shape>
	    <String CONTENT="pieds, ce n’eſt pas merueilles ſi Dieu eſt appel¬"
                    HPOS="289.0"
                    VPOS="1158.0"
                    WIDTH="1006.0"
                    HEIGHT="78.0"
                    WC="0.9879752227238247"></String>
          </TextLine>
          <TextLine ID="line_20"
                    TAGREFS="LT8"
                    BASELINE="289 1273 1296 1270" 
                    HPOS="287.0"
                    VPOS="1222.0"
                    WIDTH="1009.0"
                    HEIGHT="73.0">
            <Shape><Polygon POINTS="289 1273 289 1282 376 1283 395 1293 397 1293 398 1295 432 1295 432 1293 433 1293 434 1293 451 1283 571 1289 572 1289 706 1284 726 1293 727 1293 729 1295 786 1295 786 1293 787 1293 825 1282 826 1282 841 1288 842 1288 843 1288 883 1282 885 1282 886 1282 926 1292 928 1292 929 1292 930 1292 958 1283 997 1289 998 1289 999 1289 1012 1283 1023 1292 1024 1292 1025 1292 1027 1293 1074 1293 1074 1292 1075 1292 1090 1284 1140 1292 1141 1292 1143 1292 1167 1283 1179 1292 1180 1292 1182 1292 1183 1292 1184 1292 1210 1286 1231 1292 1232 1292 1234 1292 1235 1292 1236 1292 1247 1283 1253 1288 1255 1288 1256 1288 1257 1288 1296 1280 1296 1270 1295 1228 1275 1222 1274 1222 1273 1222 1239 1228 1202 1236 1098 1236 1061 1228 1021 1222 902 1222 900 1222 899 1222 898 1222 887 1228 882 1232 788 1237 716 1237 704 1230 699 1226 697 1226 696 1226 695 1226 693 1226 682 1230 660 1236 648 1230 640 1226 639 1226 637 1226 636 1226 627 1230 611 1237 552 1237 531 1230 510 1223 509 1223 459 1223 458 1223 456 1223 437 1230 423 1235 414 1230 400 1223 399 1223 398 1223 287 1230 289 1273"/></Shape>
	    <String CONTENT="lé Roy des rois &amp; Seigneur des Seigneurs: &amp; ſi"
                    HPOS="287.0"
                    VPOS="1222.0"
                    WIDTH="1009.0"
                    HEIGHT="73.0"
                    WC="0.9932449586847996"></String>
          </TextLine>
          <TextLine ID="line_21"
                    TAGREFS="LT8"
                    BASELINE="290 1332 1294 1329" 
                    HPOS="289.0"
                    VPOS="1280.0"
                    WIDTH="1005.0"
                    HEIGHT="71.0">
            <Shape><Polygon POINTS="290 1332 290 1351 1292 1344 1294 1329 1292 1291 1255 1280 1253 1280 1252 1280 1195 1287 1149 1280 1148 1280 1146 1280 1145 1280 1132 1289 1122 1296 910 1296 898 1288 891 1282 890 1282 889 1282 795 1282 794 1282 792 1282 782 1287 766 1296 665 1291 663 1291 592 1297 574 1286 571 1283 570 1283 568 1283 477 1283 476 1283 475 1283 473 1283 471 1286 451 1297 376 1297 364 1289 363 1289 361 1289 360 1289 359 1289 343 1297 289 1284 290 1332"/></Shape>
	    <String CONTENT="les rois ſont nommez ſes ſeruiteurs, eſtablis"
                    HPOS="289.0"
                    VPOS="1280.0"
                    WIDTH="1005.0"
                    HEIGHT="71.0"
                    WC="0.9920916159947714"></String>
          </TextLine>
          <TextLine ID="line_22"
                    TAGREFS="LT8"
                    BASELINE="291 1392 1295 1388" 
                    HPOS="291.0"
                    VPOS="1340.0"
                    WIDTH="1004.0"
                    HEIGHT="76.0">
            <Shape><Polygon POINTS="291 1416 352 1405 433 1405 445 1414 446 1414 447 1414 449 1416 494 1416 494 1414 496 1414 516 1405 606 1413 623 1414 624 1414 626 1414 630 1413 652 1404 717 1404 732 1412 732 1413 734 1413 735 1413 736 1413 738 1413 742 1412 769 1404 787 1411 788 1411 790 1411 834 1404 851 1412 856 1413 857 1413 859 1413 870 1411 900 1405 937 1411 950 1412 951 1412 952 1412 954 1412 954 1411 955 1411 962 1403 1119 1403 1137 1409 1148 1412 1149 1412 1150 1412 1152 1412 1165 1408 1179 1405 1292 1407 1295 1388 1292 1343 1215 1340 1214 1340 1213 1340 1212 1340 1209 1343 1195 1355 1035 1355 1018 1343 1016 1343 1015 1343 1014 1343 1010 1343 956 1356 863 1356 848 1344 847 1344 846 1344 844 1344 843 1344 842 1344 829 1355 798 1355 721 1347 719 1347 718 1347 717 1347 706 1355 634 1355 613 1344 609 1343 607 1343 606 1343 605 1343 598 1344 572 1352 561 1344 559 1343 558 1343 557 1343 416 1343 415 1343 414 1343 412 1343 410 1345 400 1352 367 1345 359 1344 358 1344 348 1345 305 1352 291 1345 291 1392 291 1416"/></Shape>
	    <String CONTENT="pour iuger &amp; gouuerner le monde en qualité"
                    HPOS="291.0"
                    VPOS="1340.0"
                    WIDTH="1004.0"
                    HEIGHT="76.0"
                    WC="0.9980412291926007"></String>
          </TextLine>
          <TextLine ID="eSc_line_76464a96"
                    TAGREFS="LT8"
                    BASELINE="297 1448 384 1451 1292 1447" 
                    HPOS="295"
                    VPOS="1392"
                    WIDTH="996"
                    HEIGHT="84">
            <Shape><Polygon POINTS="296 1446 296 1476 361 1466 1287 1466 1291 1446 1287 1407 1197 1394 1156 1405 1117 1392 1109 1392 1094 1407 1039 1407 1021 1394 976 1405 965 1394 883 1392 855 1405 756 1394 693 1407 636 1397 576 1407 556 1394 457 1407 443 1394 314 1394 295 1403 296 1446"/></Shape>
	    <String CONTENT="de lieutenans. Par moy (ce dit la Sageſſe diui¬"
                    HPOS="295"
                    VPOS="1392"
                    WIDTH="996"
                    HEIGHT="84"
                    WC="0.9924465113497795"></String>
          </TextLine>
          <TextLine ID="line_25"
                    TAGREFS="LT8"
                    BASELINE="292 1513 1295 1508" 
                    HPOS="291.0"
                    VPOS="1459.0"
                    WIDTH="1004.0"
                    HEIGHT="74.0">
            <Shape><Polygon POINTS="292 1513 292 1524 338 1533 339 1533 341 1533 342 1533 354 1525 446 1525 456 1533 458 1533 459 1533 460 1533 552 1524 553 1524 554 1524 602 1533 604 1533 684 1525 764 1533 765 1533 766 1533 768 1533 778 1525 864 1532 865 1532 867 1532 898 1524 947 1532 949 1532 950 1532 951 1532 962 1524 1005 1532 1006 1532 1063 1521 1066 1521 1067 1521 1076 1529 1077 1529 1079 1529 1080 1529 1114 1524 1123 1530 1124 1530 1126 1530 1127 1532 1184 1532 1184 1530 1295 1520 1295 1508 1292 1466 1253 1459 1252 1459 1251 1459 1231 1466 1214 1473 1154 1473 1123 1466 1096 1461 1094 1461 1093 1461 1092 1461 1087 1466 1081 1470 1012 1473 1002 1466 993 1459 992 1459 990 1459 972 1459 971 1459 969 1459 954 1466 947 1469 937 1466 923 1463 921 1463 920 1463 919 1463 908 1466 890 1473 872 1466 850 1459 848 1459 809 1459 808 1459 807 1459 805 1459 796 1466 786 1476 732 1476 717 1466 716 1466 714 1466 713 1466 708 1466 671 1473 654 1466 636 1460 635 1460 542 1460 541 1460 540 1460 520 1466 518 1468 516 1466 509 1461 507 1461 506 1461 404 1461 403 1461 402 1461 390 1466 381 1472 359 1468 347 1465 346 1465 345 1465 343 1465 341 1468 330 1476 291 1468 292 1513"/></Shape>
	    <String CONTENT="ne) les rois regnent, &amp; les Princes iugent la"
                    HPOS="291.0"
                    VPOS="1459.0"
                    WIDTH="1004.0"
                    HEIGHT="74.0"
                    WC="0.9900475475523207"></String>
          </TextLine>
          <TextLine ID="line_26"
                    TAGREFS="LT8"
                    BASELINE="295 1568 1294 1565" 
                    HPOS="294.0"
                    VPOS="1519.0"
                    WIDTH="1000.0"
                    HEIGHT="65.0">
            <Shape><Polygon POINTS="295 1568 295 1584 1292 1584 1294 1565 1291 1524 1217 1519 1215 1519 1214 1519 1213 1519 1205 1524 1193 1530 1184 1525 1183 1525 1182 1525 1140 1532 1130 1525 1120 1519 1119 1519 1118 1519 1010 1519 1008 1519 1007 1519 990 1525 968 1521 967 1521 966 1521 955 1526 945 1532 929 1526 906 1519 904 1519 903 1519 902 1519 877 1526 870 1529 868 1526 859 1519 857 1519 856 1519 855 1519 854 1519 852 1519 839 1528 833 1532 820 1528 800 1521 799 1521 798 1521 796 1521 783 1528 773 1534 699 1534 690 1529 673 1520 671 1520 670 1520 669 1520 667 1520 654 1529 647 1534 619 1534 611 1529 591 1520 589 1520 464 1520 463 1520 462 1520 460 1520 443 1530 438 1533 294 1533 295 1568"/></Shape>
	    <String CONTENT="terre. S’ils ne le font, ie deſlie le baudrier des"
                    HPOS="294.0"
                    VPOS="1519.0"
                    WIDTH="1000.0"
                    HEIGHT="65.0"
                    WC="0.9956238985061645"></String>
          </TextLine>
          <TextLine ID="line_27"
                    TAGREFS="LT8"
                    BASELINE="295 1632 1292 1625" 
                    HPOS="294.0"
                    VPOS="1578.0"
                    WIDTH="998.0"
                    HEIGHT="73.0">
            <Shape><Polygon POINTS="295 1632 295 1644 404 1651 406 1651 579 1644 619 1650 621 1650 622 1650 640 1642 692 1650 693 1650 743 1641 748 1641 760 1641 891 1649 893 1649 894 1649 895 1649 906 1642 1072 1647 1074 1647 1075 1647 1076 1647 1088 1640 1106 1646 1107 1646 1109 1646 1110 1646 1111 1646 1119 1638 1186 1638 1234 1638 1253 1646 1255 1646 1256 1646 1257 1646 1292 1637 1292 1625 1290 1594 1221 1594 1193 1578 1192 1578 1145 1578 1144 1578 1143 1578 1109 1593 1084 1580 1083 1580 1081 1580 1080 1580 1048 1589 977 1580 976 1580 975 1580 930 1595 837 1595 817 1581 816 1581 814 1581 813 1581 812 1581 811 1581 791 1597 692 1597 619 1582 566 1582 565 1582 563 1582 562 1582 545 1595 509 1597 358 1584 356 1584 355 1584 328 1599 294 1599 295 1632"/></Shape>
	    <String CONTENT="rois, &amp; mets ſur leurs reins vne ſimple ceintu¬"
                    HPOS="294.0"
                    VPOS="1578.0"
                    WIDTH="998.0"
                    HEIGHT="73.0"
                    WC="0.9837787011836437"></String>
          </TextLine>
          <TextLine ID="eSc_line_5aadf39f"
                    TAGREFS="LT8"
                    BASELINE="300 1691 1294 1685" 
                    HPOS="296"
                    VPOS="1630"
                    WIDTH="997"
                    HEIGHT="80">
            <Shape><Polygon POINTS="298 1690 298 1710 1224 1700 1279 1708 1281 1708 1283 1708 1285 1708 1285 1706 1293 1696 1293 1683 1289 1644 1170 1630 1168 1630 1037 1642 1006 1645 894 1645 885 1642 857 1632 855 1632 853 1632 851 1632 824 1642 814 1644 801 1642 769 1634 767 1634 765 1634 763 1634 763 1636 758 1640 752 1645 715 1640 664 1634 662 1634 539 1636 537 1636 535 1636 529 1640 515 1647 500 1640 490 1636 488 1636 486 1636 484 1636 470 1640 441 1647 296 1640 298 1690"/></Shape>
	    <String CONTENT="re: comme s’il diſoit, c’eſt à moy d’eſtablir les"
                    HPOS="296"
                    VPOS="1630"
                    WIDTH="997"
                    HEIGHT="80"
                    WC="0.9873130059242249"></String>
          </TextLine>
          <TextLine ID="line_29"
                    TAGREFS="LT8"
                    BASELINE="290 1749 1292 1745" 
                    HPOS="289.0"
                    VPOS="1699.0"
                    WIDTH="1003.0"
                    HEIGHT="67.0">
            <Shape><Polygon POINTS="290 1749 290 1762 956 1766 958 1766 989 1759 994 1759 1291 1759 1292 1745 1290 1712 1188 1712 1159 1699 1158 1699 1085 1699 1084 1699 1083 1699 1081 1699 1068 1710 1011 1699 1010 1699 1008 1699 982 1711 959 1699 958 1699 956 1699 902 1701 900 1701 873 1712 803 1702 801 1702 759 1711 743 1703 742 1703 740 1703 739 1703 706 1712 649 1707 648 1707 606 1714 602 1714 587 1702 585 1702 584 1702 583 1702 581 1702 565 1711 506 1714 497 1714 496 1714 456 1702 455 1702 454 1702 453 1702 424 1714 424 1715 387 1715 387 1714 361 1702 360 1702 302 1702 300 1702 299 1702 298 1702 298 1703 289 1710 290 1749"/></Shape>
	    <String CONTENT="rois en leur throne, ou les en chaſſer. A l’occa¬"
                    HPOS="289.0"
                    VPOS="1699.0"
                    WIDTH="1003.0"
                    HEIGHT="67.0"
                    WC="0.9805831082013189"></String>
          </TextLine>
          <TextLine ID="line_30"
                    TAGREFS="LT8"
                    BASELINE="290 1809 1292 1805" 
                    HPOS="289.0"
                    VPOS="1757.0"
                    WIDTH="1003.0"
                    HEIGHT="73.0">
            <Shape><Polygon POINTS="290 1809 292 1830 305 1821 479 1827 557 1830 558 1830 559 1830 568 1826 583 1821 630 1826 663 1828 665 1828 703 1824 749 1819 798 1823 859 1828 860 1828 861 1828 881 1822 883 1822 886 1822 913 1828 915 1828 916 1828 937 1822 946 1819 986 1821 1101 1827 1102 1827 1159 1819 1170 1818 1178 1819 1236 1827 1238 1827 1239 1827 1256 1818 1257 1818 1291 1818 1292 1805 1288 1770 1248 1771 1244 1768 1225 1757 1223 1757 1222 1757 1133 1757 1132 1757 1131 1757 1102 1767 1090 1772 1051 1772 1040 1767 1014 1757 1012 1757 963 1757 962 1757 926 1763 899 1758 898 1758 897 1758 895 1758 886 1766 877 1774 824 1774 808 1765 795 1758 794 1758 792 1758 791 1758 790 1758 781 1765 766 1774 665 1774 652 1763 647 1759 645 1759 644 1759 643 1759 641 1759 631 1763 602 1774 574 1763 565 1759 563 1759 562 1759 561 1759 554 1762 531 1775 443 1775 423 1761 420 1759 419 1759 417 1759 387 1759 386 1759 385 1759 381 1761 355 1772 326 1761 324 1759 322 1759 321 1759 289 1759 290 1809"/></Shape>
	    <String CONTENT="ſion dequoy le throne des rois eſt appellé thro"
                    HPOS="289.0"
                    VPOS="1757.0"
                    WIDTH="1003.0"
                    HEIGHT="73.0"
                    WC="0.9877851953109106"></String>
          </TextLine>
          <TextLine ID="line_31"
                    TAGREFS="LT8"
                    BASELINE="290 1869 1287 1865" 
                    HPOS="289.0"
                    VPOS="1817.0"
                    WIDTH="998.0"
                    HEIGHT="71.0">
            <Shape><Polygon POINTS="290 1869 290 1887 342 1880 621 1886 622 1886 623 1886 624 1886 634 1879 692 1887 696 1887 697 1887 703 1887 785 1879 824 1887 828 1887 829 1888 954 1888 954 1887 955 1887 956 1887 979 1880 1032 1886 1033 1886 1035 1886 1036 1886 1050 1878 1284 1886 1287 1865 1284 1817 1242 1817 1240 1817 1239 1817 1238 1817 1209 1834 1187 1834 1162 1818 1159 1817 1158 1817 1157 1817 1156 1817 1154 1817 1149 1819 1137 1824 1119 1819 1109 1817 1107 1817 1106 1817 1089 1821 1038 1832 1020 1822 1014 1817 1012 1817 1011 1817 954 1817 952 1817 951 1817 937 1823 915 1835 798 1835 788 1827 787 1827 786 1827 785 1827 783 1827 782 1827 773 1835 684 1835 678 1828 665 1818 663 1818 662 1818 622 1818 621 1818 567 1821 566 1821 542 1831 535 1836 473 1836 468 1834 443 1819 442 1819 364 1819 363 1819 361 1819 360 1819 342 1832 289 1836 290 1869"/></Shape>
	    <String CONTENT="ne de Dieu. Le Seigneur ton Dieu ſoit benit,"
                    HPOS="289.0"
                    VPOS="1817.0"
                    WIDTH="998.0"
                    HEIGHT="71.0"
                    WC="0.9972400936213407"></String>
          </TextLine>
          <TextLine ID="eSc_line_1fecfc02"
                    TAGREFS="LT8"
                    BASELINE="301 1925 1291 1917" 
                    HPOS="298.0"
                    VPOS="1866.0"
                    WIDTH="991.0"
                    HEIGHT="84.0">
            <Shape><Polygon POINTS="1178 1866 1117 1866 1098 1882 1047 1870 1019 1884 969 1870 906 1886 724 1886 591 1870 574 1886 517 1876 482 1888 441 1872 298 1872 300 1942 709 1950 853 1938 871 1950 998 1950 1289 1932 1285 1884 1178 1866"/></Shape>
	    <String CONTENT="diſoit la roine de Saba au roy Salomon, qui t’a"
                    HPOS="298.0"
                    VPOS="1866.0"
                    WIDTH="991.0"
                    HEIGHT="84.0"
                    WC="0.9884825336172226"></String>
          </TextLine>
          <TextLine ID="line_33"
                    TAGREFS="LT8"
                    BASELINE="291 1987 1284 1983" 
                    HPOS="290"
                    VPOS="1942"
                    WIDTH="994"
                    HEIGHT="75">
            <Shape><Polygon POINTS="291 1987 291 2005 322 2005 338 2016 339 2016 341 2016 342 2017 410 2017 410 2016 411 2016 430 2005 432 2005 447 2013 449 2013 450 2013 451 2013 453 2013 463 2005 464 2005 502 2005 503 2007 515 2016 516 2016 518 2016 519 2017 604 2017 604 2016 605 2016 631 2007 640 2004 727 2004 735 2008 748 2014 749 2014 751 2014 779 2008 796 2004 843 2004 851 2008 857 2013 859 2013 860 2013 861 2013 863 2013 864 2013 870 2008 878 2004 911 2009 950 2014 951 2014 1002 2009 1066 2003 1110 2011 1131 2013 1132 2013 1284 2011 1284 1983 1282 1953 1232 1953 1232 1952 1213 1943 1212 1943 1210 1943 1171 1951 1154 1942 1153 1942 1123 1942 1122 1942 1120 1942 1119 1942 1107 1951 1106 1952 1089 1951 962 1942 960 1942 915 1943 913 1943 900 1949 893 1955 762 1955 749 1948 739 1944 738 1944 736 1944 735 1944 727 1948 717 1955 621 1955 518 1947 481 1944 480 1944 479 1944 472 1947 450 1955 419 1948 417 1948 335 1955 320 1945 318 1944 317 1944 316 1944 315 1944 290 1944 291 1987"/></Shape>
	    <String CONTENT="eu agreable pour te mettre ſur ſon throne,"
                    HPOS="290"
                    VPOS="1942"
                    WIDTH="994"
                    HEIGHT="75"
                    WC="0.9905723560424078"></String>
          </TextLine>
        </TextBlock>
        <TextBlock HPOS="120.0"
                   VPOS="455.0"
                   WIDTH="154.0"
                   HEIGHT="53.0"
                   ID="eSc_textblock_1804e335"
                   TAGREFS="BT100009">
          <Shape><Polygon POINTS="120 455 120 508 274 508 274 455"/></Shape>
          <TextLine ID="line_7"
                    TAGREFS="LT8"
                    BASELINE="127 489 268 490" 
                    HPOS="126"
                    VPOS="439"
                    WIDTH="141"
                    HEIGHT="78">
            <Shape><Polygon POINTS="126 488 126 517 267 515 267 488 265 439 185 449 173 447 150 439 148 439 146 439 144 439 126 447 126 488"/></Shape>
	    <String CONTENT="rſe24."
                    HPOS="126"
                    VPOS="439"
                    WIDTH="141"
                    HEIGHT="78"
                    WC="0.9663900931676229"></String>
          </TextLine>
        </TextBlock>
        <TextBlock HPOS="592.0"
                   VPOS="87.0"
                   WIDTH="371.0"
                   HEIGHT="61.0"
                   ID="block_6"
                   TAGREFS="BT18">
          <Shape><Polygon POINTS="963 87 963 148 592 148 592 87"/></Shape>
          <TextLine ID="line_1"
                    TAGREFS="LT8"
                    BASELINE="597 130 958 126" 
                    HPOS="596.0"
                    VPOS="88.0"
                    WIDTH="362.0"
                    HEIGHT="52.0">
            <Shape><Polygon POINTS="947 114 934 114 921 114 908 114 895 114 882 114 869 114 856 114 843 114 830 114 817 114 804 114 791 114 778 114 775 101 770 98 749 88 748 88 747 88 596 91 597 130 597 140 958 139 958 126 955 114 947 114"/></Shape>
	    <String CONTENT="PREMTERE"
                    HPOS="596.0"
                    VPOS="88.0"
                    WIDTH="362.0"
                    HEIGHT="52.0"
                    WC="0.9998845085501671"></String>
          </TextLine>
        </TextBlock>
        <TextBlock HPOS="116.0"
                   VPOS="1052.0"
                   WIDTH="154.0"
                   HEIGHT="69.0"
                   ID="eSc_textblock_c6f1e794"
                   TAGREFS="BT100009">
          <Shape><Polygon POINTS="116 1052 116 1121 270 1121 270 1052"/></Shape>
          <TextLine ID="line_17"
                    TAGREFS="LT8"
                    BASELINE="121 1089 264 1089" 
                    HPOS="119"
                    VPOS="1019"
                    WIDTH="144"
                    HEIGHT="101">
            <Shape><Polygon POINTS="119 1087 119 1120 263 1116 263 1087 263 1030 166 1019 164 1019 119 1028 119 1087"/></Shape>
	    <String CONTENT="Iſa661"
                    HPOS="119"
                    VPOS="1019"
                    WIDTH="144"
                    HEIGHT="101"
                    WC="0.8926596840222677"></String>
          </TextLine>
        </TextBlock>
        <TextBlock HPOS="121.0"
                   VPOS="1412.0"
                   WIDTH="158.0"
                   HEIGHT="54.0"
                   ID="eSc_textblock_a5a1730f"
                   TAGREFS="BT100009">
          <Shape><Polygon POINTS="121 1412 121 1466 279 1466 279 1412"/></Shape>
          <TextLine ID="line_23"
                    TAGREFS="LT8"
                    BASELINE="124 1437 249 1439 278 1445" 
                    HPOS="121"
                    VPOS="1382"
                    WIDTH="156"
                    HEIGHT="94">
            <Shape><Polygon POINTS="123 1435 121 1464 273 1476 277 1444 277 1388 123 1382 123 1435"/></Shape>
	    <String CONTENT="Prou.8.15"
                    HPOS="121"
                    VPOS="1382"
                    WIDTH="156"
                    HEIGHT="94"
                    WC="0.9710137446721395"></String>
          </TextLine>
        </TextBlock>
        <TextBlock HPOS="116.0"
                   VPOS="1522.0"
                   WIDTH="169.0"
                   HEIGHT="58.0"
                   ID="eSc_textblock_0eb94477"
                   TAGREFS="BT100009">
          <Shape><Polygon POINTS="116 1522 116 1580 285 1580 285 1522"/></Shape>
          <TextLine ID="line_24"
                    TAGREFS="LT8"
                    BASELINE="124 1554 281 1556" 
                    HPOS="123"
                    VPOS="1513"
                    WIDTH="158"
                    HEIGHT="56">
            <Shape><Polygon POINTS="124 1554 123 1569 279 1568 281 1556 278 1521 191 1522 190 1521 180 1515 180 1513 179 1513 178 1513 148 1513 147 1513 145 1513 124 1521 124 1554"/></Shape>
	    <String CONTENT="Iob 12.16"
                    HPOS="123"
                    VPOS="1513"
                    WIDTH="158"
                    HEIGHT="56"
                    WC="0.9945103393660651"></String>
          </TextLine>
        </TextBlock>
        <TextBlock HPOS="130.0"
                   VPOS="1649.0"
                   WIDTH="159.0"
                   HEIGHT="60.0"
                   ID="eSc_textblock_68ac2b74"
                   TAGREFS="BT100009">
          <Shape><Polygon POINTS="130 1649 130 1709 289 1709 289 1649"/></Shape>
          <TextLine ID="line_28"
                    TAGREFS="LT8"
                    BASELINE="124 1692 288 1691" 
                    HPOS="123"
                    VPOS="1634"
                    WIDTH="164"
                    HEIGHT="103">
            <Shape><Polygon POINTS="123 1690 123 1722 166 1737 168 1737 169 1737 287 1733 287 1690 285 1634 123 1642 123 1690"/></Shape>
	    <String CONTENT="Panaai"
                    HPOS="123"
                    VPOS="1634"
                    WIDTH="164"
                    HEIGHT="103"
                    WC="0.9971565107504526"></String>
          </TextLine>
        </TextBlock>
        <TextBlock HPOS="127.0"
                   VPOS="1894.0"
                   WIDTH="163.0"
                   HEIGHT="61.0"
                   ID="eSc_textblock_06f506d1"
                   TAGREFS="BT100009">
          <Shape><Polygon POINTS="127 1894 127 1955 290 1955 290 1894"/></Shape>
          <TextLine ID="line_32"
                    TAGREFS="LT8"
                    BASELINE="126 1932 284 1931" 
                    HPOS="123"
                    VPOS="1880"
                    WIDTH="160"
                    HEIGHT="97">
            <Shape><Polygon POINTS="125 1931 125 1977 283 1952 283 1929 279 1884 123 1880 125 1931"/></Shape>
	    <String CONTENT="2Chr.98"
                    HPOS="123"
                    VPOS="1880"
                    WIDTH="160"
                    HEIGHT="97"
                    WC="0.9527818986347744"></String>
          </TextLine>
        </TextBlock>
        <TextBlock HPOS="1106.0"
                   VPOS="2002.0"
                   WIDTH="191.0"
                   HEIGHT="69.0"
                   ID="block_7"
                   TAGREFS="BT17">
          <Shape><Polygon POINTS="1297 2002 1297 2071 1106 2071 1106 2002"/></Shape>
          <TextLine ID="line_34"
                    TAGREFS="LT8"
                    BASELINE="1113 2044 1287 2041" 
                    HPOS="1110.0"
                    VPOS="2009.0"
                    WIDTH="177.0"
                    HEIGHT="54.0">
            <Shape><Polygon POINTS="1113 2044 1113 2063 1287 2060 1287 2041 1283 2009 1110 2012 1113 2044"/></Shape>
	    <String CONTENT="comme"
                    HPOS="1110.0"
                    VPOS="2009.0"
                    WIDTH="177.0"
                    HEIGHT="54.0"
                    WC="0.9993435621261597"></String>
          </TextLine>
        </TextBlock>
      </PrintSpace>
    </Page>
  </Layout>
</alto>
