1440 2338
107.0 175.0 1015.0 64.0 eſt ratifiee. Au reſte, il promet par ſerment ſo¬

113.0 220.0 1005.0 81.0 lennel de garder les loix qui ſont deſia faites,

113.0 280.0 1009.0 82.0 & de n’en faire point de nouuelles que par le

113.0 344.0 1001.0 69.0 conſentement de tous. Il y a vne loy au roy¬

111.0 399.0 1011.0 82.0 aume de Pologne, laquelle a eſté renouuel¬

113.0 457.0 1009.0 86.0 lee l’an mil quatre cens cinquante quatre, &

109.0 526.0 1011.0 64.0 l’an mil cinq cens trente huict. Par icelle eſt

111.0 582.0 1009.0 70.0 dit que lon ne fera aucunes ordonnances nou

107.0 646.0 1019.0 69.0 uelles, que par le conſentement du public, ni

111.0 699.0 1017.0 68.0 ailleurs qu’en l’aſſemblee des Eſtats. Quant au

109.0 754.0 1019.0 83.0 Royaume de France, où lon eſtime que les

109.0 823.0 1016.0 69.0 Rois ont plus d’autorité qu’ailleurs, anciene¬

107.0 880.0 1023.0 74.0 ment les loix y eſtoyent dreſſees en l’aſſem¬

109.0 940.0 1019.0 70.0 blee des trois Eſtats ou au Parlement ambu¬

107.0 991.0 1021.0 82.0 latoire. Mais depuis que ce Parlement a eſté

109.0 1054.0 1015.0 77.0 fait ſedentaire, les edits des Rois ne ſont re¬

107.0 1114.0 1009.0 70.0 ceus ſi le Parlement ne les aprouue: au con¬

111.0 1170.0 1015.0 73.0 traire les arreſts de ce Parlement, ſans autre

109.0 1231.0 1025.0 74.0 loy, ont ordinairement vigueur & efficace de

109.0 1291.0 103.0 72.0 loy.

399.0 111.0 376.0 60.0 QVESTION.

1038.0 118.0 86.0 63.0 147

167.0 1363.0 957.0 70.0 Es Royaumes d’Angleterre, d’Eſpagne,

113.0 1410.0 1007.0 78.0 d’Hongrie, & és autres, il y a meſmes pri¬

107.0 1470.0 1019.0 84.0 uileges qu’ancienement. Car ſi les Royau¬

107.0 1531.0 1013.0 80.0 mes dependent de l’obſeruation des loix,

109.0 1583.0 1015.0 82.0 & les loix de la volonté d’vn ſeul hom¬

107.0 1644.0 1019.0 86.0 me, eſt-ce pas choſe aſſeuree que iamais

107.0 1704.0 1017.0 80.0 l’Eſtat d’vn Empire ou Royaume ne ſera

105.0 1761.0 1017.0 80.0 bien aſſeuré? Faudra-il pas ſi le Roy eſt

107.0 1823.0 1009.0 82.0 inſenſé par interualles ou tout à fait,

105.0 1887.0 1015.0 88.0 comme cela eſt auenu, que tout le Royau¬

835.0 1958.0 110.0 60.0 K.ij.
