<?xml version="1.0" encoding="UTF-8"?>
<alto xmlns:xsi="http://www.w3.org/2001/XMLSchema-instance"
      xmlns="http://www.loc.gov/standards/alto/ns-v4#"
      xsi:schemaLocation="http://www.loc.gov/standards/alto/ns-v4# http://www.loc.gov/standards/alto/v4/alto-4-2.xsd">
  <Description>
    <MeasurementUnit>pixel</MeasurementUnit>
    <sourceImageInformation>
      <fileName>page_00098.png</fileName>
    </sourceImageInformation>
  </Description>
  <Tags>
    <OtherTag ID="BT7" LABEL="CustomZone" DESCRIPTION="block type CustomZone"/><OtherTag ID="BT8" LABEL="DamageZone" DESCRIPTION="block type DamageZone"/><OtherTag ID="BT9" LABEL="DigitizationArtefactZone" DESCRIPTION="block type DigitizationArtefactZone"/><OtherTag ID="BT10" LABEL="DropCapitalZone" DESCRIPTION="block type DropCapitalZone"/><OtherTag ID="BT11" LABEL="GraphicZone" DESCRIPTION="block type GraphicZone"/><OtherTag ID="BT12" LABEL="MainZone" DESCRIPTION="block type MainZone"/><OtherTag ID="BT13" LABEL="MarginTextZone" DESCRIPTION="block type MarginTextZone"/><OtherTag ID="BT14" LABEL="MusicZone" DESCRIPTION="block type MusicZone"/><OtherTag ID="BT15" LABEL="NumberingZone" DESCRIPTION="block type NumberingZone"/><OtherTag ID="BT17" LABEL="QuireMarksZone" DESCRIPTION="block type QuireMarksZone"/><OtherTag ID="BT18" LABEL="RunningTitleZone" DESCRIPTION="block type RunningTitleZone"/><OtherTag ID="BT19" LABEL="SealZone" DESCRIPTION="block type SealZone"/><OtherTag ID="BT20" LABEL="StampZone" DESCRIPTION="block type StampZone"/><OtherTag ID="BT21" LABEL="TableZone" DESCRIPTION="block type TableZone"/><OtherTag ID="BT22" LABEL="TitlePageZone" DESCRIPTION="block type TitlePageZone"/><OtherTag ID="BT100001" LABEL="MainZone-Head" DESCRIPTION="block type MainZone-Head"/><OtherTag ID="BT100011" LABEL="MainZone-Entry" DESCRIPTION="block type MainZone-Entry"/><OtherTag ID="BT100005" LABEL="MainZone-P" DESCRIPTION="block type MainZone-P"/><OtherTag ID="BT100008" LABEL="MainZone-Sp" DESCRIPTION="block type MainZone-Sp"/><OtherTag ID="BT100006" LABEL="MainZone-Continued" DESCRIPTION="block type MainZone-Continued"/><OtherTag ID="BT100009" LABEL="MarginTextZone-Notes" DESCRIPTION="block type MarginTextZone-Notes"/><OtherTag ID="BT100007" LABEL="MarginTextZone-ManuscriptAddendum" DESCRIPTION="block type MarginTextZone-ManuscriptAddendum"/><OtherTag ID="BT100013" LABEL="StampZone-Sticker" DESCRIPTION="block type StampZone-Sticker"/><OtherTag ID="BT100014" LABEL="MainZone-ListItem" DESCRIPTION="block type MainZone-ListItem"/>
    <OtherTag ID="LT7" LABEL="CustomLine" DESCRIPTION="line type CustomLine"/><OtherTag ID="LT8" LABEL="DefaultLine" DESCRIPTION="line type DefaultLine"/><OtherTag ID="LT9" LABEL="DropCapitalLine" DESCRIPTION="line type DropCapitalLine"/><OtherTag ID="LT10" LABEL="HeadingLine" DESCRIPTION="line type HeadingLine"/><OtherTag ID="LT11" LABEL="InterlinearLine" DESCRIPTION="line type InterlinearLine"/><OtherTag ID="LT12" LABEL="MusicLine" DESCRIPTION="line type MusicLine"/><OtherTag ID="LT747" LABEL="default" DESCRIPTION="line type default"/>
  </Tags>
  <Layout>
    <Page WIDTH="1388"
          HEIGHT="2338"
          PHYSICAL_IMG_NR="97"
          ID="eSc_dummypage_">
      <PrintSpace HPOS="0"
                  VPOS="0"
                  WIDTH="1388"
                  HEIGHT="2338">
        <TextBlock HPOS="153.0"
                   VPOS="232.0"
                   WIDTH="168.0"
                   HEIGHT="114.0"
                   ID="eSc_textblock_ad484f85"
                   TAGREFS="BT100009">
          <Shape><Polygon POINTS="153 232 153 346 321 346 321 232"/></Shape>
          <TextLine ID="line_2"
                    TAGREFS="LT8"
                    BASELINE="157 267 322 264" 
                    HPOS="154"
                    VPOS="224"
                    WIDTH="167"
                    HEIGHT="60">
            <Shape><Polygon POINTS="155 266 155 280 319 284 321 263 315 224 154 227 155 266"/></Shape>
	    <String CONTENT="1.Sam.1o."
                    HPOS="154"
                    VPOS="224"
                    WIDTH="167"
                    HEIGHT="60"
                    WC="0.999484101931254"></String>
          </TextLine>
          <TextLine ID="line_3"
                    TAGREFS="LT8"
                    BASELINE="159 316 322 317" 
                    HPOS="157"
                    VPOS="286"
                    WIDTH="164"
                    HEIGHT="51">
            <Shape><Polygon POINTS="157 315 157 333 319 337 321 315 321 286 157 286 157 315"/></Shape>
	    <String CONTENT="17.&amp;c."
                    HPOS="157"
                    VPOS="286"
                    WIDTH="164"
                    HEIGHT="51"
                    WC="0.9999063809712728"></String>
          </TextLine>
        </TextBlock>
        <TextBlock HPOS="316.0"
                   VPOS="82.0"
                   WIDTH="88.0"
                   HEIGHT="73.0"
                   ID="eSc_textblock_99621722"
                   TAGREFS="BT15">
          <Shape><Polygon POINTS="316 82 316 155 404 155 404 82"/></Shape>
          <TextLine ID="eSc_line_971ae047"
                    TAGREFS="LT8"
                    BASELINE="329 132 392 131" 
                    HPOS="327"
                    VPOS="79"
                    WIDTH="64"
                    HEIGHT="88">
            <Shape><Polygon POINTS="331 167 352 153 387 167 391 130 391 79 327 79 327 130"/></Shape>
	    <String CONTENT="98"
                    HPOS="327"
                    VPOS="79"
                    WIDTH="64"
                    HEIGHT="88"
                    WC="0.9999943375587463"></String>
          </TextLine>
        </TextBlock>
        <TextBlock HPOS="320.0"
                   VPOS="159.0"
                   WIDTH="1016.0"
                   HEIGHT="1073.0"
                   ID="block_2"
                   TAGREFS="BT100006">
          <Shape><Polygon POINTS="1336 159 1331 1231 1233 1231 320 1232 323 160"/></Shape>
          <TextLine ID="line_1"
                    TAGREFS="LT8"
                    BASELINE="331 205 1329 202" 
                    HPOS="327.0"
                    VPOS="159.0"
                    WIDTH="1000.0"
                    HEIGHT="68.0">
            <Shape><Polygon POINTS="990 159 970 159 951 159 931 159 912 159 892 159 873 159 853 159 834 159 814 159 795 159 775 159 756 159 736 159 717 159 697 159 678 159 658 159 639 159 619 159 600 159 580 159 561 159 541 159 522 159 502 159 483 159 463 159 444 159 424 159 405 159 385 159 366 159 347 159 327 159 329 204 329 222 1323 227 1327 200 1323 161 990 159 990 159"/></Shape>
	    <String CONTENT="&amp; comme n’y ayant rien de fait, brief comme"
                    HPOS="327.0"
                    VPOS="159.0"
                    WIDTH="1000.0"
                    HEIGHT="68.0"
                    WC="0.9985119464785553"></String>
          </TextLine>
          <TextLine ID="eSc_line_761e21ed"
                    TAGREFS="LT8"
                    BASELINE="331 264 473 262 1330 263" 
                    HPOS="327"
                    VPOS="210"
                    WIDTH="1002"
                    HEIGHT="78">
            <Shape><Polygon POINTS="329 263 329 288 403 278 1327 278 1329 261 1327 220 1302 210 1300 210 1298 210 1296 210 1265 220 327 216 329 263"/></Shape>
	    <String CONTENT="ſi l’election de Saul n’eſtoit encores conue, &amp;"
                    HPOS="327"
                    VPOS="210"
                    WIDTH="1002"
                    HEIGHT="78"
                    WC="0.9707009208963272"></String>
          </TextLine>
          <TextLine ID="eSc_line_361ff242"
                    TAGREFS="LT8"
                    BASELINE="331 317 1332 320" 
                    HPOS="327"
                    VPOS="266"
                    WIDTH="1004"
                    HEIGHT="76">
            <Shape><Polygon POINTS="329 315 327 342 1329 342 1331 319 1327 268 1269 280 1091 268 1070 282 941 272 927 272 890 282 859 268 816 280 793 268 680 280 633 266 584 280 567 266 557 266 536 280 479 270 448 280 434 266 428 266 329 278 329 315"/></Shape>
	    <String CONTENT="qu’il n’en fuſt aparu choſe aucune, le ſort eſt"
                    HPOS="327"
                    VPOS="266"
                    WIDTH="1004"
                    HEIGHT="76"
                    WC="0.9951376547204688"></String>
          </TextLine>
          <TextLine ID="line_4"
                    TAGREFS="LT8"
                    BASELINE="323 381 1326 379" 
                    HPOS="322.0"
                    VPOS="333.0"
                    WIDTH="1004.0"
                    HEIGHT="72.0">
            <Shape><Polygon POINTS="323 381 323 396 354 403 356 403 393 397 400 396 448 396 450 397 461 403 462 403 463 403 465 403 535 397 551 396 562 397 609 403 610 405 695 405 695 403 696 403 697 403 705 397 708 396 727 397 781 402 782 402 783 402 801 397 809 396 812 397 817 402 818 402 820 402 821 402 822 402 823 402 823 401 827 397 830 396 859 398 918 402 920 402 921 402 934 398 946 394 1070 394 1085 398 1098 402 1099 402 1100 402 1325 398 1326 379 1324 346 1211 346 1185 333 1183 333 1182 333 1139 342 1128 333 1126 333 1125 333 1089 333 1087 333 1086 333 1057 345 1043 333 1042 333 1041 333 930 333 929 333 927 333 926 333 916 341 856 333 855 333 853 333 831 342 795 335 794 335 792 335 791 335 773 346 742 335 740 335 710 335 709 335 708 335 706 335 691 346 647 335 645 335 644 335 586 346 566 340 565 340 564 340 562 340 561 340 553 348 495 348 419 335 418 335 417 335 415 335 406 342 391 337 389 337 388 337 322 348 323 381"/></Shape>
	    <String CONTENT="ietté qui tombe ſur la lignee de Beniamin,"
                    HPOS="322.0"
                    VPOS="333.0"
                    WIDTH="1004.0"
                    HEIGHT="72.0"
                    WC="0.9914103178090827"></String>
          </TextLine>
          <TextLine ID="line_5"
                    TAGREFS="LT8"
                    BASELINE="324 444 1326 437" 
                    HPOS="323.0"
                    VPOS="389.0"
                    WIDTH="1003.0"
                    HEIGHT="73.0">
            <Shape><Polygon POINTS="324 444 324 462 1325 457 1326 437 1323 397 1287 401 1278 397 1264 389 1263 389 1261 389 1260 389 1259 389 1247 397 1239 401 1163 397 1092 394 1091 394 1090 394 1077 398 1065 401 1043 398 985 390 983 390 982 390 957 398 946 403 860 403 853 400 844 392 843 392 842 392 779 392 778 392 777 392 758 400 755 402 749 400 731 392 730 392 729 392 727 392 726 392 716 401 710 405 703 401 687 393 686 393 639 393 638 393 636 393 621 401 617 402 605 401 547 393 545 393 478 401 444 394 443 394 441 394 426 402 417 406 323 403 324 444"/></Shape>
	    <String CONTENT="puis ſur la famille de Metri, &amp; finalement ſur"
                    HPOS="323.0"
                    VPOS="389.0"
                    WIDTH="1003.0"
                    HEIGHT="73.0"
                    WC="0.9958957926086758"></String>
          </TextLine>
          <TextLine ID="line_6"
                    TAGREFS="LT8"
                    BASELINE="329 501 1328 497" 
                    HPOS="325.0"
                    VPOS="446.0"
                    WIDTH="1002.0"
                    HEIGHT="76.0">
            <Shape><Polygon POINTS="327 500 327 522 1325 516 1327 496 1321 453 1163 457 1138 446 1130 446 1118 459 1072 459 970 446 953 457 920 446 912 446 898 457 771 448 731 459 692 448 655 459 616 448 584 459 575 459 536 448 395 448 325 459 327 500"/></Shape>
	    <String CONTENT="Saul, né de ceſte famille, qui eſtoit celuy meſ¬"
                    HPOS="325.0"
                    VPOS="446.0"
                    WIDTH="1002.0"
                    HEIGHT="76.0"
                    WC="0.9957711307369933"></String>
          </TextLine>
          <TextLine ID="line_7"
                    TAGREFS="LT8"
                    BASELINE="329 559 1326 555" 
                    HPOS="325.0"
                    VPOS="506.0"
                    WIDTH="1000.0"
                    HEIGHT="74.0">
            <Shape><Polygon POINTS="327 557 327 580 1323 576 1325 553 1319 514 1218 518 1198 506 1189 506 1177 520 1089 520 1076 506 1025 506 968 518 902 506 896 506 881 518 760 508 734 520 705 508 699 508 672 520 645 508 586 520 582 520 567 508 497 508 473 520 452 510 374 520 350 508 343 508 325 518 327 557"/></Shape>
	    <String CONTENT="me que Dieu auoit eſleu. Alors du conſente¬"
                    HPOS="325.0"
                    VPOS="506.0"
                    WIDTH="1000.0"
                    HEIGHT="74.0"
                    WC="0.99420621367388"></String>
          </TextLine>
          <TextLine ID="line_8"
                    TAGREFS="LT8"
                    BASELINE="329 619 1329 616" 
                    HPOS="325.0"
                    VPOS="565.0"
                    WIDTH="1002.0"
                    HEIGHT="81.0">
            <Shape><Polygon POINTS="327 617 327 646 1325 637 1327 615 1325 578 1276 565 1220 574 1159 565 1144 576 1122 565 1009 574 968 565 941 576 914 565 869 576 857 565 789 565 764 578 643 578 594 565 586 565 569 578 497 578 479 565 469 565 456 578 325 578 327 617"/></Shape>
	    <String CONTENT="ment de tout le peuple, Saul, dit l’hiſtoire, fut"
                    HPOS="325.0"
                    VPOS="565.0"
                    WIDTH="1002.0"
                    HEIGHT="81.0"
                    WC="0.9797541535630518"></String>
          </TextLine>
          <TextLine ID="eSc_line_aa39940f"
                    TAGREFS="LT8"
                    BASELINE="328 679 389 679 1330 674" 
                    HPOS="325.0"
                    VPOS="633.0"
                    WIDTH="1004.0"
                    HEIGHT="72.0">
            <Shape><Polygon POINTS="327 678 327 705 1329 695 1329 672 1325 635 325 633 327 678"/></Shape>
	    <String CONTENT="nommé Roy. Finalement, afin que Saul ou au¬"
                    HPOS="325.0"
                    VPOS="633.0"
                    WIDTH="1004.0"
                    HEIGHT="72.0"
                    WC="0.9964830794117667"></String>
          </TextLine>
          <TextLine ID="line_10"
                    TAGREFS="LT8"
                    BASELINE="329 740 1326 733" 
                    HPOS="325.0"
                    VPOS="685.0"
                    WIDTH="1000.0"
                    HEIGHT="78.0">
            <Shape><Polygon POINTS="327 738 327 763 1323 759 1325 732 1321 697 1130 697 1128 695 1101 685 1099 685 1097 685 1095 685 1058 695 1056 695 1054 695 1035 685 1033 685 1031 685 1029 685 1027 685 1011 695 996 695 885 687 883 687 881 687 867 695 861 697 325 693 327 738"/></Shape>
	    <String CONTENT="tre n’attribue tout ce que deſſus au ſort, apres"
                    HPOS="325.0"
                    VPOS="685.0"
                    WIDTH="1000.0"
                    HEIGHT="78.0"
                    WC="0.9953499014178911"></String>
          </TextLine>
          <TextLine ID="line_11"
                    TAGREFS="LT8"
                    BASELINE="327 798 1325 792" 
                    HPOS="326.0"
                    VPOS="746.0"
                    WIDTH="999.0"
                    HEIGHT="78.0">
            <Shape><Polygon POINTS="327 798 327 824 467 815 483 823 484 823 486 823 487 823 515 815 567 822 569 822 570 822 571 822 582 814 596 822 597 822 599 822 600 822 658 814 714 820 725 822 726 822 727 822 730 820 751 813 795 813 807 820 808 820 809 820 810 820 816 820 855 813 891 819 901 820 903 820 913 819 953 811 1053 811 1070 818 1076 819 1077 819 1078 819 1079 819 1086 817 1103 811 1141 817 1154 818 1155 818 1169 817 1203 811 1217 815 1224 818 1225 818 1226 818 1228 818 1233 815 1243 810 1323 814 1325 792 1323 759 1254 750 1252 750 1168 758 1134 746 1133 746 1131 746 1130 746 1129 746 1118 754 1079 748 1078 748 1077 748 1052 761 966 761 947 752 946 752 944 752 943 752 924 757 916 750 914 750 913 750 912 750 911 750 909 750 892 762 862 762 808 761 781 749 779 749 778 749 777 749 751 761 729 752 727 752 726 752 725 752 695 759 664 750 662 750 539 750 538 750 483 758 426 752 424 752 423 752 398 765 326 765 327 798"/></Shape>
	    <String CONTENT="que Saul eut fait quelque preuue de ſa valeur"
                    HPOS="326.0"
                    VPOS="746.0"
                    WIDTH="999.0"
                    HEIGHT="78.0"
                    WC="0.9856949024730258"></String>
          </TextLine>
          <TextLine ID="line_12"
                    TAGREFS="LT8"
                    BASELINE="324 857 1326 853" 
                    HPOS="323.0"
                    VPOS="809.0"
                    WIDTH="1003.0"
                    HEIGHT="72.0">
            <Shape><Polygon POINTS="324 857 324 879 353 872 361 879 362 879 363 879 432 880 434 880 435 880 441 878 461 872 479 878 488 880 489 880 491 881 603 881 603 880 635 876 666 872 684 876 696 878 697 878 699 878 700 878 703 875 710 871 747 875 783 879 784 879 786 879 800 875 813 871 847 874 899 879 900 879 938 874 952 871 963 872 990 879 991 879 992 879 1011 872 1020 870 1028 872 1044 878 1046 878 1047 878 1087 871 1103 870 1121 871 1187 878 1189 878 1222 870 1225 870 1234 876 1235 876 1237 876 1238 876 1325 868 1326 853 1324 820 1247 820 1232 810 1230 810 1229 810 1228 810 1189 819 1174 809 1173 809 1172 809 1147 809 1146 809 1144 809 1125 819 992 814 991 814 957 820 942 810 940 810 939 810 905 810 904 810 903 810 879 822 826 822 810 810 809 810 808 810 745 810 744 810 743 810 722 820 709 810 708 810 706 810 678 810 677 810 675 810 636 822 560 822 532 811 531 811 530 811 528 811 500 822 479 811 478 811 411 811 410 811 409 811 408 811 389 823 323 823 324 857"/></Shape>
	    <String CONTENT="en deliurãt ceux de Iabes aſsiegez par les Am¬"
                    HPOS="323.0"
                    VPOS="809.0"
                    WIDTH="1003.0"
                    HEIGHT="72.0"
                    WC="0.9884161619429893"></String>
          </TextLine>
          <TextLine ID="line_13"
                    TAGREFS="LT8"
                    BASELINE="323 915 1324 911" 
                    HPOS="322.0"
                    VPOS="870.0"
                    WIDTH="1002.0"
                    HEIGHT="71.0">
            <Shape><Polygon POINTS="323 915 323 941 372 930 389 936 391 936 392 936 525 930 543 939 545 940 547 940 548 940 692 939 694 939 697 937 717 928 757 936 760 936 761 936 765 936 821 928 831 935 834 937 835 937 836 937 890 939 891 939 998 937 999 937 1011 933 1025 927 1031 932 1037 937 1038 937 1039 937 1041 937 1102 932 1154 927 1165 931 1182 937 1183 937 1185 937 1186 937 1204 931 1211 928 1224 930 1260 936 1261 936 1323 928 1324 911 1321 876 1284 870 1282 870 1281 870 1268 876 1260 881 1198 881 1189 876 1172 870 1170 870 1117 870 1116 870 1115 870 1113 870 1100 878 1095 881 1052 881 1041 879 996 870 995 870 994 870 961 879 951 881 925 879 835 871 834 871 833 871 810 880 725 881 679 881 661 872 660 872 658 872 657 872 639 879 621 872 619 872 618 872 617 872 616 872 600 881 467 876 466 876 465 876 450 884 374 884 357 875 356 875 354 875 353 875 322 884 323 915"/></Shape>
	    <String CONTENT="monites: quelques vns du peuple preſſans ceſt"
                    HPOS="322.0"
                    VPOS="870.0"
                    WIDTH="1002.0"
                    HEIGHT="71.0"
                    WC="0.9975761108928256"></String>
          </TextLine>
          <TextLine ID="line_14"
                    TAGREFS="LT8"
                    BASELINE="321 975 1332 975" 
                    HPOS="321.0"
                    VPOS="928.0"
                    WIDTH="1011.0"
                    HEIGHT="72.0">
            <Shape><Polygon POINTS="321 975 321 993 526 998 527 998 528 998 544 993 548 992 552 993 569 998 570 998 571 998 573 998 574 998 580 993 583 991 586 993 591 997 592 997 593 997 595 997 627 993 644 991 648 993 660 998 661 998 662 1000 761 1000 761 998 800 992 809 991 812 992 820 998 821 998 822 998 823 1000 878 1000 878 998 1031 991 1052 991 1056 991 1089 998 1090 998 1254 991 1258 991 1276 998 1277 998 1278 998 1332 989 1332 975 1332 940 1303 940 1290 928 1289 928 1287 928 1286 928 1224 939 1186 931 1185 931 1148 939 1125 928 1124 928 1122 928 1121 928 1120 928 1104 940 1046 940 1028 928 1026 928 1025 928 982 928 981 928 929 939 869 928 868 928 866 928 865 928 853 939 827 939 813 930 812 930 810 930 771 928 770 928 769 928 740 939 712 928 710 928 709 928 708 928 684 940 643 940 629 928 627 928 626 928 596 928 595 928 593 928 566 939 545 928 544 928 483 928 482 928 480 928 479 928 463 940 422 940 409 928 408 928 406 928 370 928 369 928 321 939 321 975"/></Shape>
	    <String CONTENT="afaire, il fut derechef confermé Roy deuant le"
                    HPOS="321.0"
                    VPOS="928.0"
                    WIDTH="1011.0"
                    HEIGHT="72.0"
                    WC="0.9890570222063267"></String>
          </TextLine>
          <TextLine ID="line_15"
                    TAGREFS="LT8"
                    BASELINE="323 1035 1323 1031" 
                    HPOS="322.0"
                    VPOS="984.0"
                    WIDTH="1001.0"
                    HEIGHT="78.0">
            <Shape><Polygon POINTS="323 1035 323 1052 352 1061 353 1061 354 1062 564 1062 564 1061 565 1061 566 1061 575 1054 605 1061 606 1061 608 1061 623 1053 625 1053 629 1053 665 1059 666 1059 762 1054 787 1053 790 1054 800 1059 801 1059 803 1059 804 1059 805 1059 812 1054 816 1052 834 1054 869 1059 870 1059 872 1059 883 1054 890 1050 990 1050 1037 1050 1046 1055 1051 1058 1052 1058 1053 1058 1055 1058 1085 1055 1133 1050 1321 1055 1323 1031 1321 997 1294 987 1293 987 1291 987 1290 987 1255 996 1242 984 1241 984 1239 984 1157 984 1156 984 1155 984 1133 994 1133 996 1087 996 1083 994 1060 984 1059 984 999 984 998 984 996 984 995 984 981 993 976 997 964 993 939 985 938 985 937 985 885 987 883 987 882 987 874 993 866 997 835 992 816 989 814 989 813 989 812 989 809 992 801 998 768 998 748 992 729 985 727 985 726 985 725 985 723 985 716 991 706 998 684 998 671 991 664 985 662 985 661 985 660 985 614 987 613 987 605 991 587 998 540 998 528 989 527 989 526 989 525 989 523 989 522 989 512 998 489 992 488 992 487 992 409 998 395 988 393 987 392 987 391 987 389 987 322 987 323 1035"/></Shape>
	    <String CONTENT="Seigneur en Galgal par tous les Eſtats d’Iſrael."
                    HPOS="322.0"
                    VPOS="984.0"
                    WIDTH="1001.0"
                    HEIGHT="78.0"
                    WC="0.9808312058448792"></String>
          </TextLine>
          <TextLine ID="line_16"
                    TAGREFS="LT8"
                    BASELINE="331 1094 1320 1091" 
                    HPOS="330.0"
                    VPOS="1046.0"
                    WIDTH="990.0"
                    HEIGHT="72.0">
            <Shape><Polygon POINTS="331 1094 331 1111 648 1118 649 1118 651 1118 670 1113 684 1110 781 1110 790 1114 797 1117 799 1117 800 1117 856 1114 934 1110 957 1114 970 1117 972 1117 985 1114 1015 1109 1122 1115 1137 1115 1138 1115 1154 1115 1289 1109 1316 1115 1320 1091 1317 1054 1120 1046 1118 1046 1117 1046 1092 1053 1077 1057 1064 1053 1053 1049 1052 1049 1051 1049 1022 1053 989 1057 966 1052 946 1048 944 1048 943 1048 927 1052 912 1057 894 1052 879 1048 878 1048 877 1048 875 1048 874 1048 869 1052 859 1059 822 1059 787 1052 766 1048 765 1048 764 1048 755 1052 736 1058 642 1052 640 1052 639 1052 638 1052 626 1061 517 1061 489 1050 486 1049 484 1049 483 1049 482 1049 478 1050 456 1061 400 1061 380 1050 378 1049 376 1049 375 1049 330 1049 331 1094"/></Shape>
	    <String CONTENT="Vous voyez que celuy que Dieu auoit eſleu,"
                    HPOS="330.0"
                    VPOS="1046.0"
                    WIDTH="990.0"
                    HEIGHT="72.0"
                    WC="0.9939836973235721"></String>
          </TextLine>
          <TextLine ID="line_17"
                    TAGREFS="LT8"
                    BASELINE="328 1154 1324 1150" 
                    HPOS="327.0"
                    VPOS="1105.0"
                    WIDTH="997.0"
                    HEIGHT="71.0">
            <Shape><Polygon POINTS="328 1154 328 1176 402 1170 437 1176 439 1176 440 1176 441 1176 443 1176 453 1170 492 1176 495 1176 496 1176 506 1176 677 1170 757 1175 758 1175 800 1169 972 1174 973 1174 974 1174 994 1167 1033 1174 1034 1174 1087 1167 1321 1174 1324 1150 1321 1113 1289 1105 1287 1105 1286 1105 1271 1113 1265 1117 1170 1117 1155 1114 1096 1105 1095 1105 1094 1105 1074 1114 1072 1115 1070 1114 1059 1105 1057 1105 1056 1105 1055 1105 1005 1111 992 1105 991 1105 990 1105 933 1115 930 1115 929 1115 901 1106 900 1106 899 1106 852 1114 822 1106 821 1106 820 1106 818 1106 791 1117 790 1117 788 1117 769 1106 768 1106 708 1106 706 1106 705 1106 677 1117 677 1118 595 1118 593 1118 570 1107 569 1107 567 1107 566 1107 534 1118 487 1107 486 1107 484 1107 483 1107 467 1118 397 1109 396 1109 395 1109 393 1109 380 1119 327 1119 328 1154"/></Shape>
	    <String CONTENT="que le ſort auoit ſeparé de tous les autres, eſt"
                    HPOS="327.0"
                    VPOS="1105.0"
                    WIDTH="997.0"
                    HEIGHT="71.0"
                    WC="0.983021927123167"></String>
          </TextLine>
          <TextLine ID="line_18"
                    TAGREFS="LT8"
                    BASELINE="327 1214 1182 1210" 
                    HPOS="326.0"
                    VPOS="1163.0"
                    WIDTH="856.0"
                    HEIGHT="76.0">
            <Shape><Polygon POINTS="327 1214 327 1230 370 1239 371 1239 372 1239 393 1231 397 1230 514 1230 517 1231 523 1237 525 1237 526 1237 527 1237 528 1237 541 1231 551 1239 552 1239 553 1239 554 1239 678 1236 679 1236 690 1232 699 1228 727 1232 768 1237 769 1237 770 1237 782 1232 791 1228 805 1232 823 1237 825 1237 826 1239 883 1239 883 1237 885 1237 896 1232 908 1228 927 1233 935 1235 937 1235 938 1235 939 1235 946 1233 965 1227 989 1233 999 1236 1000 1236 1002 1236 1021 1233 1063 1227 1077 1233 1082 1236 1083 1236 1085 1236 1181 1233 1182 1210 1180 1178 1147 1178 1133 1165 1133 1163 1131 1163 1130 1163 1129 1163 1128 1163 1096 1178 1057 1178 1044 1167 1043 1167 1042 1167 1041 1167 1039 1167 1021 1178 982 1178 956 1163 955 1163 953 1163 952 1163 927 1176 877 1170 875 1170 874 1170 873 1170 862 1178 838 1178 825 1166 825 1165 823 1165 822 1165 762 1165 761 1165 760 1165 734 1176 721 1167 719 1167 718 1167 679 1165 678 1165 677 1165 675 1165 675 1166 664 1178 609 1179 583 1179 567 1167 566 1167 565 1167 564 1167 562 1167 544 1175 517 1166 515 1166 367 1166 366 1166 365 1166 363 1166 363 1167 350 1179 326 1180 327 1214"/></Shape>
	    <String CONTENT="eſtabli Roy par les ſuffrages du peuple."
                    HPOS="326.0"
                    VPOS="1163.0"
                    WIDTH="856.0"
                    HEIGHT="76.0"
                    WC="0.9995186492800713"></String>
          </TextLine>
        </TextBlock>
        <TextBlock HPOS="602.0"
                   VPOS="96.0"
                   WIDTH="439.0"
                   HEIGHT="54.0"
                   ID="block_6"
                   TAGREFS="BT18">
          <Shape><Polygon POINTS="1041 96 1041 150 602 150 602 96"/></Shape>
          <TextLine ID="line_0"
                    TAGREFS="LT8"
                    BASELINE="606 137 1037 132" 
                    HPOS="605.0"
                    VPOS="93.0"
                    WIDTH="432.0"
                    HEIGHT="62.0">
            <Shape><Polygon POINTS="1034 124 1021 124 1008 124 995 124 982 124 969 124 956 124 943 124 930 124 917 124 904 124 891 124 878 124 865 124 852 124 839 124 826 124 813 124 800 124 787 124 784 111 775 103 765 93 764 93 762 93 761 93 605 93 606 137 606 154 713 148 719 151 726 155 727 155 729 155 730 155 731 155 732 155 739 150 744 148 752 150 765 155 766 155 768 155 836 154 838 154 839 154 848 148 852 146 875 146 1021 153 1022 153 1024 153 1025 153 1037 144 1037 132 1034 124"/></Shape>
	    <String CONTENT="TROISTESME"
                    HPOS="605.0"
                    VPOS="93.0"
                    WIDTH="432.0"
                    HEIGHT="62.0"
                    WC="0.9990336656570434"></String>
          </TextLine>
        </TextBlock>
        <TextBlock HPOS="144.0"
                   VPOS="649.0"
                   WIDTH="178.0"
                   HEIGHT="116.0"
                   ID="block_4"
                   TAGREFS="BT100009">
          <Shape><Polygon POINTS="322 649 320 764 144 765 144 649 301 649"/></Shape>
          <TextLine ID="line_9"
                    TAGREFS="LT8"
                    BASELINE="158 693 305 689 317 688" 
                    HPOS="155"
                    VPOS="619"
                    WIDTH="160"
                    HEIGHT="101">
            <Shape><Polygon POINTS="157 691 157 709 313 720 315 687 311 619 249 619 247 619 245 619 243 619 233 625 216 637 155 633 157 691"/></Shape>
	    <String CONTENT="1Sam.11"
                    HPOS="155"
                    VPOS="619"
                    WIDTH="160"
                    HEIGHT="101"
                    WC="0.9750767179897853"></String>
          </TextLine>
          <TextLine ID="line_19"
                    TAGREFS="LT8"
                    BASELINE="159 739 240 741" 
                    HPOS="157.0"
                    VPOS="706.0"
                    WIDTH="83.0"
                    HEIGHT="85.0">
            <Shape><Polygon POINTS="157 783 219 783 233 791 240 741 240 724 211 724 205 715 197 709 197 707 196 707 194 707 193 707 192 707 183 711 178 713 161 706 159 739 157 783"/></Shape>
	    <String CONTENT="14-"
                    HPOS="157.0"
                    VPOS="706.0"
                    WIDTH="83.0"
                    HEIGHT="85.0"
                    WC="0.9999880393346151"></String>
          </TextLine>
        </TextBlock>
        <TextBlock HPOS="153.0"
                   VPOS="1237.0"
                   WIDTH="169.0"
                   HEIGHT="69.0"
                   ID="eSc_textblock_fb462845"
                   TAGREFS="BT100009">
          <Shape><Polygon POINTS="153 1237 153 1306 322 1306 322 1237"/></Shape>
          <TextLine ID="line_20"
                    TAGREFS="LT8"
                    BASELINE="154 1274 322 1273" 
                    HPOS="152"
                    VPOS="1233"
                    WIDTH="169"
                    HEIGHT="78">
            <Shape><Polygon POINTS="152 1272 152 1311 321 1295 321 1272 319 1233 152 1237 152 1272"/></Shape>
	    <String CONTENT="1.Sam.16."
                    HPOS="152"
                    VPOS="1233"
                    WIDTH="169"
                    HEIGHT="78"
                    WC="0.9971242944399515"></String>
          </TextLine>
        </TextBlock>
        <TextBlock HPOS="322.0"
                   VPOS="1233.0"
                   WIDTH="1007.0"
                   HEIGHT="770.0"
                   ID="block_1"
                   TAGREFS="BT100005">
          <Shape><Polygon POINTS="1329 1233 1326 1993 501 2003 322 2000 328 1233"/></Shape>
          <TextLine ID="eSc_line_0be05154"
                    TAGREFS="LT8"
                    BASELINE="387 1273 1324 1269" 
                    HPOS="384"
                    VPOS="1233"
                    WIDTH="939"
                    HEIGHT="66">
            <Shape><Polygon POINTS="1319 1233 384 1233 385 1299 1321 1295 1323 1268 1319 1233"/></Shape>
	    <String CONTENT="ET quant à Dauid? Par le commandement"
                    HPOS="384"
                    VPOS="1233"
                    WIDTH="939"
                    HEIGHT="66"
                    WC="0.9784316138217324"></String>
          </TextLine>
          <TextLine ID="line_21"
                    TAGREFS="LT8"
                    BASELINE="323 1333 1323 1327" 
                    HPOS="322.0"
                    VPOS="1282.0"
                    WIDTH="1001.0"
                    HEIGHT="71.0">
            <Shape><Polygon POINTS="323 1333 323 1349 898 1353 899 1353 927 1350 982 1345 1068 1350 1090 1352 1091 1352 1116 1350 1237 1344 1246 1350 1247 1350 1248 1350 1250 1352 1321 1352 1323 1327 1320 1289 1258 1282 1256 1282 1255 1282 1254 1282 1242 1289 1241 1291 1107 1292 1087 1291 1003 1283 1002 1283 1000 1283 999 1283 987 1292 986 1292 976 1292 879 1284 878 1284 770 1293 764 1293 761 1293 722 1284 721 1284 719 1284 718 1284 705 1293 705 1294 649 1294 648 1294 627 1285 626 1285 580 1285 579 1285 578 1285 577 1285 567 1293 545 1285 544 1285 543 1285 541 1285 521 1296 519 1296 508 1296 402 1287 401 1287 400 1287 376 1296 348 1287 347 1287 345 1287 344 1287 322 1296 323 1333"/></Shape>
	    <String CONTENT="de Dieu, &amp; d’vne façon plus euidente que de¬"
                    HPOS="322.0"
                    VPOS="1282.0"
                    WIDTH="1001.0"
                    HEIGHT="71.0"
                    WC="0.9905771321720547"></String>
          </TextLine>
          <TextLine ID="line_22"
                    TAGREFS="LT8"
                    BASELINE="321 1392 1323 1385" 
                    HPOS="319.0"
                    VPOS="1343.0"
                    WIDTH="1004.0"
                    HEIGHT="74.0">
            <Shape><Polygon POINTS="321 1392 323 1417 334 1410 482 1415 519 1417 521 1417 522 1417 526 1415 540 1409 756 1407 857 1407 873 1414 874 1414 875 1414 877 1414 882 1414 947 1406 1087 1413 1092 1413 1094 1413 1095 1413 1122 1405 1320 1411 1323 1385 1319 1346 1176 1352 1163 1348 1144 1343 1143 1343 1142 1343 1141 1343 1139 1343 1133 1348 1129 1352 1047 1353 1038 1349 1025 1344 1024 1344 972 1344 970 1344 969 1344 943 1350 934 1353 925 1352 896 1345 895 1345 894 1345 872 1352 868 1353 864 1352 844 1345 843 1345 842 1345 840 1345 823 1353 821 1353 820 1353 803 1346 801 1346 800 1346 756 1353 748 1354 747 1353 736 1345 735 1345 734 1345 732 1345 574 1346 513 1357 508 1358 449 1358 379 1358 341 1349 340 1349 339 1349 319 1357 321 1392"/></Shape>
	    <String CONTENT="uant, apres la reiection de Saul, Samuel oignit"
                    HPOS="319.0"
                    VPOS="1343.0"
                    WIDTH="1004.0"
                    HEIGHT="74.0"
                    WC="0.9828587732416518"></String>
          </TextLine>
          <TextLine ID="line_23"
                    TAGREFS="LT8"
                    BASELINE="323 1452 1320 1445" 
                    HPOS="322.0"
                    VPOS="1400.0"
                    WIDTH="998.0"
                    HEIGHT="78.0">
            <Shape><Polygon POINTS="323 1452 323 1478 354 1471 384 1476 385 1476 387 1476 388 1476 400 1469 443 1476 444 1476 445 1476 448 1476 491 1469 517 1475 519 1476 521 1476 522 1476 531 1475 582 1467 695 1467 712 1474 718 1475 719 1475 721 1475 734 1472 769 1466 866 1471 899 1472 900 1472 1319 1465 1320 1445 1317 1413 1189 1413 1160 1400 1159 1400 1157 1400 1156 1400 1141 1407 1099 1401 1098 1401 1096 1401 1095 1401 1081 1413 1079 1413 1078 1413 1055 1402 1053 1402 1052 1402 1051 1402 1013 1413 1008 1414 956 1414 952 1413 918 1402 917 1402 916 1402 914 1402 879 1413 872 1414 868 1413 849 1402 848 1402 847 1402 846 1402 826 1413 821 1414 765 1414 761 1413 731 1402 730 1402 729 1402 687 1404 686 1404 668 1413 660 1415 651 1413 629 1404 627 1404 538 1404 536 1404 535 1404 534 1404 521 1413 512 1418 486 1418 475 1413 462 1405 461 1405 460 1405 458 1405 432 1413 424 1414 421 1413 411 1406 410 1406 409 1406 408 1406 406 1406 391 1413 379 1417 322 1413 323 1452"/></Shape>
	    <String CONTENT="pour Roy d’Iſrael Dauid eſleu par le Seigneur."
                    HPOS="322.0"
                    VPOS="1400.0"
                    WIDTH="998.0"
                    HEIGHT="78.0"
                    WC="0.9942671384500421"></String>
          </TextLine>
          <TextLine ID="line_24"
                    TAGREFS="LT8"
                    BASELINE="324 1510 1321 1505" 
                    HPOS="323.0"
                    VPOS="1462.0"
                    WIDTH="998.0"
                    HEIGHT="74.0">
            <Shape><Polygon POINTS="324 1510 324 1532 350 1527 366 1532 372 1535 374 1535 375 1536 475 1536 475 1535 492 1532 519 1527 610 1532 653 1533 655 1533 656 1533 657 1533 660 1531 669 1526 705 1531 714 1532 716 1532 730 1531 782 1526 807 1531 821 1533 822 1533 823 1533 834 1531 857 1524 916 1531 937 1532 938 1532 939 1532 944 1531 957 1524 970 1531 972 1531 973 1531 974 1531 985 1530 1035 1524 1050 1530 1055 1532 1056 1532 1057 1532 1087 1530 1150 1524 1319 1528 1321 1505 1319 1474 1263 1465 1261 1465 1260 1465 1243 1472 1066 1472 1042 1462 1041 1462 1039 1462 1038 1462 1037 1462 1022 1474 1018 1474 972 1474 969 1474 943 1462 942 1462 940 1462 939 1462 917 1474 916 1474 914 1474 899 1467 898 1467 896 1467 852 1474 846 1474 844 1474 823 1462 822 1462 821 1462 743 1463 742 1463 740 1463 725 1474 721 1476 673 1476 668 1474 643 1463 642 1463 640 1463 552 1465 551 1465 534 1474 532 1474 527 1474 476 1465 475 1465 474 1465 443 1474 430 1476 408 1474 348 1465 347 1465 345 1465 323 1472 324 1510"/></Shape>
	    <String CONTENT="Quoy fait l’Eſprit de Dieu abandonne incon"
                    HPOS="323.0"
                    VPOS="1462.0"
                    WIDTH="998.0"
                    HEIGHT="74.0"
                    WC="0.9954505733081273"></String>
          </TextLine>
          <TextLine ID="line_25"
                    TAGREFS="LT8"
                    BASELINE="319 1570 1321 1565" 
                    HPOS="318.0"
                    VPOS="1519.0"
                    WIDTH="1003.0"
                    HEIGHT="77.0">
            <Shape><Polygon POINTS="319 1570 319 1588 440 1588 441 1588 462 1596 463 1596 465 1596 522 1588 525 1588 536 1596 538 1596 539 1596 540 1596 583 1588 591 1587 717 1587 718 1587 727 1593 729 1593 730 1593 731 1593 771 1587 775 1587 779 1587 817 1595 818 1595 892 1593 894 1593 895 1593 903 1587 905 1585 912 1587 956 1593 957 1593 1200 1587 1293 1592 1294 1592 1295 1592 1321 1584 1321 1565 1320 1528 1289 1519 1287 1519 1286 1519 1285 1519 1261 1528 1256 1531 1202 1531 1198 1528 1170 1519 1169 1519 1168 1519 1111 1530 1104 1530 1096 1530 1007 1520 1005 1520 952 1530 946 1531 944 1530 933 1520 931 1520 930 1520 890 1520 888 1520 887 1520 886 1520 873 1531 872 1531 847 1524 846 1524 844 1524 843 1524 842 1524 833 1531 831 1532 762 1532 760 1531 748 1522 747 1522 745 1522 658 1522 657 1522 656 1522 655 1522 640 1532 626 1522 625 1522 623 1522 622 1522 621 1522 619 1522 603 1532 601 1532 551 1523 549 1523 548 1523 513 1533 510 1533 509 1533 488 1523 487 1523 486 1523 484 1523 463 1533 462 1533 457 1533 409 1527 408 1527 318 1533 319 1570"/></Shape>
	    <String CONTENT="tinent Saul, &amp; beſongne d’vne façon ſpeciale"
                    HPOS="318.0"
                    VPOS="1519.0"
                    WIDTH="1003.0"
                    HEIGHT="77.0"
                    WC="0.9883406546380785"></String>
          </TextLine>
          <TextLine ID="line_26"
                    TAGREFS="LT8"
                    BASELINE="321 1630 1317 1626" 
                    HPOS="319.0"
                    VPOS="1592.0"
                    WIDTH="998.0"
                    HEIGHT="62.0">
            <Shape><Polygon POINTS="1307 1598 1294 1598 1281 1598 1268 1598 1255 1598 1242 1598 1229 1598 1216 1598 1203 1598 1190 1598 1177 1598 1164 1598 1151 1598 1138 1598 1125 1598 1112 1598 1099 1598 1086 1598 1073 1598 1060 1598 1047 1598 1034 1598 1021 1598 1008 1598 995 1598 982 1598 969 1598 956 1598 943 1598 930 1598 917 1598 904 1598 891 1598 878 1598 865 1598 852 1598 839 1598 826 1598 813 1598 800 1598 787 1598 774 1598 761 1598 748 1598 735 1598 722 1598 709 1598 696 1598 683 1598 670 1598 657 1598 644 1598 631 1598 618 1598 605 1598 592 1598 579 1598 566 1598 556 1598 554 1598 553 1598 540 1598 536 1598 527 1598 514 1598 501 1598 488 1598 475 1598 462 1598 449 1598 436 1598 423 1598 410 1598 408 1593 341 1592 340 1592 339 1592 319 1598 321 1630 321 1654 376 1648 430 1653 431 1653 432 1653 434 1653 444 1645 509 1653 512 1653 513 1654 556 1654 556 1653 557 1653 558 1653 569 1645 635 1652 649 1653 651 1653 658 1652 697 1644 768 1644 775 1650 777 1650 778 1650 779 1650 781 1650 820 1644 842 1650 847 1652 848 1652 849 1652 851 1652 852 1652 853 1650 862 1644 900 1649 917 1652 918 1652 939 1649 969 1645 974 1649 978 1652 979 1652 981 1652 982 1652 1033 1650 1034 1650 1039 1648 1051 1643 1065 1648 1072 1650 1073 1650 1074 1650 1076 1650 1077 1650 1079 1648 1083 1644 1098 1648 1108 1650 1109 1650 1111 1650 1112 1650 1113 1650 1116 1648 1122 1643 1143 1648 1159 1650 1160 1650 1177 1646 1200 1643 1228 1646 1254 1650 1255 1650 1316 1645 1317 1626 1315 1598 1307 1598"/></Shape>
	    <String CONTENT="en Dauid. Mais Dauid ne regna pas pourtant,"
                    HPOS="319.0"
                    VPOS="1592.0"
                    WIDTH="998.0"
                    HEIGHT="62.0"
                    WC="0.9947891859121101"></String>
          </TextLine>
          <TextLine ID="line_27"
                    TAGREFS="LT8"
                    BASELINE="319 1688 1317 1682" 
                    HPOS="318.0"
                    VPOS="1640.0"
                    WIDTH="999.0"
                    HEIGHT="74.0">
            <Shape><Polygon POINTS="319 1688 319 1706 341 1713 343 1713 344 1713 396 1706 423 1704 428 1706 437 1713 439 1713 440 1713 441 1714 475 1714 475 1713 476 1713 489 1706 496 1704 513 1706 543 1711 544 1713 699 1713 699 1711 700 1711 710 1706 721 1701 817 1701 825 1706 830 1710 831 1710 833 1710 834 1710 855 1706 879 1701 901 1706 916 1709 917 1710 1112 1710 1112 1709 1134 1706 1173 1700 1193 1706 1199 1708 1200 1708 1202 1708 1316 1705 1317 1682 1313 1648 1220 1652 1206 1648 1176 1640 1174 1640 1173 1640 1172 1640 1154 1649 1146 1653 1115 1653 1108 1649 1092 1641 1091 1641 1035 1641 1034 1641 1033 1641 1005 1650 999 1653 996 1650 985 1641 983 1641 982 1641 961 1641 960 1641 959 1641 957 1641 944 1652 942 1653 934 1652 908 1646 907 1646 865 1653 849 1654 847 1653 830 1643 829 1643 827 1643 747 1643 745 1643 744 1643 700 1654 694 1656 675 1654 588 1648 587 1648 586 1648 570 1656 549 1649 548 1649 547 1649 508 1657 505 1657 504 1657 475 1645 474 1645 440 1645 439 1645 437 1645 408 1656 397 1650 396 1650 395 1650 318 1658 319 1688"/></Shape>
	    <String CONTENT="ains fut contraint ſe ſauuer és deſerts &amp; ro¬"
                    HPOS="318.0"
                    VPOS="1640.0"
                    WIDTH="999.0"
                    HEIGHT="74.0"
                    WC="0.9918248588624208"></String>
          </TextLine>
          <TextLine ID="line_28"
                    TAGREFS="LT8"
                    BASELINE="321 1747 1319 1743" 
                    HPOS="319.0"
                    VPOS="1700.0"
                    WIDTH="1000.0"
                    HEIGHT="72.0">
            <Shape><Polygon POINTS="321 1747 321 1772 413 1771 414 1771 439 1763 532 1763 548 1770 549 1770 551 1770 552 1770 561 1765 569 1770 570 1771 571 1771 573 1771 574 1771 575 1771 578 1770 592 1763 635 1770 651 1771 652 1771 653 1771 655 1771 655 1770 656 1769 665 1762 700 1769 710 1770 712 1770 722 1769 753 1762 818 1767 857 1770 859 1770 961 1766 1042 1762 1047 1765 1053 1769 1055 1769 1056 1769 1057 1770 1128 1770 1128 1769 1154 1763 1165 1761 1169 1763 1177 1769 1178 1769 1180 1769 1181 1769 1217 1762 1230 1761 1243 1762 1291 1769 1293 1769 1294 1769 1319 1761 1319 1743 1315 1706 1272 1709 1267 1706 1255 1700 1254 1700 1219 1700 1217 1700 1216 1700 1215 1700 1204 1706 1199 1710 1109 1710 1104 1708 1098 1702 1096 1702 1095 1702 1094 1702 1039 1708 1021 1709 1015 1708 987 1700 986 1700 985 1700 950 1701 948 1701 947 1701 937 1709 933 1711 790 1711 781 1709 731 1701 730 1701 729 1701 710 1709 699 1704 697 1704 696 1704 591 1710 571 1711 569 1710 554 1704 553 1704 552 1704 512 1709 476 1702 475 1702 393 1711 392 1711 345 1702 344 1702 343 1702 319 1711 321 1747"/></Shape>
	    <String CONTENT="chers, ſe trouuant ſouuentesfois comme à vn"
                    HPOS="319.0"
                    VPOS="1700.0"
                    WIDTH="1000.0"
                    HEIGHT="72.0"
                    WC="0.9895272146571766"></String>
          </TextLine>
          <TextLine ID="line_29"
                    TAGREFS="LT8"
                    BASELINE="322 1806 1317 1801" 
                    HPOS="321.0"
                    VPOS="1763.0"
                    WIDTH="996.0"
                    HEIGHT="71.0">
            <Shape><Polygon POINTS="322 1806 322 1834 367 1832 369 1832 370 1832 387 1821 418 1832 419 1832 421 1832 422 1832 448 1821 523 1821 536 1830 539 1832 540 1832 541 1832 543 1834 570 1834 570 1832 571 1832 579 1830 608 1819 660 1828 679 1831 681 1831 717 1827 749 1823 764 1826 781 1830 782 1830 783 1830 796 1826 820 1818 914 1823 1026 1830 1028 1830 1029 1830 1030 1830 1044 1821 1047 1819 1059 1821 1109 1828 1111 1828 1112 1828 1113 1828 1126 1819 1141 1819 1203 1817 1206 1818 1217 1828 1219 1828 1220 1828 1221 1830 1260 1830 1260 1828 1316 1815 1317 1801 1313 1763 321 1766 322 1806"/></Shape>
	    <String CONTENT="pas pres de ſa ruine, &amp; n’eſt Roy regnant que"
                    HPOS="321.0"
                    VPOS="1763.0"
                    WIDTH="996.0"
                    HEIGHT="71.0"
                    WC="0.9889946301778157"></String>
          </TextLine>
          <TextLine ID="line_30"
                    TAGREFS="LT8"
                    BASELINE="319 1865 1313 1861" 
                    HPOS="318.0"
                    VPOS="1818.0"
                    WIDTH="995.0"
                    HEIGHT="71.0">
            <Shape><Polygon POINTS="319 1865 319 1880 352 1888 353 1888 391 1882 398 1880 460 1880 463 1882 480 1888 482 1888 483 1888 545 1882 565 1880 569 1882 577 1888 578 1888 579 1888 580 1889 631 1889 631 1888 671 1883 700 1879 729 1883 756 1887 757 1887 758 1887 771 1883 788 1879 907 1884 979 1887 981 1887 982 1887 983 1887 986 1884 999 1878 1035 1878 1043 1884 1044 1884 1046 1884 1047 1884 1048 1884 1059 1879 1311 1885 1313 1861 1310 1821 1232 1827 1217 1821 1209 1818 1208 1818 1124 1818 1122 1818 1098 1823 1074 1827 1064 1823 1051 1818 1050 1818 1048 1818 1047 1818 1046 1818 1039 1823 1034 1828 912 1828 898 1826 874 1819 873 1819 872 1819 870 1819 852 1826 843 1830 790 1830 783 1827 764 1819 762 1819 761 1819 760 1819 745 1827 743 1828 735 1827 688 1819 687 1819 686 1819 670 1828 669 1828 652 1819 651 1819 649 1819 603 1828 596 1831 497 1831 491 1831 456 1821 454 1821 453 1821 452 1821 450 1821 439 1830 328 1824 327 1824 326 1824 324 1824 318 1828 319 1865"/></Shape>
	    <String CONTENT="apres la mort de Saul: carlors par les ſuffrages"
                    HPOS="318.0"
                    VPOS="1818.0"
                    WIDTH="995.0"
                    HEIGHT="71.0"
                    WC="0.9783928543329239"></String>
          </TextLine>
          <TextLine ID="line_31"
                    TAGREFS="LT8"
                    BASELINE="318 1923 1317 1919" 
                    HPOS="317.0"
                    VPOS="1876.0"
                    WIDTH="1000.0"
                    HEIGHT="76.0">
            <Shape><Polygon POINTS="318 1923 318 1948 335 1950 336 1950 337 1950 339 1950 341 1948 350 1941 375 1948 384 1950 385 1950 387 1950 388 1950 397 1948 421 1941 467 1941 482 1948 488 1950 489 1950 491 1952 556 1952 556 1950 557 1950 558 1950 562 1948 567 1944 605 1948 642 1950 643 1950 658 1947 684 1941 713 1947 726 1949 727 1949 729 1949 735 1947 753 1940 944 1940 976 1947 987 1948 989 1949 1096 1949 1096 1948 1098 1948 1108 1945 1129 1940 1170 1940 1181 1945 1185 1948 1186 1948 1187 1948 1189 1948 1317 1944 1317 1919 1313 1884 1156 1884 1150 1883 1125 1876 1124 1876 1122 1876 1121 1876 1102 1883 1096 1885 979 1885 969 1883 955 1878 953 1878 952 1878 929 1883 918 1884 905 1883 872 1878 870 1878 869 1878 868 1878 862 1883 859 1885 846 1883 827 1878 826 1878 825 1878 823 1878 808 1882 797 1885 787 1882 774 1878 773 1878 771 1878 752 1882 736 1885 729 1882 718 1878 717 1878 716 1878 653 1882 579 1887 539 1882 517 1879 515 1879 500 1882 469 1887 317 1882 318 1923"/></Shape>
	    <String CONTENT="de tout le peuple de Iuda, il fut premierement"
                    HPOS="317.0"
                    VPOS="1876.0"
                    WIDTH="1000.0"
                    HEIGHT="76.0"
                    WC="0.9898363442524619"></String>
          </TextLine>
          <TextLine ID="line_32"
                    TAGREFS="LT8"
                    BASELINE="318 1983 1313 1978" 
                    HPOS="317.0"
                    VPOS="1935.0"
                    WIDTH="996.0"
                    HEIGHT="87.0">
            <Shape><Polygon POINTS="408 1944 404 1939 317 1939 318 1983 319 2022 357 2011 384 2019 385 2019 387 2019 388 2019 417 2011 452 2021 456 2021 457 2021 467 2019 540 2010 571 2018 577 2019 578 2019 579 2021 753 2021 753 2019 823 2014 857 2011 870 2013 900 2018 901 2018 935 2011 960 2008 969 2011 985 2018 986 2018 987 2018 989 2018 1016 2010 1022 2009 1028 2010 1042 2017 1043 2017 1044 2017 1046 2017 1064 2010 1070 2008 1076 2010 1090 2017 1091 2017 1092 2017 1094 2017 1095 2017 1104 2009 1108 2006 1128 2009 1181 2015 1182 2015 1183 2015 1209 2008 1215 2006 1312 2006 1313 1978 1311 1947 1259 1936 1258 1936 1256 1936 1255 1936 1245 1945 1208 1945 1178 1945 1177 1945 1160 1935 1159 1935 1157 1935 1156 1935 1155 1935 1131 1945 1129 1947 1061 1948 895 1948 879 1943 849 1936 848 1936 774 1937 773 1937 771 1937 765 1943 756 1948 718 1943 687 1937 686 1937 684 1937 670 1941 651 1948 638 1941 632 1939 631 1939 566 1937 565 1937 564 1937 557 1941 541 1949 515 1941 509 1939 508 1939 506 1939 410 1939 408 1944"/></Shape>
	    <String CONTENT="eſleu Roy de Iuda, &amp; ſept ans apres du con¬"
                    HPOS="317.0"
                    VPOS="1935.0"
                    WIDTH="996.0"
                    HEIGHT="87.0"
                    WC="0.9904667402422705"></String>
          </TextLine>
        </TextBlock>
        <TextBlock HPOS="1204.0"
                   VPOS="2001.0"
                   WIDTH="122.0"
                   HEIGHT="62.0"
                   ID="block_7"
                   TAGREFS="BT17">
          <Shape><Polygon POINTS="1326 2001 1326 2063 1204 2063 1204 2001"/></Shape>
          <TextLine ID="line_33"
                    TAGREFS="LT8"
                    BASELINE="1208 2040 1316 2037" 
                    HPOS="1206.0"
                    VPOS="1993.0"
                    WIDTH="110.0"
                    HEIGHT="77.0">
            <Shape><Polygon POINTS="1208 2040 1208 2063 1316 2070 1316 2037 1312 2011 1284 2011 1273 2006 1245 1993 1243 1993 1242 1993 1206 1998 1208 2040"/></Shape>
	    <String CONTENT="ſen¬"
                    HPOS="1206.0"
                    VPOS="1993.0"
                    WIDTH="110.0"
                    HEIGHT="77.0"
                    WC="0.9999287873506546"></String>
          </TextLine>
        </TextBlock>
      </PrintSpace>
    </Page>
  </Layout>
</alto>
