1431 2338
323.0 97.0 90.0 70.0 146

331 148 1016 87 tenu. Car la difference qui eſt entre les Rois &

335 216 1012 74 les ſuiets ne doit pas conſiſter en impunité,

331.0 274.0 1016.0 78.0 ains en equité & iuſtice. Et pourtant combien

329.0 331.0 1012.0 72.0 qu’Auguſte fuſt eſtimé exempt des loix par ar

327.0 393.0 1018.0 74.0 reſt du Senat, toutesfois voulant reprendre vn

329.0 453.0 1010.0 76.0 ieune homme ſurprins en adultere, & iceluy

329.0 512.0 1012.0 76.0 reprochant à Auguſte que luy-meſmes auoit

331.0 576.0 1008.0 66.0 violé la loy Iulia qui condamne les adulteres,

337.0 633.0 1002.0 72.0 Auguſte reconut ſa femme, & de regret qu’il

331.0 687.0 1008.0 72.0 en eut s’abſtint de manger. Tant c’eſt vne cho

333.0 754.0 1006.0 70.0 ſe conuenable à nature d’enſeigner par exem¬

335.0 808.0 1002.0 80.0 ple ce que vous enſeignez de parole! Le Le¬

333.0 868.0 1002.0 74.0 giſlateur Solon ſouloit comparer les loix à la

317.0 927.0 1014.0 66.0 monnoye, pource qu’elles maintienent la ſo¬

327.0 987.0 1008.0 68.0 cieté humaine, comme la monnoye conſerue

327.0 1048.0 1004.0 72.0 le trafic: ce qui eſt dit aſſez proprement. Donc

329.0 1104.0 1004.0 74.0 ſi les Rois ne peuuent deſcrier ni abaiſſer le

329.0 1161.0 1002.0 82.0 prix d’vne bonne monnoye, ſans le conſente¬

323.0 1225.0 1012.0 78.0 ment de la Republique, encores moins de puiſ

329.0 1285.0 1002.0 72.0 ſance aura-il de faire & desfaire des loix ſans

321.0 1344.0 1008.0 78.0 leſquelles les ſuiets ni les Princes ne peuuent

317.0 1411.0 1007.0 65.0 habiter ſeurement en quelque lieu que ce ſoit,

315.0 1467.0 1008.0 61.0 ains ſont contraints de demeurer dans les fo¬

315.0 1524.0 1006.0 71.0 reſts & cauernes, ainſi que les beſtes brutes.

311 1578 1010 72 Pourtant auſsi, le cas auenant que l’Empe¬

313.0 1636.0 1006.0 80.0 reur eſtime que pour le bien de l’Empire d’A¬

323.0 1704.0 991.0 70.0 lemagne il ſoit beſoin d’eſtablir quelque loy,

317.0 1757.0 998.0 80.0 premierement il en demande l’auis aux E¬

311 1813 1006 80 ſtats. S’ils l’aprouuent, les Princes, Barons &

319.0 1876.0 995.0 87.0 deputez des villes ſignent cela, & lors la loy

600.0 101.0 437.0 56.0 TROISIESME

152.0 837.0 165.0 52.0 Demoſth.

150 886 167 62 en la ha¬

154 927 163 66 rangue cõ

150.0 984.0 164.0 52.0 tre Timo¬

152.0 1045.0 111.0 42.0 crates.

138 1585 162 74 Innoc.3.

140 1644 162 56 ad Regem

138.0 1689.0 164.0 64.0 Tarrac.in

136.0 1743.0 166.0 53.0 cap. quan¬

136 1782 166 63 do. de iu¬

136 1833 166 82 reiurãdo.

1169.0 1940.0 147.0 78.0 eſt ra¬
