1417 2338
53.0 148.0 1006.0 90.0 auquel il eſt obligé primierement, & ſecon¬

50.0 219.0 1005.0 71.0 dement au Roy. Quant aux villes, com¬

50.0 272.0 1006.0 81.0 bien que les Rois ayent puiſſance ſur icelles,

52.0 331.0 1003.0 82.0 toutesfois le domaine en apartient aux ci¬

50.0 387.0 1002.0 78.0 toyens & bourgeois. Car tout ce qui eſt en

50.0 446.0 1002.0 78.0 vn royaume eſt bien ſous la domination du

52.0 511.0 998.0 78.0 Roy, mais non pas de ſon patrimoine. Dieu

50.0 563.0 1002.0 89.0 à la verité eſt ſeul Seigneur proprietaire de

52.0 628.0 1007.0 75.0 toutes choſes, & c’eſt de luy que le Roy tient

52.0 688.0 1001.0 79.0 ſon domaine, & le peuple ſon patrimoine.

53.0 750.0 1002.0 76.0 C’eſt donc à dire, repliquerez vous, que

55.0 805.0 1003.0 80.0 pour le fait de la Religion il ſera loiſible aux

50.0 862.0 1008.0 80.0 ſuiets ſe reuolter de l’obeiſſance du Roy. Si

53.0 924.0 1001.0 80.0 lon accorde vne fois cela, ſera-ce pas ouurir

53.0 985.0 512.0 72.0 la feneſtre à rebellion?

366.0 107.0 375.0 54.0 QVESITOR

999 72 61 85 75

133.0 1046.0 923.0 74.0 OR eſcoutez ici patiemment, & conſi¬

54.0 1102.0 1002.0 77.0 derez la choſe de pres. Ie pourrois reſpon¬

53.0 1159.0 1005.0 78.0 dre en vn mot, s’il faut de deux choſes en fai¬

50.0 1220.0 1010.0 72.0 re l’vne, qu’il conuient pluſtoſt ſe deſtour¬

54.0 1280.0 1008.0 78.0 ner du Roy que de Dieu: ou, auec ſainct Au¬

55.0 1370.0 1020.0 48.0 guſtin, au quatriemme ſure de la Cite de

52.0 1397.0 1010.0 81.0 Dieu, chapitre quatrieſme, & au liure dix¬

53.0 1459.0 1013.0 77.0 neufuieſme, chapitre vingtvnieſme, Que là

54.0 1518.0 1013.0 77.0 où il n’y a point de iuſtice, il n’y a point de

52.0 1576.0 1011.0 81.0 Republique. Qu’il n’y a point de iuſtice,

52.0 1636.0 1007.0 73.0 quand l’homme mortel veut arracher l’hom¬

52.0 1698.0 1010.0 72.0 me d’entre les mains de Dieu, pour le ren¬

54.0 1754.0 1014.0 74.0 dre eſclaue du Diable, puis que iuſtice eſt vne

53.0 1815.0 1009.0 83.0 vertu qui rend à chaſcun ce qui luy apartient:

1066 360 138 92 Senec. li.

1066 436 142 70 7.de be¬

1066.0 487.0 156.0 76.0 nef.c.6.7.

1064 547 74 68 &c.
