1426 2338
114.0 163.0 983.0 90.0 PREFACE DE C.SV¬

174.0 222.0 832.0 102.0 PERANTIVS, SVR LE

291.0 310.0 618.0 108.0 traité d’Eſtiene Iuniũs

486.0 402.0 225.0 78.0 Brutus,

193 488 818 99 AVX. PRINCES CHRESTIENS.

111 650 58 137 I

177.0 625.0 927.0 95.0 E ſauoy bien, Meſſeigneurs, qu’en publiant

173.0 689.0 933.0 88.0 ces queſtions d’Eſtiene Iunius Brutus, tou

97.0 748.0 1009.0 95.0 chant le vray droit & la puiſſance du Prince

105.0 814.0 1003.0 88.0 ſur le peuple, & du peuple ſur le Prince: il ſe

107.0 884.0 1000.0 71.0 trouueroit des gens qui m’en ſauroyent mau¬

107.0 936.0 1000.0 83.0 uais gré. Car elles ſont manifeſtement con¬

107.0 997.0 999.0 78.0 traires aux mauuaiſes pratiques, conſeils per¬

106.0 1055.0 1001.0 80.0 nicieux, fauſſes & peſtiferes maximes de Ni¬

107.0 1115.0 999.0 82.0 colas Machiauel Florentin, lequel ils ont pour

115.0 1176.0 992.0 78.0 guide au gouuernement des afaires d’eſtat.

107.0 1236.0 996.0 71.0 I’eſtime donc qu’ils me condamneront com¬

107.0 1296.0 999.0 74.0 me audacieux (afin de mordre en quelque ſor¬

107.0 1358.0 996.0 75.0 te) de ce que vous eſtant du tout inconu, i’ay

109.0 1415.0 1001.0 78.0 prins la hardieſſe de vous eſcrire, ſpecialement

110.0 1478.0 997.0 75.0 en ce temps, de choſes de ſi grande importan¬

110.0 1531.0 996.0 79.0 ce. Mais la ferme amitié & ſinguliere affectiõ

110.0 1597.0 1002.0 79.0 que ie porte au bien public, à quoy iepenſe

109.0 1653.0 995.0 75.0 continuellemẽt, m’ont arraché ceſte peur. En

109.0 1715.0 994.0 78.0 apres il m’a ſemblé que ces diſputes vous ap¬

111.0 1775.0 1004.0 81.0 partenoyent plus qu’à nuls autres: dautãt qu’il

110.0 1832.0 1001.0 77.0 n’eſt point ici parlé de choſes legeres, mais de

109.0 1893.0 1001.0 76.0 conſequence, & neceſſaires d’eſtre bien enten¬

110.0 1950.0 1005.0 87.0 dues parmi tant de troubles publics. Ainſi dõc

1084 89 27 94 5

833.0 2022.0 132.0 73.0 A.iij.
