1455 2343
322.0 82.0 76.0 62.0 40

659.0 70.0 363.0 77.0 PREMIERE

315.0 154.0 1020.0 68.0 Princo; uorhomdomierola nous au Ionfait

313.0 205.0 1020.0 78.0 commis contre la Maieſté du Seigneur ſou¬

311.0 259.0 1017.0 82.0 uerain de tous hommes? Brief, comme c’eſt

310.0 315.0 1019.0 89.0 choſe beaucoup plus griefue d’offenſer le

311.0 381.0 1016.0 79.0 Createur que la creature, l’homme que l’ima¬

312.0 438.0 1015.0 83.0 ge: & en termes de droit, celuy qui a bleſſé la

308.0 506.0 1012.0 75.0 propre perſonne du Roy, eſt beaucoup plus

304.0 557.0 1020.0 84.0 coulpable que l’autre qui auroit briſé la ſtatue

303.0 613.0 1019.0 83.0 d’iceluy: auſſi ne faut-il douter que plus rude

298.0 674.0 1020.0 86.0 chaſtiment eſt preparé à ceux qui violent la

298.0 735.0 1017.0 86.0 premiere table de la Loy, qu’à ceux qui pechẽt

291.0 799.0 1023.0 79.0 contre la ſeconde, encores que l’vne depende

293.0 851.0 1016.0 88.0 de l’autre: dont il s’enſuit, à parler par compa¬

289.0 912.0 1020.0 88.0 raiſon, qu’il faut encores prendre de plus pres

287.0 973.0 1019.0 89.0 garde à l’obſeruation de la premiere que de la

283.0 1034.0 219.0 64.0 ſeconde.

342.0 1089.0 960.0 82.0 A v reſte, les exemples de nos deuanciers

281.0 1159.0 1018.0 78.0 nous peuuent aprendre le moyen qu’il faut

277.0 1209.0 1020.0 79.0 ſuiure en ceſt endroit. Le Roy Achab, à l’in¬

274.0 1265.0 1022.0 88.0 ſtigation de ſa femme Ieſabel, fait tuer tous

276.0 1326.0 1018.0 87.0 les Prophetes & ſeruiteurs de Dieu que lon

109.0 1401.0 1183.0 72.0 I.Rois 18. peuenteruper. Iveantinoins Abdias, maiſtre

272.0 1446.0 1016.0 83.0 d’hoſtel d’Achab cache & nourrit cent Pro¬

270.0 1508.0 1019.0 80.0 phetes. L’excuſe eſt toute preſte à cela. En tou

267.0 1568.0 1018.0 83.0 te obligation, tant eſtroitte puiſſe elle eſtre, il

263.0 1628.0 1018.0 83.0 faut touſiours excepter le Seigneur Dieu. Le

260.0 1683.0 1019.0 88.0 meſme Achab enioint à tous de ſacrifier à

256.0 1745.0 1019.0 82.0 Baal. Elie au lieu de ſe refroidir en redargue

255.0 1810.0 1017.0 78.0 plus viuement le Roy & tout le peuple, con¬

252.0 1862.0 1019.0 86.0 uaincq les preſtres Baaliſtes de leur impieté, &

250.0 1923.0 1018.0 103.0 en fait iuſtice:puis en deſpit de la meſchante &

1068.0 1999.0 194.0 69.0 furieuſe

115.0 1444.0 38.0 99.0 4.
