<?xml version="1.0" encoding="UTF-8"?>
<alto xmlns:xsi="http://www.w3.org/2001/XMLSchema-instance"
      xmlns="http://www.loc.gov/standards/alto/ns-v4#"
      xsi:schemaLocation="http://www.loc.gov/standards/alto/ns-v4# http://www.loc.gov/standards/alto/v4/alto-4-2.xsd">
  <Description>
    <MeasurementUnit>pixel</MeasurementUnit>
    <sourceImageInformation>
      <fileName>page_00246.png</fileName>
    </sourceImageInformation>
  </Description>
  <Tags>
    <OtherTag ID="BT7" LABEL="CustomZone" DESCRIPTION="block type CustomZone"/><OtherTag ID="BT8" LABEL="DamageZone" DESCRIPTION="block type DamageZone"/><OtherTag ID="BT9" LABEL="DigitizationArtefactZone" DESCRIPTION="block type DigitizationArtefactZone"/><OtherTag ID="BT10" LABEL="DropCapitalZone" DESCRIPTION="block type DropCapitalZone"/><OtherTag ID="BT11" LABEL="GraphicZone" DESCRIPTION="block type GraphicZone"/><OtherTag ID="BT12" LABEL="MainZone" DESCRIPTION="block type MainZone"/><OtherTag ID="BT13" LABEL="MarginTextZone" DESCRIPTION="block type MarginTextZone"/><OtherTag ID="BT14" LABEL="MusicZone" DESCRIPTION="block type MusicZone"/><OtherTag ID="BT15" LABEL="NumberingZone" DESCRIPTION="block type NumberingZone"/><OtherTag ID="BT17" LABEL="QuireMarksZone" DESCRIPTION="block type QuireMarksZone"/><OtherTag ID="BT18" LABEL="RunningTitleZone" DESCRIPTION="block type RunningTitleZone"/><OtherTag ID="BT19" LABEL="SealZone" DESCRIPTION="block type SealZone"/><OtherTag ID="BT20" LABEL="StampZone" DESCRIPTION="block type StampZone"/><OtherTag ID="BT21" LABEL="TableZone" DESCRIPTION="block type TableZone"/><OtherTag ID="BT22" LABEL="TitlePageZone" DESCRIPTION="block type TitlePageZone"/><OtherTag ID="BT100001" LABEL="MainZone-Head" DESCRIPTION="block type MainZone-Head"/><OtherTag ID="BT100011" LABEL="MainZone-Entry" DESCRIPTION="block type MainZone-Entry"/><OtherTag ID="BT100005" LABEL="MainZone-P" DESCRIPTION="block type MainZone-P"/><OtherTag ID="BT100008" LABEL="MainZone-Sp" DESCRIPTION="block type MainZone-Sp"/><OtherTag ID="BT100006" LABEL="MainZone-Continued" DESCRIPTION="block type MainZone-Continued"/><OtherTag ID="BT100009" LABEL="MarginTextZone-Notes" DESCRIPTION="block type MarginTextZone-Notes"/><OtherTag ID="BT100007" LABEL="MarginTextZone-ManuscriptAddendum" DESCRIPTION="block type MarginTextZone-ManuscriptAddendum"/><OtherTag ID="BT100013" LABEL="StampZone-Sticker" DESCRIPTION="block type StampZone-Sticker"/><OtherTag ID="BT100014" LABEL="MainZone-ListItem" DESCRIPTION="block type MainZone-ListItem"/>
    <OtherTag ID="LT7" LABEL="CustomLine" DESCRIPTION="line type CustomLine"/><OtherTag ID="LT8" LABEL="DefaultLine" DESCRIPTION="line type DefaultLine"/><OtherTag ID="LT9" LABEL="DropCapitalLine" DESCRIPTION="line type DropCapitalLine"/><OtherTag ID="LT10" LABEL="HeadingLine" DESCRIPTION="line type HeadingLine"/><OtherTag ID="LT11" LABEL="InterlinearLine" DESCRIPTION="line type InterlinearLine"/><OtherTag ID="LT12" LABEL="MusicLine" DESCRIPTION="line type MusicLine"/><OtherTag ID="LT747" LABEL="default" DESCRIPTION="line type default"/>
  </Tags>
  <Layout>
    <Page WIDTH="1431"
          HEIGHT="2338"
          PHYSICAL_IMG_NR="245"
          ID="eSc_dummypage_">
      <PrintSpace HPOS="0"
                  VPOS="0"
                  WIDTH="1431"
                  HEIGHT="2338">
        <TextBlock HPOS="329.0"
                   VPOS="114.0"
                   WIDTH="109.0"
                   HEIGHT="70.0"
                   ID="block_2"
                   TAGREFS="BT15">
          <Shape><Polygon POINTS="438 114 438 184 374 183 329 183 329 114"/></Shape>
          <TextLine ID="line_0"
                    TAGREFS="LT8"
                    BASELINE="334 161 439 158" 
                    HPOS="332.0"
                    VPOS="106.0"
                    WIDTH="107.0"
                    HEIGHT="79.0">
            <Shape><Polygon POINTS="334 161 335 185 352 176 369 181 382 185 383 185 384 185 438 174 439 158 436 114 401 106 400 106 399 106 397 106 382 118 375 122 332 122 334 161"/></Shape>
	    <String CONTENT="246"
                    HPOS="332.0"
                    VPOS="106.0"
                    WIDTH="107.0"
                    HEIGHT="79.0"
                    WC="0.9999779065450033"></String>
          </TextLine>
        </TextBlock>
        <TextBlock HPOS="627.0"
                   VPOS="124.0"
                   WIDTH="472.0"
                   HEIGHT="58.0"
                   ID="block_3"
                   TAGREFS="BT18">
          <Shape><Polygon POINTS="1099 124 1099 182 627 182 627 124"/></Shape>
          <TextLine ID="line_1"
                    TAGREFS="LT8"
                    BASELINE="631 161 1091 163" 
                    HPOS="627.0"
                    VPOS="124.0"
                    WIDTH="462.0"
                    HEIGHT="61.0">
            <Shape><Polygon POINTS="1076 124 1056 124 1037 124 1017 124 998 124 978 124 959 124 939 124 920 124 900 124 881 124 861 124 842 124 822 124 803 124 783 124 764 124 744 124 725 124 705 124 686 124 666 124 647 124 629 124 629 159 627 175 1085 185 1089 161 1085 124 1076 124"/></Shape>
	    <String CONTENT="QVATRIESME"
                    HPOS="627.0"
                    VPOS="124.0"
                    WIDTH="462.0"
                    HEIGHT="61.0"
                    WC="0.9999348819255829"></String>
          </TextLine>
        </TextBlock>
        <TextBlock HPOS="321.0"
                   VPOS="187.0"
                   WIDTH="1037.0"
                   HEIGHT="1429.0"
                   ID="block_4"
                   TAGREFS="BT100006">
          <Shape><Polygon POINTS="1358 195 1358 1616 1203 1615 729 1613 321 1614 332 187 571 190"/></Shape>
          <TextLine ID="line_2"
                    TAGREFS="LT8"
                    BASELINE="344 223 1356 233" 
                    HPOS="341.0"
                    VPOS="187.0"
                    WIDTH="1013.0"
                    HEIGHT="72.0">
            <Shape><Polygon POINTS="1317 194 343 187 341 241 1351 259 1354 231 1337 194 1317 194"/></Shape>
	    <String CONTENT="tiendroit pour inſenſé. Derechef l’Egliſe eſt"
                    HPOS="341.0"
                    VPOS="187.0"
                    WIDTH="1013.0"
                    HEIGHT="72.0"
                    WC="0.9967526119688283"></String>
          </TextLine>
          <TextLine ID="line_3"
                    TAGREFS="LT8"
                    BASELINE="339 283 1356 294" 
                    HPOS="337.0"
                    VPOS="246.0"
                    WIDTH="1019.0"
                    HEIGHT="68.0">
            <Shape><Polygon POINTS="1353 261 1340 261 1327 261 1314 261 1301 261 1288 261 1275 261 1262 261 1249 261 1236 261 1223 261 1210 261 1197 261 1184 261 1171 261 1158 261 1145 261 1132 261 1119 261 1106 261 1093 261 1080 261 1067 261 1054 261 1041 261 1028 261 1015 261 1002 261 989 261 976 261 963 261 950 261 937 261 924 261 911 261 898 261 885 261 872 261 859 261 846 261 833 261 820 261 807 261 794 261 781 261 768 261 755 261 742 261 729 261 716 261 703 261 690 261 677 261 664 261 651 261 638 261 625 261 612 261 599 261 586 261 573 261 560 261 547 261 534 261 521 261 508 261 495 261 482 261 469 261 456 261 443 261 430 258 425 246 339 251 339 283 337 294 452 306 453 306 543 298 549 298 551 298 558 305 560 305 561 305 562 305 625 300 632 300 638 300 678 309 679 309 911 305 994 303 1004 306 1026 313 1028 313 1029 313 1030 313 1031 313 1041 306 1044 305 1078 307 1155 314 1156 314 1185 309 1206 306 1354 311 1356 294 1355 261 1353 261"/></Shape>
	    <String CONTENT="eſtimee reſſembler à vne nauire, la quelle en"
                    HPOS="337.0"
                    VPOS="246.0"
                    WIDTH="1019.0"
                    HEIGHT="68.0"
                    WC="0.9876312211803768"></String>
          </TextLine>
          <TextLine ID="line_4"
                    TAGREFS="LT8"
                    BASELINE="339 342 1356 350" 
                    HPOS="339.0"
                    VPOS="300.0"
                    WIDTH="1017.0"
                    HEIGHT="76.0">
            <Shape><Polygon POINTS="339 342 339 358 406 358 410 359 430 366 431 366 432 366 434 366 460 359 466 358 599 358 600 359 618 368 619 368 678 371 679 371 681 371 700 362 730 371 731 371 733 371 838 364 847 372 848 372 850 372 851 372 852 372 853 372 872 362 882 362 916 362 954 372 955 372 956 372 992 366 1020 374 1021 374 1022 374 1207 366 1273 375 1275 376 1324 376 1324 375 1325 375 1355 363 1356 350 1355 319 1294 319 1293 318 1273 306 1272 306 1271 306 1269 306 1239 313 1216 306 1215 306 1213 306 1212 306 1190 316 1186 318 1180 316 1137 305 1135 305 1134 305 1072 315 1060 316 1054 315 1039 310 1038 310 1037 310 1035 310 1034 310 1029 314 1024 316 911 316 902 313 873 303 872 303 870 303 869 303 848 313 842 315 766 315 761 311 751 302 749 302 748 302 713 302 712 302 710 302 709 302 699 310 695 313 687 310 671 305 670 305 669 305 668 305 666 305 660 310 657 311 656 310 643 301 642 301 640 301 593 301 592 301 591 301 574 309 564 313 454 311 449 307 439 300 438 300 436 300 435 300 339 305 339 342"/></Shape>
	    <String CONTENT="faiſant naufrage ſe perd entierement: à l’oc¬"
                    HPOS="339.0"
                    VPOS="300.0"
                    WIDTH="1017.0"
                    HEIGHT="76.0"
                    WC="0.9800307789574498"></String>
          </TextLine>
          <TextLine ID="line_5"
                    TAGREFS="LT8"
                    BASELINE="339 402 1356 413" 
                    HPOS="337.0"
                    VPOS="358.0"
                    WIDTH="1019.0"
                    HEIGHT="79.0">
            <Shape><Polygon POINTS="339 402 337 416 384 428 386 428 458 419 465 419 470 419 499 426 500 426 541 422 553 420 556 422 570 429 571 429 573 429 617 423 626 422 629 423 640 431 642 431 643 431 644 431 757 426 795 424 811 427 848 433 850 433 851 433 864 428 873 424 882 428 892 432 894 432 895 432 896 432 908 428 924 424 950 429 976 435 977 436 1065 436 1065 435 1067 435 1072 432 1083 427 1122 427 1133 433 1135 436 1137 436 1138 436 1139 436 1141 436 1150 433 1169 428 1200 435 1203 435 1204 435 1206 435 1207 435 1219 427 1278 435 1280 435 1315 428 1353 437 1356 413 1356 377 1317 367 1316 367 1315 367 1314 367 1312 367 1297 377 1295 377 1258 370 1256 370 1255 370 1232 377 1230 377 1215 366 1213 366 1212 366 1156 366 1155 366 1154 366 1152 366 1138 376 1120 368 1119 368 1117 368 1085 375 941 375 939 374 918 363 917 363 916 363 825 372 792 364 791 364 790 364 788 364 773 372 769 372 705 364 704 364 674 371 656 363 655 363 653 363 610 371 606 371 601 371 543 359 541 359 487 361 486 361 484 361 471 368 401 358 400 358 399 358 378 368 376 368 339 368 339 402"/></Shape>
	    <String CONTENT="caſion dequoy ceux qui ſont en prouë &amp; en la"
                    HPOS="337.0"
                    VPOS="358.0"
                    WIDTH="1019.0"
                    HEIGHT="79.0"
                    WC="0.9871909128295051"></String>
          </TextLine>
          <TextLine ID="line_6"
                    TAGREFS="LT8"
                    BASELINE="337 461 1354 472" 
                    HPOS="337.0"
                    VPOS="419.0"
                    WIDTH="1017.0"
                    HEIGHT="78.0">
            <Shape><Polygon POINTS="337 461 337 485 409 479 443 487 451 488 452 488 471 487 561 480 574 488 575 488 577 488 578 488 579 488 580 488 605 481 621 488 623 489 625 489 626 489 627 489 630 488 645 481 668 488 675 490 677 490 678 490 736 489 891 484 972 490 1016 494 1017 494 1052 492 1106 487 1213 487 1230 493 1245 497 1246 497 1247 497 1353 493 1354 472 1353 437 1294 431 1293 431 1268 436 1254 439 1234 436 1195 429 1194 429 1193 429 1181 435 1177 437 1129 435 1061 431 1060 431 1038 433 1021 436 1017 433 1009 428 1008 428 1007 428 1005 428 961 433 947 435 944 433 935 426 934 426 933 426 903 424 902 424 866 432 859 433 848 432 788 423 787 423 744 431 736 432 729 431 681 423 679 423 638 431 631 431 625 429 562 420 506 420 505 420 504 420 502 420 491 428 470 420 469 420 467 420 466 420 465 420 452 428 451 429 445 428 401 419 400 419 399 419 382 428 337 428 337 461"/></Shape>
	    <String CONTENT="carene ne ſont pas plus aſſeurez que ceux qui"
                    HPOS="337.0"
                    VPOS="419.0"
                    WIDTH="1017.0"
                    HEIGHT="78.0"
                    WC="0.9965852697690328"></String>
          </TextLine>
          <TextLine ID="line_7"
                    TAGREFS="LT8"
                    BASELINE="339 518 1351 531" 
                    HPOS="337.0"
                    VPOS="475.0"
                    WIDTH="1014.0"
                    HEIGHT="80.0">
            <Shape><Polygon POINTS="339 518 337 540 487 545 488 545 505 541 523 537 532 541 541 546 543 546 544 546 584 542 597 541 626 542 743 549 744 549 746 549 747 549 753 544 756 542 762 544 803 549 804 549 805 549 807 549 813 544 817 541 822 544 831 548 833 548 834 548 1074 545 1137 545 1141 545 1159 552 1160 552 1161 552 1219 546 1221 546 1223 546 1249 555 1250 555 1251 555 1350 546 1351 531 1351 497 1323 487 1321 487 1320 487 1319 487 1284 496 1281 496 1278 496 1223 485 1221 485 1159 493 1150 494 1146 493 1133 488 1132 488 1130 488 1107 492 1096 484 1095 484 1094 484 1093 484 1028 490 991 483 990 483 989 483 963 490 957 492 956 490 944 481 943 481 942 481 941 481 792 488 755 489 725 487 664 481 662 481 597 485 564 487 560 484 553 479 552 479 551 479 549 479 521 484 510 485 505 484 489 477 488 477 487 477 430 483 405 484 396 481 375 475 374 475 373 475 339 480 339 518"/></Shape>
	    <String CONTENT="demeurent en poupe &amp; ſur le tillac, ſi quel¬"
                    HPOS="337.0"
                    VPOS="475.0"
                    WIDTH="1014.0"
                    HEIGHT="80.0"
                    WC="0.9935069368644194"></String>
          </TextLine>
          <TextLine ID="line_8"
                    TAGREFS="LT8"
                    BASELINE="340 579 1350 592" 
                    HPOS="339.0"
                    VPOS="540.0"
                    WIDTH="1011.0"
                    HEIGHT="73.0">
            <Shape><Polygon POINTS="340 579 339 596 349 603 350 603 352 603 514 605 515 605 517 605 541 597 543 597 569 606 570 606 571 606 614 598 617 598 618 598 642 607 643 607 644 607 788 602 824 601 831 602 855 610 856 610 857 610 916 605 944 602 985 606 1030 610 1031 610 1033 610 1039 607 1047 603 1347 613 1350 592 1349 555 1297 558 1286 554 1271 548 1269 548 1202 546 1200 546 1135 553 1111 555 1100 553 1076 545 1074 545 1073 545 1072 545 1054 553 1047 555 1044 553 1035 545 1035 544 1034 544 1033 544 944 542 943 542 811 550 790 552 787 550 774 541 773 541 772 541 770 541 723 550 720 550 707 540 705 540 704 540 703 540 643 549 642 549 578 549 409 548 400 540 399 540 397 540 396 540 340 546 340 579"/></Shape>
	    <String CONTENT="que tourmente vient aſſaillir le vaiſſeau,"
                    HPOS="339.0"
                    VPOS="540.0"
                    WIDTH="1011.0"
                    HEIGHT="73.0"
                    WC="0.9927791129975092"></String>
          </TextLine>
          <TextLine ID="line_9"
                    TAGREFS="LT8"
                    BASELINE="341 639 1351 652" 
                    HPOS="341.0"
                    VPOS="600.0"
                    WIDTH="1010.0"
                    HEIGHT="74.0">
            <Shape><Polygon POINTS="341 639 341 653 374 653 378 654 396 662 397 662 399 662 400 662 417 655 423 653 430 655 454 663 456 663 457 663 561 658 603 655 608 658 617 665 618 665 619 665 746 667 747 667 782 662 803 658 821 662 848 668 850 668 882 663 905 659 925 665 947 670 948 670 950 670 976 665 999 661 1007 666 1011 668 1012 668 1013 668 1015 668 1056 666 1132 662 1143 668 1152 672 1154 672 1155 672 1173 668 1197 663 1228 670 1250 674 1251 674 1275 670 1311 665 1321 671 1324 674 1325 674 1327 674 1328 674 1350 671 1351 652 1350 619 1267 619 1264 618 1251 609 1250 609 1249 609 1247 609 1246 609 1220 616 1219 616 1217 616 1172 609 1171 609 1169 609 1154 615 1151 616 1147 615 1119 607 1117 607 1116 607 981 613 954 614 943 613 896 605 895 605 857 611 856 611 839 603 838 603 837 603 835 603 834 603 824 611 822 611 811 611 697 602 696 602 664 609 657 610 655 609 647 602 647 601 645 601 644 601 609 601 608 601 606 601 605 601 596 607 593 609 527 609 525 607 515 600 514 600 513 600 512 600 341 603 341 639"/></Shape>
	    <String CONTENT="veu qu’on dit en commun prouerbe de ceux"
                    HPOS="341.0"
                    VPOS="600.0"
                    WIDTH="1010.0"
                    HEIGHT="74.0"
                    WC="0.9993538513779641"></String>
          </TextLine>
          <TextLine ID="line_10"
                    TAGREFS="LT8"
                    BASELINE="341 698 1351 709" 
                    HPOS="340.0"
                    VPOS="654.0"
                    WIDTH="1011.0"
                    HEIGHT="78.0">
            <Shape><Polygon POINTS="341 698 340 719 349 726 350 726 352 726 353 726 441 719 466 718 482 719 528 727 530 727 564 720 577 719 593 722 639 728 640 728 690 723 716 720 762 724 847 731 848 731 941 727 972 726 1000 727 1059 732 1060 732 1061 732 1074 728 1091 724 1349 732 1351 709 1351 674 1329 667 1328 667 1327 667 1325 667 1324 667 1317 672 1312 676 1288 672 1263 670 1262 670 1245 672 1230 675 1217 672 1173 662 1172 662 1171 662 1150 672 1148 672 1133 662 1132 662 1130 662 1093 661 1091 661 1090 661 1070 671 1068 672 1067 671 1055 666 1054 666 1052 666 1051 666 1050 666 1043 671 1038 674 908 674 896 670 846 658 844 658 796 670 788 671 779 670 720 657 694 657 692 657 691 657 690 657 675 668 674 668 636 662 635 662 634 662 610 668 605 670 601 668 590 662 588 662 587 662 539 668 531 668 527 667 504 659 502 659 501 659 500 659 482 665 461 654 460 654 397 654 396 654 395 654 393 654 380 665 341 666 341 698"/></Shape>
	    <String CONTENT="qui ſont en meſme danger, qu’ils ſont en"
                    HPOS="340.0"
                    VPOS="654.0"
                    WIDTH="1011.0"
                    HEIGHT="78.0"
                    WC="0.9894121408462524"></String>
          </TextLine>
          <TextLine ID="line_11"
                    TAGREFS="LT8"
                    BASELINE="337 758 1349 767" 
                    HPOS="336.0"
                    VPOS="716.0"
                    WIDTH="1013.0"
                    HEIGHT="68.0">
            <Shape><Polygon POINTS="337 758 336 774 345 780 347 780 348 780 349 780 408 774 483 781 484 781 625 775 653 783 655 783 656 783 690 776 799 776 807 784 808 784 809 784 811 784 1347 783 1349 767 1349 735 1303 724 1302 724 1213 733 1204 733 1200 733 1178 726 1177 726 1176 726 1108 732 1103 732 1102 732 1090 723 1089 723 1087 723 1086 723 1042 731 990 722 989 722 951 731 947 731 941 731 886 724 885 724 883 724 872 729 855 722 853 722 852 722 851 722 829 728 820 720 818 720 817 720 816 720 775 729 772 729 770 729 755 719 753 719 752 719 751 719 749 719 731 727 626 718 625 718 557 727 554 727 488 727 471 727 441 716 440 716 439 716 399 726 396 726 395 726 360 719 358 719 357 719 337 724 337 758"/></Shape>
	    <String CONTENT="meſme nauire &amp; courent meſme fortune. Ce¬"
                    HPOS="336.0"
                    VPOS="716.0"
                    WIDTH="1013.0"
                    HEIGHT="68.0"
                    WC="0.9905425499125224"></String>
          </TextLine>
          <TextLine ID="line_12"
                    TAGREFS="LT8"
                    BASELINE="337 819 1349 828" 
                    HPOS="336.0"
                    VPOS="774.0"
                    WIDTH="1013.0"
                    HEIGHT="79.0">
            <Shape><Polygon POINTS="336 840 345 846 347 846 348 846 349 846 388 840 451 846 452 846 453 846 478 839 482 837 486 839 517 848 518 848 519 848 582 839 596 837 609 840 649 846 651 846 701 840 716 839 729 840 785 850 786 850 860 841 878 840 899 841 955 848 956 848 957 848 978 842 983 841 986 842 1003 852 1004 852 1005 852 1086 844 1100 842 1104 844 1121 850 1122 850 1124 850 1125 850 1138 844 1141 842 1145 844 1161 853 1163 853 1164 853 1232 845 1245 844 1346 845 1349 828 1346 783 1215 792 1200 783 1199 783 1198 783 1130 781 1129 781 1060 791 779 789 744 779 743 779 742 779 740 779 739 779 726 788 671 788 627 776 626 776 625 776 623 776 558 785 501 776 500 776 499 776 467 784 438 776 436 776 435 776 374 784 339 774 337 819 336 840"/></Shape>
	    <String CONTENT="la preſuppoſé, certainement quiconque n’eſt"
                    HPOS="336.0"
                    VPOS="774.0"
                    WIDTH="1013.0"
                    HEIGHT="79.0"
                    WC="0.9975825074044141"></String>
          </TextLine>
          <TextLine ID="line_13"
                    TAGREFS="LT8"
                    BASELINE="339 878 1346 887" 
                    HPOS="337.0"
                    VPOS="836.0"
                    WIDTH="1009.0"
                    HEIGHT="73.0">
            <Shape><Polygon POINTS="339 878 337 891 458 901 460 901 491 894 493 894 560 894 562 894 570 901 571 901 573 901 574 901 575 901 588 896 592 894 596 896 625 904 626 904 627 904 717 897 734 897 761 898 865 905 866 905 889 901 904 897 909 901 917 906 918 906 920 906 921 906 990 902 1056 898 1086 904 1102 906 1103 906 1104 906 1106 906 1108 904 1115 900 1169 900 1190 906 1202 909 1203 909 1204 909 1345 907 1346 887 1346 853 1316 844 1315 844 1314 844 1312 844 1281 852 1280 852 1254 845 1252 845 1251 845 1151 850 1147 850 1125 842 1124 842 1122 842 1017 849 1016 849 1004 841 1003 841 1002 841 1000 841 946 849 941 849 938 849 915 840 913 840 912 840 877 848 855 840 853 840 852 840 782 848 773 848 765 848 707 839 705 839 648 846 642 846 640 846 627 837 626 837 625 837 623 837 622 837 601 845 569 837 567 837 566 837 565 837 544 845 543 845 519 837 518 837 517 837 515 837 488 845 484 845 417 845 415 844 400 836 399 836 397 836 339 842 339 878"/></Shape>
	    <String CONTENT="eſmeu de la douleur, de l’embraſement &amp; de"
                    HPOS="337.0"
                    VPOS="836.0"
                    WIDTH="1009.0"
                    HEIGHT="73.0"
                    WC="0.993853916724523"></String>
          </TextLine>
          <TextLine ID="line_14"
                    TAGREFS="LT8"
                    BASELINE="335 939 1343 949" 
                    HPOS="334.0"
                    VPOS="893.0"
                    WIDTH="1009.0"
                    HEIGHT="78.0">
            <Shape><Polygon POINTS="335 939 334 954 344 962 345 962 347 962 348 962 383 957 461 963 462 963 573 955 648 965 649 965 651 965 652 965 662 957 713 966 714 966 838 958 869 967 870 967 872 967 964 959 1055 968 1056 968 1086 962 1098 970 1099 970 1100 970 1102 970 1172 962 1229 971 1230 971 1271 963 1324 971 1325 971 1327 971 1342 962 1343 949 1342 914 1219 914 1212 911 1186 901 1185 901 1184 901 1135 910 1122 913 1116 910 1093 900 1091 900 1090 900 1020 909 999 911 995 909 991 905 990 905 989 905 987 905 898 907 824 909 818 906 801 897 800 897 734 897 733 897 731 897 730 897 720 905 716 907 712 905 701 896 700 896 699 896 642 896 640 896 639 896 638 896 629 904 623 907 617 904 606 896 605 896 604 896 603 896 601 896 578 902 565 906 556 902 548 898 547 898 545 898 544 898 531 902 514 906 399 906 387 900 373 893 371 893 370 893 335 898 335 939"/></Shape>
	    <String CONTENT="l’agitation de l’Egliſe, ne peut eſtre du corps"
                    HPOS="334.0"
                    VPOS="893.0"
                    WIDTH="1009.0"
                    HEIGHT="78.0"
                    WC="0.9826570736600998"></String>
          </TextLine>
          <TextLine ID="line_15"
                    TAGREFS="LT8"
                    BASELINE="335 997 1346 1006" 
                    HPOS="334.0"
                    VPOS="952.0"
                    WIDTH="1012.0"
                    HEIGHT="76.0">
            <Shape><Polygon POINTS="335 997 334 1011 357 1020 358 1020 360 1020 578 1015 600 1015 603 1015 622 1023 623 1023 625 1023 721 1018 742 1017 747 1018 769 1024 770 1024 772 1024 844 1019 866 1018 887 1019 942 1026 943 1026 994 1022 1020 1019 1034 1022 1057 1027 1059 1027 1103 1023 1130 1020 1161 1023 1202 1028 1203 1028 1345 1026 1346 1006 1345 963 1204 971 1191 963 1186 958 1185 958 1184 958 1124 958 1122 958 1096 963 1061 970 1035 963 1015 957 1013 957 1012 957 1011 957 1009 957 1000 963 990 970 956 970 946 963 939 958 938 958 937 958 935 958 934 958 925 963 913 968 863 968 853 963 839 955 838 955 837 955 835 955 834 955 822 963 814 968 770 968 739 963 682 954 681 954 679 954 662 963 658 966 653 963 636 954 635 954 573 953 571 953 570 953 569 953 556 963 553 966 510 966 502 963 467 953 466 953 465 953 421 963 417 963 414 963 361 952 360 952 358 952 335 962 335 997"/></Shape>
	    <String CONTENT="d’icelle, n’eſt du nombre des domeſtiques de"
                    HPOS="334.0"
                    VPOS="952.0"
                    WIDTH="1012.0"
                    HEIGHT="76.0"
                    WC="0.9669600535522808"></String>
          </TextLine>
          <TextLine ID="line_16"
                    TAGREFS="LT8"
                    BASELINE="332 1057 1341 1068" 
                    HPOS="331.0"
                    VPOS="1011.0"
                    WIDTH="1010.0"
                    HEIGHT="78.0">
            <Shape><Polygon POINTS="332 1057 331 1072 348 1081 349 1081 350 1081 352 1081 353 1081 365 1074 380 1081 382 1081 383 1081 384 1081 414 1074 415 1074 417 1074 457 1081 458 1081 544 1075 553 1075 557 1075 593 1084 595 1084 677 1078 704 1085 705 1085 707 1085 759 1078 762 1078 764 1078 779 1087 781 1087 782 1087 886 1080 917 1088 918 1088 920 1088 995 1081 1083 1089 1085 1089 1086 1089 1087 1089 1098 1081 1099 1081 1108 1081 1171 1088 1172 1088 1340 1084 1341 1068 1338 1023 1307 1031 1281 1022 1280 1022 1278 1022 1277 1022 1272 1022 1220 1031 1174 1020 1169 1020 1168 1020 1167 1020 1164 1020 1139 1030 1125 1023 1124 1023 1122 1023 1007 1030 951 1023 950 1023 912 1028 895 1018 894 1018 892 1018 891 1018 890 1018 889 1018 873 1028 799 1028 785 1018 782 1015 781 1015 779 1015 778 1015 777 1015 772 1018 760 1023 717 1018 716 1018 714 1018 694 1026 666 1017 658 1014 657 1014 656 1014 644 1017 608 1024 593 1015 591 1014 590 1014 588 1014 470 1013 469 1013 460 1014 430 1022 417 1014 413 1011 412 1011 410 1011 409 1011 332 1013 332 1057"/></Shape>
	    <String CONTENT="Ieſus Chriſt, &amp; ne demeure point en l’Arche."
                    HPOS="331.0"
                    VPOS="1011.0"
                    WIDTH="1010.0"
                    HEIGHT="78.0"
                    WC="0.993461936712265"></String>
          </TextLine>
          <TextLine ID="line_17"
                    TAGREFS="LT8"
                    BASELINE="335 1117 1343 1124" 
                    HPOS="334.0"
                    VPOS="1074.0"
                    WIDTH="1009.0"
                    HEIGHT="75.0">
            <Shape><Polygon POINTS="335 1117 334 1132 367 1133 379 1144 380 1144 382 1144 383 1145 454 1145 454 1144 456 1144 475 1135 505 1145 506 1145 508 1145 574 1136 575 1136 608 1143 609 1143 696 1137 700 1137 718 1146 720 1146 721 1148 751 1148 751 1146 752 1146 753 1146 764 1137 765 1137 778 1137 907 1148 908 1148 972 1141 1073 1149 1074 1149 1076 1149 1077 1149 1089 1141 1091 1140 1117 1141 1186 1148 1187 1148 1213 1143 1225 1141 1273 1141 1280 1144 1288 1149 1289 1149 1290 1149 1291 1149 1342 1144 1343 1124 1341 1080 1278 1089 1258 1080 1256 1080 1255 1080 1254 1080 1252 1080 1237 1092 1194 1092 1135 1091 1121 1080 1120 1080 1119 1080 1117 1080 1041 1089 1008 1078 1007 1078 1005 1078 973 1078 972 1078 970 1078 969 1078 954 1089 839 1089 794 1088 773 1076 772 1076 770 1076 769 1076 765 1076 723 1087 709 1076 708 1076 707 1076 705 1076 696 1076 539 1085 502 1076 501 1076 500 1076 499 1076 497 1076 484 1085 440 1085 422 1075 419 1074 418 1074 417 1074 335 1074 335 1117"/></Shape>
	    <String CONTENT="Celuy qui en eſt eſmeu tant ſoit peu, ne doit"
                    HPOS="334.0"
                    VPOS="1074.0"
                    WIDTH="1009.0"
                    HEIGHT="75.0"
                    WC="0.9866428666644627"></String>
          </TextLine>
          <TextLine ID="line_18"
                    TAGREFS="LT8"
                    BASELINE="331 1176 1342 1184" 
                    HPOS="330.0"
                    VPOS="1132.0"
                    WIDTH="1012.0"
                    HEIGHT="72.0">
            <Shape><Polygon POINTS="330 1197 1340 1204 1342 1184 1341 1140 1174 1149 1116 1139 1108 1137 1107 1137 1100 1139 1064 1146 1039 1137 1037 1137 1035 1137 1034 1137 1033 1137 1031 1137 1004 1148 931 1141 930 1141 905 1146 894 1137 892 1136 891 1136 890 1136 889 1136 882 1137 844 1146 833 1137 831 1136 831 1135 830 1135 829 1135 827 1135 794 1136 668 1145 644 1145 634 1136 631 1133 630 1133 629 1133 627 1133 600 1136 513 1144 497 1135 491 1132 489 1132 488 1132 473 1135 438 1144 343 1144 334 1135 331 1176 330 1197"/></Shape>
	    <String CONTENT="non plus diſputer s’il eſt tenu de ſecourir les"
                    HPOS="330.0"
                    VPOS="1132.0"
                    WIDTH="1012.0"
                    HEIGHT="72.0"
                    WC="0.9995344560197059"></String>
          </TextLine>
          <TextLine ID="line_19"
                    TAGREFS="LT8"
                    BASELINE="331 1235 1338 1245" 
                    HPOS="330.0"
                    VPOS="1191.0"
                    WIDTH="1008.0"
                    HEIGHT="75.0">
            <Shape><Polygon POINTS="331 1235 330 1253 421 1259 422 1259 423 1259 438 1254 443 1253 445 1256 453 1261 454 1261 456 1261 457 1261 458 1261 477 1256 482 1254 630 1254 632 1257 640 1263 642 1263 643 1263 644 1263 675 1258 688 1256 696 1258 714 1265 716 1265 717 1265 787 1259 817 1257 825 1259 843 1266 844 1266 846 1266 1337 1265 1338 1245 1337 1213 1262 1213 1260 1211 1241 1198 1239 1198 1238 1198 1237 1198 1197 1206 1158 1200 1156 1200 1102 1205 1089 1196 1087 1196 1086 1196 1085 1196 1083 1196 1057 1209 1057 1210 963 1210 960 1209 935 1194 934 1194 933 1194 857 1204 835 1193 834 1193 833 1193 765 1202 748 1193 747 1193 746 1193 744 1193 743 1193 727 1205 648 1202 636 1192 635 1192 634 1192 632 1192 553 1193 552 1193 534 1202 492 1202 477 1191 475 1191 474 1191 473 1191 423 1202 331 1202 331 1235"/></Shape>
	    <String CONTENT="membres affligez de l’Egliſe, que ſoy meſmes,"
                    HPOS="330.0"
                    VPOS="1191.0"
                    WIDTH="1008.0"
                    HEIGHT="75.0"
                    WC="0.9988802962832981"></String>
          </TextLine>
          <TextLine ID="line_20"
                    TAGREFS="LT8"
                    BASELINE="334 1297 1338 1305" 
                    HPOS="332.0"
                    VPOS="1252.0"
                    WIDTH="1006.0"
                    HEIGHT="70.0">
            <Shape><Polygon POINTS="334 1297 332 1314 1336 1322 1338 1305 1337 1270 1208 1270 1207 1269 1197 1261 1195 1261 1194 1261 1193 1261 1191 1261 1172 1267 1141 1257 1139 1257 1138 1257 1093 1267 1090 1267 1083 1267 981 1258 979 1258 941 1266 939 1266 938 1266 911 1256 909 1256 908 1256 907 1256 869 1266 865 1266 803 1266 801 1265 788 1256 787 1256 786 1256 785 1256 710 1259 668 1253 626 1253 625 1253 623 1253 622 1253 609 1262 595 1253 593 1253 592 1253 500 1252 499 1252 497 1252 465 1261 334 1261 334 1297"/></Shape>
	    <String CONTENT="veu qu’ẽ l’Egliſe nous ne ſommes qu’vn corps:"
                    HPOS="332.0"
                    VPOS="1252.0"
                    WIDTH="1006.0"
                    HEIGHT="70.0"
                    WC="0.9883746906467106"></String>
          </TextLine>
          <TextLine ID="line_21"
                    TAGREFS="LT8"
                    BASELINE="332 1356 1340 1363" 
                    HPOS="331.0"
                    VPOS="1313.0"
                    WIDTH="1009.0"
                    HEIGHT="72.0">
            <Shape><Polygon POINTS="332 1356 331 1369 362 1376 363 1376 457 1371 500 1380 501 1380 502 1380 534 1372 553 1380 554 1380 556 1380 608 1372 627 1380 629 1380 718 1382 720 1382 788 1374 838 1383 839 1383 946 1375 1004 1384 1005 1384 1116 1376 1171 1385 1172 1385 1210 1378 1282 1385 1284 1385 1338 1376 1340 1363 1340 1326 1249 1319 1247 1319 1246 1319 1234 1324 1221 1331 1145 1324 1117 1323 1116 1323 1096 1324 1051 1330 1025 1324 983 1317 982 1317 981 1317 964 1324 956 1330 848 1330 840 1324 822 1315 821 1315 722 1315 721 1315 720 1315 718 1315 705 1324 700 1327 683 1324 645 1318 644 1318 643 1318 629 1324 625 1327 543 1327 534 1324 489 1313 488 1313 487 1313 434 1319 367 1313 366 1313 365 1313 363 1313 349 1324 347 1324 332 1324 332 1356"/></Shape>
	    <String CONTENT="ains faut qu’vn chaſcun en ſa vocation leur"
                    HPOS="331.0"
                    VPOS="1313.0"
                    WIDTH="1009.0"
                    HEIGHT="72.0"
                    WC="0.9893476533335309"></String>
          </TextLine>
          <TextLine ID="line_22"
                    TAGREFS="LT8"
                    BASELINE="332 1415 1334 1423" 
                    HPOS="331.0"
                    VPOS="1371.0"
                    WIDTH="1003.0"
                    HEIGHT="69.0">
            <Shape><Polygon POINTS="332 1415 331 1428 358 1436 360 1436 361 1436 665 1432 834 1440 835 1440 1333 1436 1334 1423 1334 1391 1304 1378 1303 1378 1302 1378 1243 1389 1242 1391 1180 1391 1177 1389 1141 1376 1139 1376 1138 1376 1021 1388 1015 1388 1009 1388 966 1382 965 1382 918 1387 917 1387 900 1375 899 1375 898 1375 833 1374 831 1374 830 1374 829 1374 809 1385 665 1372 664 1372 662 1372 629 1384 454 1383 439 1371 438 1371 436 1371 369 1371 367 1371 366 1371 332 1382 332 1415"/></Shape>
	    <String CONTENT="aſsiſte comme il doit, &amp; de tant meilleur cou¬"
                    HPOS="331.0"
                    VPOS="1371.0"
                    WIDTH="1003.0"
                    HEIGHT="69.0"
                    WC="0.993321753066519"></String>
          </TextLine>
          <TextLine ID="line_23"
                    TAGREFS="LT8"
                    BASELINE="332 1475 1336 1483" 
                    HPOS="331.0"
                    VPOS="1430.0"
                    WIDTH="1005.0"
                    HEIGHT="75.0">
            <Shape><Polygon POINTS="332 1475 331 1488 373 1498 374 1498 488 1491 566 1500 567 1500 652 1493 756 1501 757 1501 798 1493 833 1502 834 1502 835 1502 837 1502 863 1495 991 1495 999 1501 999 1502 1000 1502 1002 1502 1003 1502 1069 1496 1187 1505 1189 1505 1190 1505 1191 1505 1200 1497 1220 1504 1221 1504 1223 1504 1268 1497 1308 1505 1310 1505 1311 1505 1334 1496 1336 1483 1334 1446 1221 1436 1220 1436 1176 1444 1171 1445 1168 1444 1145 1435 1143 1435 1142 1435 1082 1441 1042 1435 1041 1435 1039 1435 1008 1443 1007 1444 834 1444 825 1441 782 1432 781 1432 734 1440 729 1441 726 1440 717 1432 716 1432 714 1432 665 1431 664 1431 662 1431 644 1440 643 1440 639 1440 599 1432 597 1432 535 1439 518 1440 515 1439 501 1430 500 1430 499 1430 457 1430 456 1430 454 1430 453 1430 440 1437 438 1439 332 1437 332 1475"/></Shape>
	    <String CONTENT="rage, ſelon que Dieu luy en aura dõné meilleur"
                    HPOS="331.0"
                    VPOS="1430.0"
                    WIDTH="1005.0"
                    HEIGHT="75.0"
                    WC="0.9760808025797209"></String>
          </TextLine>
          <TextLine ID="line_24"
                    TAGREFS="LT8"
                    BASELINE="334 1533 1334 1543" 
                    HPOS="332.0"
                    VPOS="1495.0"
                    WIDTH="1002.0"
                    HEIGHT="71.0">
            <Shape><Polygon POINTS="334 1533 332 1548 395 1558 396 1558 465 1550 544 1559 545 1559 605 1550 610 1550 618 1550 721 1561 722 1561 760 1552 762 1552 764 1552 807 1561 808 1561 876 1553 877 1553 878 1553 926 1563 928 1563 1070 1556 1081 1563 1082 1563 1083 1563 1085 1563 1190 1559 1204 1566 1206 1566 1207 1566 1333 1556 1334 1543 1333 1510 1276 1509 1268 1501 1267 1501 1265 1501 1264 1501 1263 1501 1262 1501 1250 1509 1249 1509 1243 1509 1202 1502 1200 1502 1154 1508 1151 1508 1150 1508 1139 1498 1138 1498 1137 1498 1048 1497 1047 1497 1007 1506 1004 1506 1002 1506 979 1498 978 1498 977 1498 943 1505 938 1506 934 1505 907 1496 905 1496 853 1496 852 1496 851 1496 850 1496 838 1505 837 1505 833 1505 811 1498 809 1498 808 1498 785 1504 778 1505 775 1504 756 1495 755 1495 753 1495 669 1502 652 1504 557 1504 554 1501 547 1496 545 1496 544 1496 543 1496 501 1501 486 1502 482 1501 473 1495 471 1495 470 1495 469 1495 334 1498 334 1533"/></Shape>
	    <String CONTENT="moyen: car ce qu’il nous donne n’eſt pas pour"
                    HPOS="332.0"
                    VPOS="1495.0"
                    WIDTH="1002.0"
                    HEIGHT="71.0"
                    WC="0.9844150172339545"></String>
          </TextLine>
          <TextLine ID="line_25"
                    TAGREFS="LT8"
                    BASELINE="332 1593 1311 1601" 
                    HPOS="332.0"
                    VPOS="1552.0"
                    WIDTH="979.0"
                    HEIGHT="71.0">
            <Shape><Polygon POINTS="332 1593 332 1615 376 1609 400 1615 404 1617 405 1617 406 1617 408 1617 410 1615 425 1609 491 1615 515 1618 517 1618 518 1618 519 1618 522 1615 534 1610 601 1610 618 1615 626 1618 627 1618 629 1618 630 1618 635 1615 645 1610 666 1615 682 1619 683 1619 684 1619 686 1619 700 1615 717 1611 817 1611 824 1615 827 1619 829 1619 830 1619 831 1619 929 1615 935 1615 938 1615 989 1622 990 1622 991 1622 1013 1615 1015 1615 1016 1615 1067 1622 1068 1622 1103 1615 1104 1615 1147 1623 1148 1623 1250 1615 1269 1623 1271 1623 1272 1623 1310 1614 1311 1601 1310 1570 1263 1570 1263 1569 1243 1559 1242 1559 1241 1559 1239 1559 1238 1559 1225 1569 1224 1569 1215 1569 1104 1562 1103 1562 1026 1567 1016 1567 1015 1567 1008 1561 1007 1561 1005 1561 1004 1561 1003 1561 990 1567 989 1567 986 1567 963 1556 961 1556 848 1556 847 1556 846 1556 809 1565 747 1557 746 1557 695 1565 690 1565 687 1565 658 1553 657 1553 656 1553 486 1562 473 1553 471 1553 470 1553 469 1553 467 1553 441 1562 387 1552 386 1552 332 1561 332 1593"/></Shape>
	    <String CONTENT="nous, ains auſsi pour en faire part aux autres."
                    HPOS="332.0"
                    VPOS="1552.0"
                    WIDTH="979.0"
                    HEIGHT="71.0"
                    WC="0.9889908407596831"></String>
          </TextLine>
        </TextBlock>
        <TextBlock HPOS="322.0"
                   VPOS="1618.0"
                   WIDTH="1015.0"
                   HEIGHT="414.0"
                   ID="block_0"
                   TAGREFS="BT100005">
          <Shape><Polygon POINTS="1337 1622 1333 2029 1170 2032 322 2032 327 1618 998 1620"/></Shape>
          <TextLine ID="line_26"
                    TAGREFS="LT8"
                    BASELINE="389 1656 1330 1662" 
                    HPOS="388.0"
                    VPOS="1608.0"
                    WIDTH="942.0"
                    HEIGHT="75.0">
            <Shape><Polygon POINTS="389 1656 388 1666 435 1676 436 1676 438 1676 439 1676 448 1670 514 1675 515 1675 547 1669 552 1669 560 1670 618 1679 619 1679 710 1672 742 1670 748 1672 765 1680 766 1680 768 1680 839 1674 874 1671 881 1675 886 1679 887 1679 889 1679 890 1679 891 1679 903 1675 912 1672 926 1675 955 1682 956 1682 957 1682 959 1682 965 1676 966 1675 970 1676 986 1682 987 1682 989 1682 990 1682 991 1682 996 1676 998 1675 1000 1676 1009 1682 1011 1682 1012 1682 1047 1678 1070 1675 1120 1679 1174 1683 1176 1683 1177 1683 1185 1680 1199 1674 1328 1682 1330 1662 1329 1630 1312 1630 1312 1628 1293 1613 1291 1613 1290 1613 1275 1613 1273 1613 1272 1613 1271 1613 1252 1628 1221 1613 1220 1613 1219 1613 1185 1614 1184 1614 1182 1614 1165 1628 1164 1628 1152 1628 1085 1622 1083 1622 954 1626 929 1610 928 1610 926 1610 925 1610 924 1610 882 1621 852 1610 851 1610 807 1610 805 1610 804 1610 782 1621 764 1609 762 1609 761 1609 655 1609 653 1609 652 1609 651 1609 634 1624 630 1624 587 1624 583 1623 543 1611 541 1611 540 1611 462 1623 456 1623 434 1608 432 1608 431 1608 409 1608 408 1608 406 1608 405 1608 389 1618 389 1656"/></Shape>
	    <String CONTENT="COMME ceſte Egliſe eſt vnique, auſsi eſt¬"
                    HPOS="388.0"
                    VPOS="1608.0"
                    WIDTH="942.0"
                    HEIGHT="75.0"
                    WC="0.9897730365032102"></String>
          </TextLine>
          <TextLine ID="line_27"
                    TAGREFS="LT8"
                    BASELINE="331 1714 1329 1722" 
                    HPOS="330.0"
                    VPOS="1670.0"
                    WIDTH="999.0"
                    HEIGHT="71.0">
            <Shape><Polygon POINTS="331 1714 330 1726 522 1736 523 1736 596 1731 616 1730 668 1732 794 1737 795 1737 813 1734 830 1731 853 1735 881 1739 882 1739 928 1736 979 1732 1007 1737 1025 1740 1026 1740 1072 1737 1158 1734 1189 1740 1199 1741 1200 1741 1213 1740 1260 1735 1327 1741 1329 1722 1329 1687 1302 1678 1301 1678 1299 1678 1298 1678 1280 1687 1229 1687 1210 1676 1208 1676 1207 1676 1172 1684 1158 1675 1156 1675 1155 1675 1154 1675 1108 1685 1015 1675 1013 1675 1012 1675 1011 1675 995 1685 994 1685 943 1674 883 1674 882 1674 881 1674 857 1684 830 1672 829 1672 827 1672 826 1672 808 1682 794 1675 792 1675 791 1675 740 1683 675 1672 674 1672 673 1672 648 1683 497 1683 443 1670 441 1670 440 1670 418 1676 365 1670 363 1670 362 1670 331 1680 331 1714"/></Shape>
	    <String CONTENT="elle recommandee &amp; baillee en garde à tous"
                    HPOS="330.0"
                    VPOS="1670.0"
                    WIDTH="999.0"
                    HEIGHT="71.0"
                    WC="0.9915644831435625"></String>
          </TextLine>
          <TextLine ID="line_28"
                    TAGREFS="LT8"
                    BASELINE="331 1772 1330 1782" 
                    HPOS="330.0"
                    VPOS="1726.0"
                    WIDTH="1000.0"
                    HEIGHT="75.0">
            <Shape><Polygon POINTS="331 1772 330 1785 343 1793 344 1793 345 1793 347 1793 426 1787 531 1795 532 1795 577 1788 591 1787 608 1789 651 1796 652 1796 714 1791 753 1788 766 1792 779 1796 781 1796 925 1798 926 1798 961 1796 1009 1791 1086 1797 1116 1800 1117 1800 1119 1800 1125 1798 1148 1792 1178 1798 1189 1801 1190 1801 1191 1801 1195 1800 1208 1793 1328 1801 1330 1782 1329 1736 1264 1741 1234 1735 1223 1734 1221 1734 1220 1734 1219 1734 1216 1735 1208 1740 1186 1735 1169 1732 1168 1732 1167 1732 1158 1735 1143 1740 1125 1735 1113 1732 1112 1732 1111 1732 1109 1732 1108 1732 1104 1735 1094 1741 1065 1735 1044 1731 1043 1731 994 1735 937 1740 928 1735 922 1731 921 1731 920 1731 918 1731 881 1735 844 1739 837 1735 831 1731 830 1731 829 1731 827 1731 826 1731 825 1731 820 1735 812 1740 775 1740 768 1735 760 1730 759 1730 757 1730 697 1728 696 1728 669 1735 656 1737 652 1735 645 1728 644 1728 643 1728 579 1727 578 1727 577 1727 575 1727 566 1735 562 1737 474 1737 438 1736 436 1734 426 1726 425 1726 423 1726 422 1726 369 1734 361 1735 358 1734 343 1726 341 1726 340 1726 339 1726 337 1726 331 1730 331 1772"/></Shape>
	    <String CONTENT="les Princes Chreſtiens en general &amp; à chaſcun"
                    HPOS="330.0"
                    VPOS="1726.0"
                    WIDTH="1000.0"
                    HEIGHT="75.0"
                    WC="0.9912497673345648"></String>
          </TextLine>
          <TextLine ID="line_29"
                    TAGREFS="LT8"
                    BASELINE="328 1831 1330 1841" 
                    HPOS="327.0"
                    VPOS="1787.0"
                    WIDTH="1003.0"
                    HEIGHT="74.0">
            <Shape><Polygon POINTS="328 1831 327 1843 353 1853 354 1853 356 1853 427 1845 514 1854 515 1854 648 1848 664 1848 684 1849 829 1858 830 1858 831 1858 848 1852 851 1850 870 1852 966 1860 968 1860 1037 1854 1043 1854 1052 1854 1124 1861 1125 1861 1126 1861 1138 1856 1145 1853 1152 1856 1163 1861 1164 1861 1165 1861 1167 1861 1178 1857 1189 1853 1328 1858 1330 1841 1328 1800 1089 1805 1076 1798 1065 1793 1064 1793 1021 1793 1020 1793 1018 1793 1017 1793 1012 1798 1003 1805 964 1805 956 1797 955 1796 954 1796 952 1796 951 1796 950 1796 946 1797 934 1802 890 1797 872 1796 870 1796 859 1797 837 1801 827 1797 812 1791 811 1791 775 1791 774 1791 773 1791 772 1791 764 1797 757 1801 729 1797 677 1789 675 1789 674 1789 649 1797 636 1800 597 1796 535 1791 534 1791 482 1796 453 1798 448 1796 434 1788 432 1788 431 1788 393 1796 391 1796 389 1796 379 1787 378 1787 376 1787 375 1787 328 1795 328 1831"/></Shape>
	    <String CONTENT="d’eux en particulier. Dautant qu’il y auoit dan"
                    HPOS="327.0"
                    VPOS="1787.0"
                    WIDTH="1003.0"
                    HEIGHT="74.0"
                    WC="0.9924826064008347"></String>
          </TextLine>
          <TextLine ID="line_30"
                    TAGREFS="LT8"
                    BASELINE="330 1888 1328 1898" 
                    HPOS="328.0"
                    VPOS="1844.0"
                    WIDTH="1000.0"
                    HEIGHT="78.0">
            <Shape><Polygon POINTS="330 1888 328 1913 363 1914 365 1914 366 1914 367 1914 367 1913 380 1905 388 1911 389 1911 391 1911 392 1911 393 1911 418 1905 466 1913 467 1913 566 1906 588 1913 591 1914 592 1914 593 1914 605 1913 668 1908 687 1913 703 1918 704 1918 705 1918 707 1918 725 1913 744 1909 782 1913 829 1919 830 1921 902 1921 902 1919 903 1919 920 1913 930 1910 947 1913 976 1919 977 1919 978 1919 990 1913 994 1911 1024 1913 1115 1921 1116 1921 1117 1921 1146 1913 1150 1913 1160 1922 1161 1922 1163 1922 1164 1922 1165 1922 1194 1914 1327 1914 1328 1898 1327 1866 1254 1853 1252 1853 1251 1853 1224 1865 1221 1865 1138 1865 1137 1863 1113 1852 1112 1852 1111 1852 1109 1852 1081 1863 1080 1863 1078 1863 1054 1850 1052 1850 1051 1850 918 1861 916 1861 891 1849 890 1849 889 1849 887 1849 843 1861 839 1861 835 1861 777 1848 775 1848 645 1858 640 1858 618 1847 617 1847 536 1845 535 1845 534 1845 514 1853 453 1844 452 1844 399 1856 396 1856 330 1856 330 1888"/></Shape>
	    <String CONTENT="ger de la laiſſer en charge à vn ſeul, &amp; que l’v¬"
                    HPOS="328.0"
                    VPOS="1844.0"
                    WIDTH="1000.0"
                    HEIGHT="78.0"
                    WC="0.9859719359874726"></String>
          </TextLine>
          <TextLine ID="line_31"
                    TAGREFS="LT8"
                    BASELINE="324 1952 1330 1958" 
                    HPOS="324.0"
                    VPOS="1905.0"
                    WIDTH="1006.0"
                    HEIGHT="74.0">
            <Shape><Polygon POINTS="324 1952 324 1971 478 1966 488 1973 489 1974 491 1974 492 1974 493 1974 495 1974 500 1973 518 1966 525 1973 527 1974 527 1975 528 1975 530 1975 531 1975 545 1973 569 1967 661 1973 727 1976 729 1976 762 1973 804 1969 868 1974 929 1978 930 1979 1005 1979 1005 1978 1007 1978 1020 1974 1033 1970 1074 1974 1129 1979 1130 1979 1132 1979 1150 1974 1161 1971 1173 1974 1187 1978 1189 1978 1190 1978 1191 1978 1199 1974 1206 1971 1271 1971 1273 1974 1278 1979 1280 1979 1281 1979 1282 1979 1329 1974 1330 1958 1330 1918 1255 1910 1254 1910 1252 1910 1228 1918 1220 1919 1216 1918 1200 1910 1199 1910 1198 1910 1197 1910 1178 1918 1172 1919 1163 1918 1135 1911 1134 1911 1098 1918 1078 1921 1074 1918 1067 1911 1065 1911 1064 1911 1063 1911 1061 1911 1060 1911 1052 1918 1046 1922 943 1922 934 1918 911 1908 909 1908 908 1908 907 1908 885 1918 879 1919 616 1919 612 1918 569 1906 567 1906 566 1906 491 1914 479 1905 478 1905 477 1905 408 1905 406 1905 405 1905 404 1905 395 1913 378 1906 376 1906 375 1906 324 1917 324 1952"/></Shape>
	    <String CONTENT="nité d’icelle ne requiert nullement qu’elle ſoit"
                    HPOS="324.0"
                    VPOS="1905.0"
                    WIDTH="1006.0"
                    HEIGHT="74.0"
                    WC="0.993470088559754"></String>
          </TextLine>
          <TextLine ID="line_32"
                    TAGREFS="LT8"
                    BASELINE="324 2011 1327 2019" 
                    HPOS="323.0"
                    VPOS="1966.0"
                    WIDTH="1004.0"
                    HEIGHT="84.0">
            <Shape><Polygon POINTS="324 2011 323 2030 383 2040 384 2040 427 2032 521 2032 547 2045 548 2045 549 2045 551 2045 595 2034 599 2034 740 2034 749 2036 825 2048 826 2049 883 2049 883 2048 885 2048 920 2037 922 2037 925 2037 943 2047 944 2047 946 2047 947 2047 966 2039 973 2036 981 2039 1012 2049 1013 2049 1200 2050 1202 2050 1203 2050 1225 2043 1236 2039 1324 2043 1327 2019 1325 1987 1271 1975 1269 1975 1268 1975 1267 1975 1252 1986 1237 1973 1236 1973 1234 1973 1233 1973 1232 1973 1197 1986 1195 1986 1193 1986 1159 1978 1158 1978 1156 1978 1137 1983 1083 1971 1082 1971 1048 1973 1047 1973 1046 1973 1028 1984 1026 1984 943 1984 943 1983 902 1970 900 1970 899 1970 850 1976 826 1969 825 1969 824 1969 822 1969 791 1982 752 1969 751 1969 749 1969 748 1969 747 1969 725 1982 723 1983 682 1983 681 1982 669 1974 668 1974 666 1974 665 1974 664 1974 642 1982 584 1982 495 1982 493 1980 475 1966 474 1966 473 1966 347 1966 345 1966 344 1966 343 1966 324 1976 324 2011"/></Shape>
	    <String CONTENT="diuiſee en pieces, &amp; chaſcune aſsignee à vn"
                    HPOS="323.0"
                    VPOS="1966.0"
                    WIDTH="1004.0"
                    HEIGHT="84.0"
                    WC="0.9923287548802115"></String>
          </TextLine>
        </TextBlock>
        <TextBlock HPOS="1166.0"
                   VPOS="2041.0"
                   WIDTH="161.0"
                   HEIGHT="68.0"
                   ID="block_1"
                   TAGREFS="BT17">
          <Shape><Polygon POINTS="1326 2041 1327 2106 1168 2109 1167 2068 1166 2044"/></Shape>
          <TextLine ID="line_33"
                    TAGREFS="LT8"
                    BASELINE="1173 2078 1317 2075" 
                    HPOS="1172.0"
                    VPOS="2031.0"
                    WIDTH="145.0"
                    HEIGHT="84.0">
            <Shape><Polygon POINTS="1173 2078 1173 2115 1243 2115 1243 2114 1245 2114 1246 2114 1259 2105 1265 2101 1275 2104 1284 2106 1285 2106 1286 2106 1317 2099 1317 2075 1315 2040 1262 2031 1260 2031 1259 2031 1239 2041 1172 2041 1173 2078"/></Shape>
	    <String CONTENT="parti¬"
                    HPOS="1172.0"
                    VPOS="2031.0"
                    WIDTH="145.0"
                    HEIGHT="84.0"
                    WC="0.9996638496716818"></String>
          </TextLine>
        </TextBlock>
      </PrintSpace>
    </Page>
  </Layout>
</alto>
