1431 2343
187 162 153 72 2.Chron.

188.0 217.0 123.0 73.0 6.6, &

188.0 270.0 93.0 78.0 747.

358.0 98.0 71.0 84.0 28

355 171 1007 80 dit, Si tu gardes ma Loy, ie confermeray auec

351.0 243.0 1010.0 66.0 toy l’alliance que i’ay contractee auec Dauid.

350.0 300.0 1010.0 67.0 Or quant à ceſte alliance elle eſt inſeree au ſe¬

347.0 357.0 1012.0 68.0 cond liure des Chroniques, comme s’enſuit.

346.0 416.0 1014.0 72.0 Iamais ne ſera arraché de deuant ma face ſuc¬

343.0 475.0 1018.0 73.0 ceſſeur de ta lignee eſtant aſſis ſur le throne

348.0 538.0 1011.0 71.0 d’Iſrael, pourueu que tes fils gardent ma Loy

348.0 598.0 1012.0 65.0 en ſuiuant ton exemple. Mais s’ils ſeruent aux

350.0 656.0 1010.0 67.0 idoles, ie les chaſſeray de la terre, dont ie vous

351 708 1007 82 ay donné la poſſeſſion, &c. C’eſt pourquoy le

352.0 771.0 1002.0 77.0 liure de la Loy, retrouué du temps de Ioſias,

351.0 834.0 1004.0 71.0 eſt appellé le liure de l’alliance du Seigneur

350.0 895.0 1006.0 66.0 (lequel cõmande aux Sacrificateurs de le bail¬

353 952 1001 75 ler au Roy, ſuiuant quoy Samuel le met es

338.0 1016.0 1016.0 68.0 mains de Saul) & ſelon la teneur d’iceluy, Io¬

345.0 1073.0 1002.0 69.0 ſias ſe rend feudataire & vaſſal du Seigneur.

349 1132 1005 74 Auſſi la Loy qui eſtoit gardee en l’Arche eſt

346.0 1189.0 1006.0 68.0 appellee Paction du Seigneur auec les enfans

342.0 1252.0 1010.0 69.0 d’Iſrael. Finalement, le peuple deliuré de la

338.0 1314.0 1013.0 69.0 captiuité de Babylone renouuelle l’alliance a¬

338.0 1377.0 1012.0 63.0 uecDieu, & reconoit en tout ce chapitre auoir

338.0 1435.0 1012.0 68.0 merité tous les chaſtimens paſſez, pour auoir

337.0 1490.0 1011.0 73.0 fauſſé promeſſe à Dieu. Il appert donc que

339.0 1551.0 1011.0 65.0 les Rois iurent comme vaſſaux d’obſeruer la

338.0 1608.0 1009.0 73.0 Loy de Dieu, qu’ils confeſſent eſtre Seigneur

338.0 1675.0 1007.0 64.0 ſouuerain de tous. Or, ſuiuant ce que nous a¬

341.0 1732.0 1002.0 59.0 uons deſia touché, s’ils violent leur ſerment &

338.0 1788.0 1005.0 74.0 tranſgreſſent la Loy, nous diſons qu’ils per¬

343.0 1850.0 1002.0 68.0 dent le royaume, comme les vaſſaux perdent

342.0 1912.0 754.0 67.0 leur fief en commettant felonnie.

694.0 114.0 364.0 66.0 PREMIERE

183 663 153 114 ARoιzς

192.0 771.0 35.0 47.0 2.

184 805 154 65 Deut. 17.

183 863 60 53 18.

175 956 163 71 LSam40

188.0 1016.0 76.0 59.0 25.

175 1136 159 80 2.Chron¬

178.0 1202.0 99.0 60.0 6.11.

174.0 1293.0 141.0 80.0 Nehem.

178.0 1358.0 86.0 71.0 9.38.

404.0 1964.0 941.0 88.0 NOVS auons dit qu’il y auoit meſme al¬

1199.0 2025.0 147.0 81.0 liance
