1436 2338
354.0 89.0 104.0 74.0 174

359.0 158.0 1021.0 65.0 teſmoignage de ce que denauy cemdun eneneie

359.0 200.0 1026.0 87.0 folie de Charles. Sans produire d’autres teſmoi

361.0 263.0 1023.0 85.0 gnages exemples & raiſons à ce propos, en

361.0 320.0 1023.0 82.0 vertu de quoy le Roy pourroit-il donner ou

362.0 381.0 1022.0 81.0 vendre le Royaume ou vne partie d’iceluy, veu

366.0 442.0 1018.0 77.0 que tel bien conſiſte en peuple non point en

370.0 500.0 1007.0 79.0 murailles? Or on ne peut faire vente, troque,

369.0 558.0 1013.0 84.0 ni trafic de perſonnes libres: veu meſmes que

365.0 618.0 1013.0 82.0 les protecteurs ne peuuent contraindre leurs

188.0 679.0 162.0 67.0 verb. obl.

366 674 1015 87 afranchis de choiſirdomicile ailleurs que là où

372.0 733.0 1006.0 82.0 bon ſemblera à ces afranchis. Ce qui eſt dau¬

188.0 818.0 162.0 74.0 D. de cõt,

372.0 792.0 1007.0 88.0 tant plus receuable en ce fait, que les ſuiets ne

188.0 874.0 162.0 72.0 empt.l.pe

366 847 1013 92 ſont ni eſclaues, ni ſerfs afranchis, ains freres:

188.0 929.0 162.0 60.0 nult.C.de

366 909 1013 88 & nõ ſeulement freres du Roy vn par vn, mais

366.0 972.0 1013.0 85.0 auſsi que tous conſiderez en vn corps ſont &

369.0 1035.0 1011.0 80.0 doiuẽt eſtre appellez Seigneurs du Royaume.

189.0 533.0 165.0 69.0 L.liber he

189.0 594.0 161.0 60.0 mo. 103.

194.0 639.0 119.0 57.0 D. de

190.0 738.0 160.0 64.0 l ſi empto,

200.0 788.0 117.0 57.0 34.S.1.

188.0 976.0 154.0 79.0 vplibert.

637.0 83.0 434.0 63.0 TROISIESME

190.0 1126.0 178.0 68.0 Aſauoir ſi

193.0 1270.0 139.0 56.0 ctier du

191.0 1317.0 171.0 68.0 Royaume.

430.0 1104.0 947.0 76.0 MAIS ſi le Roy n’eſt point Seigneur pro¬

188.0 1169.0 133.0 72.0 le Roy

370 1153 1009 86 prietaire, aumoins on peut l’appeller vſufrui¬

190.0 1217.0 174.0 65.0 eſt vſufrui

381 1209 1000 80 ctier du Royaume & du Domaine. Ie di qu’il

371.0 1269.0 1006.0 81.0 n’en eſt point vſufruictier. Celuy qui a l’vſu¬

369.0 1332.0 1008.0 82.0 fruict d’vne choſe la peut engager. Or nous a¬

365.0 1424.0 1013.0 48.0 uons dit queles Roln peuuecaengaponla pu¬

363.0 1452.0 1014.0 72.0 trimoine du fiſque ou Domaine du Royaume.

363.0 1506.0 1014.0 85.0 L’vſufruictier peut donner de ſon fruict à qui,

361.0 1569.0 1017.0 79.0 comme & quand bon luy ſemble. Au cõtraire

361.0 1626.0 1013.0 78.0 les dons immenſes des Rois ſont eſtimez nuls,

363.0 1688.0 1015.0 75.0 on n’allouë pas ſes deſpenſes inutiles, on raye

363.0 1745.0 1015.0 83.0 les ſuperflues, & tient-on qu’il a raui tout ce

365.0 1806.0 1013.0 78.0 qu’il a employé ailleurs qu’au bien public. Et

361.0 1865.0 1015.0 80.0 n’eſt pas moins reſpõſable à la loy Giueia, que

361.0 1926.0 1017.0 95.0 le moindre des citoyẽs Romains ancienemẽt:

1306.0 1989.0 71.0 63.0 en
