1421 2338
103 126 1000 88 leur fait donc ſauoir que le Roy eſt eſleué en

99 194 1000 80 vn lieu merueilleuſement gliſſant, & veut que

93.0 255.0 1011.0 81.0 ils conſiderent que la puiſſance trop grande ſe

98.0 346.0 1002.0 46.0 conuerent alſcinent en viciece, et que le gou¬

97.0 379.0 1004.0 70.0 uernement royal deuient bien toſt tyranni¬

98.0 433.0 1003.0 80.0 que: veu que le Roy qu’il leur baillera, deſgai¬

96.0 494.0 1004.0 71.0 nera l’eſpee contre eux, abuſera de ſon autori¬

98.0 553.0 1004.0 75.0 té, & pour toutes loix n’aura que la violence:

97.0 613.0 1005.0 72.0 & puis qu’ils attirent ce mal ſur eux de leur

96.0 672.0 1006.0 70.0 franche volonté, qu’ils le ſentiront, mais trop

98.0 731.0 1011.0 75.0 tard, & lors qu’il n’y aura plus de remede. Brief

97.0 792.0 1010.0 73.0 ce texte ne deſcrit pas le droit des Rois, ains le

100.0 850.0 1007.0 76.0 droit que les Rois ont accouſtumé de s’attri¬

98.0 913.0 1011.0 71.0 buer: & non pas ce qu’ils doyuent faire pour

100.0 968.0 1009.0 76.0 biẽ s’acquitter de leur deuoir: mais ce qu’ils v¬

100.0 1031.0 1009.0 69.0 ſurpent ſouuentesfois en treſmeſchante con¬

101.0 1085.0 1010.0 74.0 ſcience. Ce que ie viẽ de dire ſe peut aiſément

102.0 1146.0 1007.0 77.0 verifier par le dixſeptieſme chapitre du Deute

101.0 1209.0 1005.0 62.0 ronome, où Dieu donne la Loy aux Rois. Sa¬

101.0 1269.0 1008.0 74.0 muel dit ici que le Roy tiendra ſes ſuiets com¬

101.0 1324.0 1008.0 69.0 me eſclaues: là Dieu defend au Roy d’eſleuer

101.0 1384.0 1009.0 73.0 ſon cœur par deſſus ſes freres, c’eſt à dire d’e¬

102.0 1443.0 1009.0 75.0 ſtre inſolent à l’endroit de ceux qu’il doit te¬

105.0 1505.0 1005.0 73.0 nir auſſi chers que ſon propre ſang. Il fera des

103.0 1566.0 1014.0 77.0 chariots, armera gens de cheual, s’emparera du

106.0 1628.0 1008.0 68.0 bien des particuliers, dit Samuel: au contraire

107.0 1684.0 1006.0 69.0 en Deuteronome il eſt exhorté de ne faire a¬

107.0 1748.0 1007.0 66.0 mas de cheuaux, de n’amaſſer or ni argent, ni

107.0 1802.0 1007.0 76.0 de remener le peuple en Egypte, c’eſt à dire

109.0 1863.0 1008.0 65.0 en ſeruitude. En Samuel nous voyons depaint

107.0 1915.0 1006.0 95.0 au vif ce mal-heureux Achab, qui ſe ſaiſit meſ¬

382.0 75.0 380.0 67.0 QVESTION.

1035.0 66.0 64.0 76.0 181

824.0 1987.0 135.0 82.0 M.iij.
