1402 2338
175 140 164 78 Otto Fri¬

175.0 200.0 168.0 76.0 ſing.Chrõ

179.0 259.0 160.0 56.0 lib. 5.c.7

181.0 305.0 132.0 62.0 Aimoi.

177 348 164 61 liu. 4.c.I.

177.0 399.0 117.0 68.0 Greg.

177 450 146 64 Tur.lib.

179.0 492.0 160.0 65.0 4.c.51.lib.

181.0 542.0 155.0 67.0 5.c.39. lib.

180.0 600.0 116.0 65.0 8.4.49.

335.0 81.0 104.0 67.0 208

362 136 991 80 opprime ſa patrie & la republique Romaine:

366 207 991 72 que Popiel s’efforce par trahiſons & meurtres

357.0 268.0 1000.0 67.0 execrables rendre hereditaire vn Royaume de

352 319 1003 70 Pologne electif: que quelque Brunechilde tire

350.0 379.0 1003.0 73.0 à ſoy & à ſon Protade tout le gouuernement

352 438 1001 74 de France: ou qu’Ebroin faiſant ſon profit de

356.0 503.0 997.0 72.0 la beſtiſe de Theodoric, mette la main entie¬

350.0 559.0 1001.0 82.0 rement aux afaires, & opprime le peuple: quel¬

341.0 658.0 2.0 21.0 I

350 617 1003 72 le reſolution prendrons-nous là deſſus ſelõ le

344.0 684.0 1007.0 62.0 droit? Premierement le droit naturel nous

339.0 736.0 1008.0 74.0 enſeigne &commande de maintenir & garder

339.0 794.0 1008.0 82.0 noſtre vie & liberté, ſans laquelle la vie n’eſt

339.0 865.0 1008.0 72.0 pas vie, contre toute iniure & violence. Natu¬

339.0 915.0 1006.0 78.0 re à empraint ceſte affection aux chiens con¬

339.0 978.0 1006.0 74.0 tre les loups, aux taureaux contre les lions,

339.0 1036.0 1004.0 74.0 aux pigeons contre les eſperuiers, aux poulets

339.0 1096.0 1004.0 78.0 contre les milans, & encores dauantage à l’hõ

337.0 1167.0 1002.0 64.0 me contre l’homme meſmes, s’il deuient loup.

337.0 1219.0 1004.0 76.0 Et pourtant celuy qui diſpute s’il faut ſe de¬

335.0 1278.0 1002.0 66.0 fendre ou non, abolit nature entant qu’en luy

335.0 1332.0 998.0 74.0 eſt. A cela faut conioindre le droit des Gens,

323.0 1389.0 1010.0 83.0 lequel diſtingue les poſſeſſions & ſeigneuries,

323.0 1457.0 1014.0 76.0 plante les bornes, marque les confins, leſquels

323.0 1511.0 1014.0 74.0 chaſcun eſt tenu de defendre contre tout hõ¬

323.0 1572.0 1014.0 76.0 me qui les veut enuahir. Pourtant ſera-il autãt

323.0 1630.0 1010.0 78.0 loiſible de reſiſter à Alexandre le Grãd, ſi ſans

323.0 1689.0 1008.0 76.0 aucun droit, & n’eſtant offenſé de perſonne il

323.0 1747.0 1010.0 74.0 aſſaut quelque nation auec vne puiſſante flot¬

323.0 1806.0 1010.0 81.0 te, qu’à Diomedes le courſaire qui eſcumeroit

323.0 1876.0 1006.0 72.0 la mer dedans vn brigantin: car ce que deſſus

323.0 1926.0 1006.0 100.0 preſupoſe, Alexandre n’eſt pas meilleur que

647.0 89.0 434.0 56.0 TROISTESME

1129.0 1989.0 198.0 77.0 Diome¬
