1440 2338
64 146 1017 82 ner l’arche de l’Alliãce. Et pource qu’ils repre¬

62 213 1020 74 ſentẽt tout le peuple, il eſt dit en l’hiſtoire que

63 271 1018 75 tout le peuple s’aſſembla. Ce ſont les meſmes

63 331 1018 72 officiers qui garẽtiſſent de mort Ionathan, cõ¬

64 389 1019 78 damné par ſentẽce du Roy, dõt il appert qu’il

68 453 1017 71 y auoit appel du Roy au peuple. Apres que le

64 507 1017 74 Royaume fut diuiſé par l’orgueil de Roboam,

66 567 1017 73 le conſeil de Ieruſalem cõpoſé de Septante vn

67 627 1014 73 anciens, ſemble auoir telle autorité qu’il pou¬

67 691 1014 70 uoit iuger le Roy, cõme le Roy pouuoit iuger

68 742 1007 72 vn chaſcun d’eux. En ce cõſeil preſidoit le Duc

68 800 1007 76 ou chef de la maiſon de Iuda, c’eſt à dire quel¬

71 866 1001 74 que perſonnage notable choiſi de la lignee de

68 921 1007 80 Iuda, comme en la ville de Ieruſalem y auoit

72 984 900 73 vn gouuerneur de la lignee de Beniamin.

378 105 390 53 QVES ITON.

1009 84 76 79 111

131 1049 950 69 TOVT cela ſe conoiſtra encores mieux par

71 1105 1012 67 exẽples. Ieremie enuoyé de Dieu pour annon¬

71 1162 1016 71 cer aux Iuifs la ruine de Ieruſalẽ, à cauſe de cela

72 1223 1015 74 eſt condamné, premierement par les Sacrifica

71 1282 1014 72 teurs & Prophetes, c’eſt à dire par iugemẽt Ec¬

72 1365 1013 50 clenaſtique: en apres par tout le peuple de la

74 1398 1008 77 ville, c’eſt à dire par les iuges ordinaires de Ieru

74 1459 999 74 ſalẽ, qui eſtoyent les Milleniers & Cẽteniers.

75 1520 1008 72 Finalement la cauſe ayant eſté conue par les

75 1580 1011 70 Princes de Iuda, aſauoir par les Septãte vn an¬

75 1637 1016 74 ciens aſſemblez & aſſis pres la porte neufue du

77 1697 1014 73 tẽple, il eſt abſous. En ceſte meſme aſſemblee

76 1759 1016 69 & audience lon condamne en termes expres le

76 1815 1014 76 fait du Roy Iehoiakim qui quelque temps au¬

80 1876 1009 73 parauant auoit fait tuer le Prophete Vrie, le¬

83 1935 1008 80 quel prediſoit auſſi la ruine de Ieruſalem. Nous

1085 734 162 88 2.Chron.

1085 810 84 51 19.1.

1087 835 138 84 Nehem.

1086 901 79 60 11.9.

1091 1432 164 65 Ierem.26.

1095 1496 79 56 9,17.
