1392 2343
152 347 168 43 lin. Ir. u.

148 374 172 61 la Cité de

150 421 172 74 Dieu, cha.

153.0 488.0 69.0 56.0 22.

326.0 97.0 88.0 63.0 226

322.0 150.0 1007.0 88.0 deſcharger le peuple des impoſts & ſurchar¬

324.0 203.0 1007.0 93.0 ges non neceſſaires, & quoy que les Eſtats l’en

330 306 1003 51 pilalenenacueicuamaaaepaje faiitte

152 287 1181 60 S.August. prianene nocnorgueime, de appaje lar lecu¬

330 331 1003 73 ſeil de ſes mignons, menace de faire encores

336 380 999 94 pis à l’auenir. Nul ne doute que ſuiuant la te¬

328 446 1008 81 neur de l’alliance premierement traitee entre

325.0 503.0 1012.0 84.0 le Roy & le peuple, les principaux du Royau¬

326.0 564.0 1011.0 84.0 me n’euſſent l’autorité de reprimer vn tel or¬

326.0 622.0 1008.0 86.0 gueil. Ils s’oublierent dõc grandemẽt en cela,

329.0 682.0 1008.0 85.0 qu’ils firent par reuolte & diuiſion ce qui ſe

325.0 739.0 1011.0 86.0 deuoit faire en l’aſſemblee des Eſtats: item, de

325.0 799.0 1008.0 86.0 ce qu’ils trãſporterẽt le ſceptre de la lignee de

325.0 860.0 1007.0 85.0 Iuda (à qui Dieu auoit attribué le Royaume)

322.0 921.0 1010.0 83.0 à vne autre lignee: en apres, comme cela eſt a¬

322.0 984.0 1014.0 75.0 uenu en d’autres faits, pource qu’ils manierent

322.0 1037.0 1012.0 87.0 & pourſuiuirent treſmal vne cauſe iuſte & le¬

321.0 1098.0 1016.0 85.0 gitime. On lit beaucoup de tels exemples és

322.0 1163.0 1011.0 80.0 hiſtoires des autres Royaumes & gouuerne¬

324.0 1222.0 323.0 84.0 mens publics.

621.0 95.0 438.0 57.0 TROISIESME

151.0 1334.0 74.0 71.0 li.1.

150.0 1265.0 172.0 103.0 rit. Liu.

387 1288 944 76 BRVTVS chef de la gendarmerie & Lucre¬

324.0 1335.0 1012.0 89.0 tius gouuerneur de la ville de Rome, aſſemblẽt

324.0 1399.0 1009.0 84.0 le peuple contre Tarquinius Superbus, & par

322.0 1455.0 1012.0 84.0 l’autorité du peuple chaſſent ce Roy du thro¬

320.0 1509.0 1013.0 88.0 ne Royal. Qui plus eſt, ſes biẽs ſont cõfiſquez:

319.0 1569.0 1015.0 86.0 dont il appert aſſez que ſi Tarquinius euſt eſté

315.0 1667.0 1017.0 48.0 laiſtau corpos pour certumlareurt ene pumare¬

313.0 1689.0 1019.0 83.0 Ion les loix publiques. Les cauſes de ceſte de¬

315.0 1750.0 1018.0 85.0 poſitiõ ſont, que Tarquinius aboliſſoit la cou¬

312.0 1813.0 1026.0 74.0 ſtunie par laquelle le Roy demandoit auis au

312.0 1865.0 1021.0 84.0 Senat, qu’il faiſoit la guerre & la paix à ſa fan¬

311.0 1925.0 1019.0 83.0 taiſie, qu’il traitoit alliances ſans en demander

311.0 1987.0 1017.0 89.0 conſeil ni conſentement au peuple ni au Se¬

1194.0 2051.0 115.0 81.0 nat,
