1436 2338
157 128 938 90 MAIS le Roy eſt-il pas ſeigneur proprie¬

95.0 198.0 1000.0 72.0 taire du Domaine public? Il nous faut traiter

96.0 275.0 983.0 58.0 ce poinct vn peu plus exactement que le pre.

93.0 317.0 1002.0 66.0 cedent. En premier lieu, notons qu’autre eſt le

95.0 374.0 1000.0 76.0 Domaine du fiſque, autre le Domaine du Prin

96.0 440.0 1009.0 71.0 ce: autre, di-ie, le reuenu de l’Emper eur, du

96.0 501.0 1008.0 67.0 Roy, du Prince, autre le reuenu d’Antonin, de

93.0 559.0 1009.0 73.0 Hẽri, de Philippe. Le reuenu du Roy eſt celuy

97.0 619.0 1006.0 70.0 qu’il poſſede en qualité de Roy: le reuenu de

96.0 681.0 1004.0 63.0 Antonin eſt celuy que poſſede en vertu de ce

94.0 740.0 1008.0 67.0 nom ſien, ayant receu de ceux deſquels il eſt

90.0 793.0 1012.0 77.0 iſſu, l’vn, & du peuple, l’autre. Ceſte diſtinction

93.0 858.0 1005.0 66.0 ſe rencontre ſouuent és liures du droit ciuil,

93.0 918.0 1007.0 69.0 où nous voyons la difference miſe entre le pa¬

94.0 978.0 1002.0 67.0 trimoine de l’Empire & de l’Empereur, entre

89.0 1028.0 1000.0 78.0 le threſor public & celuy de l’Empereur: &

95.0 1091.0 994.0 74.0 que l’vn & l’autre ont leurs procureurs à part:

94.0 1156.0 991.0 68.0 qu’autres ſont les adminiſtrateurs des diſtri¬

93.0 1218.0 993.0 66.0 butions ſacrees & publiques, autres ceux qui

93.0 1270.0 996.0 76.0 manient les particulieres & priuees: tellement

93.0 1328.0 996.0 82.0 que celuy qui en qualité d’Empereur ſera pre¬

95.0 1387.0 994.0 76.0 feré en hypothecque à vn particulier, quelque

92.0 1452.0 987.0 71.0 fois pourra eſtre poſtpoſé en qualité d’Anto

89.0 1506.0 1000.0 74.0 nin. Semblablement en l’Empire d’Alemagne;

89.0 1566.0 1000.0 74.0 autre eſt le reuenu deMaximilian d’Auſtriche,

93.0 1631.0 1007.0 67.0 & autre le reuenu de l’Empereur Maximilian:

92.0 1685.0 1012.0 73.0 autres ſont les threſoriers de l’Empire, autres

94.0 1747.0 1009.0 71.0 ceux de l’Empereur: comme auſſi il y a diffe¬

94.0 1808.0 1015.0 74.0 rence entre les ſeigneuries que les Princes poſ

93.0 1866.0 1010.0 71.0 ſedent des maiſons de leurs anceſtres & celles

97 1926 1002 79 qui ſont annexees aux dignitez Electorales.

434.0 85.0 372.0 57.0 QVESTION.

1026.0 85.0 76.0 59.0 161

1108 132 160 72 Aſauoir ſi

1108.0 200.0 160.0 53.0 le Roy eſt

1108.0 241.0 158.0 68.0 proprietai

1110.0 300.0 156.0 60.0 re du Roy¬

1108 340 96 84 aume.

1102 1026 141 78 L.bene à

1102 1083 164 70 Zenone.C.

1102.0 1137.0 145.0 61.0 de quad.

1102.0 1192.0 158.0 62.0 præſc.l.v¬

1102.0 1243.0 135.0 54.0 nus. de

1104 1285 98 69 queſt.

1102 1324 160 72 Mag. lib.

1102 1379 162 64 12.C. l.fi¬

1100.0 1424.0 168.0 66.0 ſcus. D. de

1102.0 1474.0 150.0 74.0 iure fiſci.

853.0 1991.0 94.0 74.0 L.j.
