1436 2338
325 83 60 88 30

332 140 1014 84 qui faiſoyent la plus grande part du royaume

332 205 1019 76 quittent Roboam pour adherer à Ieroboam

331 263 1019 78 ſeruiteur d’iceluy. Pourquoy cela? dautant, dit

331.0 323.0 1012.0 77.0 le Seigneur, qu’ils ſe ſont deſtournez de moy

332.0 415.0 1013.0 43.0 poul alict apits Mitaroen lieu nendiuomelia

332.0 442.0 1011.0 76.0 & Chamos Dieu des Moabites, &c. ie mettray

332.0 498.0 1016.0 78.0 auſsi en pieces leur royaume. Comme s’il di¬

332.0 559.0 1019.0 78.0 ſoit, Ils ont violé l’alliance & n’ont pas tenu

335.0 619.0 1008.0 78.0 promeſſe: ie ne ſuis donc plus obligé à eux.

333.0 680.0 1012.0 75.0 Ils ve ulent amoindrir ma Maieſté: & i’amoin¬

332.0 739.0 1016.0 76.0 driray leur royaume. Encor qu’ils ſoyent mes

333.0 800.0 1013.0 74.0 ſeruiteurs, neantmoins ils me veulent chaſſer

336.0 861.0 1010.0 74.0 de mon royaume: mais ie les en chaſſeray eux¬

336.0 918.0 1011.0 76.0 meſmes par Ieroboam qui eſt leur ſeruiteur.

336.0 978.0 1012.0 80.0 Depuis, pource que ce ſeruiteur, craignant que

337.0 1036.0 1009.0 77.0 les dix lignees ne retournaſſent en Ieruſalem

337.0 1092.0 1009.0 79.0 à cauſe de la religion, dreſſa les veaux en Be¬

337.0 1154.0 1009.0 72.0 thel, & donna occaſion à Iſrael de pecher, de¬

337.0 1213.0 1011.0 81.0 ſtournant ainſsi le peuple loin de Dieu: quelle

336.0 1274.0 1011.0 80.0 fut la punition d’vn vaſſal ſi ingrat enuers ſon

335.0 1332.0 1011.0 74.0 Seigneur, & d’vn ſi malheureux traiſtre? Pre¬

333.0 1396.0 1013.0 71.0 mierement ſon fils mourut, & en fin toute ſa

333.0 1450.0 1010.0 80.0 race iuſques au dernier maſle fut raclee du mõ

336.0 1513.0 1011.0 78.0 de par le glaiue de Baaſa, ſuiuant la ſentence

339.0 1576.0 1004.0 73.0 que luy en prononça le Prophete, pource que

336.0 1632.0 1009.0 73.0 il s’eſtoit reuolté de l’obeiſſance du Seigneur

336.0 1688.0 1011.0 75.0 Dieu. C’eſt donc la cauſe ſuffiſante, propoſee

335.0 1745.0 1011.0 77.0 ſouuentesfois auſsi, pour laquelle Dieu oſte au

337.0 1806.0 1000.0 81.0 roy ſon fief, quãd il s’oppoſe à la Loy de Dieu,

337.0 1867.0 1006.0 72.0 & ſe deſtourne d’iceluy pour ſuiure ſes enne¬

336.0 1926.0 1007.0 76.0 mis, aſauoir les idoles. Et comme meſmes cri¬

337.0 1993.0 1008.0 78.0 mes meritent meſmes ſupplices, nous liſons és

670 75 377 70 PRE MIERE
