1469 2343
93 160 1038 76 general & conſiderez en vn corps: dont s’en¬

93 230 1038 69 ſuit qu’ils ſont tenus d’attendre le commande¬

93 287 1038 72 ment de tous, c’eſt à dire de ceux qui repreſen¬

93 350 1033 71 tent tout le corps du peuple en vn Royaume,

100 419 1034 60 prouince où ville, ou pour le moins de l’vn de

93 471 1037 67 ceux-là, auant que rien entreprẽdre contre le

93 521 1030 74 Prince. Car tout ainſi qu’vn pupille ne peut

95 581 1014 78 intenter action ſans l’autorité de ſon tuteur

97 640 1022 80 encores que le pupille ſoit vrayemẽt ſeigneur,

97 702 1026 75 & que le ſeigneur ne ſoit tenu pour tel ſinon à

100 764 1030 74 raiſon de ſa charge: au cas ſemblable le peuple

100 826 1030 68 ne peut rien entreprendre ſinon ſous l’autori¬

101 879 1030 76 té de ceux auſquels il a baillé ſa puiſſance & au

101 943 1029 72 torité, ſoyent magiſtrats ordinaires ou extra¬

101 997 1022 76 ordinairement creez en l’aſſemblee des Eſtats,

102 1060 1031 77 auſquels il a ceint l’eſpee pour ceſt effect, s’eſt

101 1118 1028 76 liuré à eux comme à ſes tuteurs & curateurs,

105 1171 1026 84 eſtablis en tel degré que le Preteur à Rome

108 1240 1023 74 lequel appointoit les differens entre les ſerfs

110 1300 1026 73 & les maiſtres, afin que ſi quelque debat ſur¬

109 1358 1034 77 uient entre le Roy, & les ſuiets, ceux-là ſoyent

111 1417 1032 77 iuges & conſeruateurs du droit, de peur que

111 1478 1031 72 les ſuiets ne s’auancent iuſques là d’eſtre iuges

110 1538 1030 74 en leur propre cauſe. Et pourtãt, s’ils ſont gre¬

111 1595 1024 78 uez de tributs & d’impoſts deſraiſonnables,

114 1658 1025 73 ſi on les traite tout autrement qu’on n’a pro¬

113 1716 1027 77 mis, & nul des magiſtrats ne s’y oppoſe, ils

114 1778 1026 74 doyuent demeurer cois & penſer que ſouuen¬

117 1836 1021 76 tesfois les plus ſages medecins pour preuenir

115 1896 1027 73 ou guerir vne forte maladie, commandent la

115 1948 1021 104 ſaignee, vne purgation, ou quelque ſcarifica¬

371 109 406 62 QVESTION.

1049 113 70 64 237

1133 507 164 86 L.8.1.3.

1136 581 165 49 D. de au¬

1134 628 2 55 Eto.& cos.

1133 671 166 82 tut. &cur.

1140 1161 153 78 Senec lib.

1144 1224 155 74 I. de bene,
