1426 2338
79.0 150.0 1019.0 83.0 malice du ſecond n’a couleur quelcõque. Vous

80.0 216.0 1019.0 74.0 direz, ie crain qu’en ſecourant l’vn ie ne face

81.0 276.0 1016.0 73.0 tort à l’autre: & ie vous reſpon que vous voulez

80.0 331.0 1015.0 75.0 couurir voſtre laſcheté du manteau de iuſtice:

83.0 392.0 1012.0 75.0 & ſi vous mettez la main ſur la cõſcience, vous

83.0 453.0 1015.0 74.0 cõfeſſerez que ceſt toute autre choſe que iuſti¬

83.0 514.0 1011.0 71.0 ce qui vous deſtourne de voſtre deuoir. Car,

84.0 572.0 1014.0 68.0 comme le meſme Ciceron dit en vn autre en¬

85.0 633.0 1017.0 69.0 droit, ou tu ne veux pas te rẽdre ennemi, ou te

85.0 689.0 1019.0 76.0 trauailler, ou faire quelque deſpenſe: ou bien

85.0 749.0 1019.0 74.0 la nonchalance, la ſtupidité, ou tes eſtudes &

87.0 813.0 1016.0 71.0 occupations te detienent tellement que tu es

88.0 867.0 1013.0 72.0 content de laiſſer là ceux que tu deuois cõſer¬

89.0 927.0 1009.0 74.0 uer. Or en diſãt que tu te meſles de tes afaires,

89.0 989.0 1014.0 72.0 craignant de faire tort à autruy, tu tombes en

90.0 1048.0 1009.0 65.0 vne autre ſorte d’iniuſtice: car tu abandonnes

89.0 1106.0 1015.0 75.0 la ſocieté humaine, tu n’y apportes rien de ton

90.0 1170.0 1014.0 69.0 eſprit, de ton corps, ni de tes biens. Vous oyez

90.0 1224.0 1016.0 74.0 l’auis des Philoſophes Payẽs & Politiques, qui

92.0 1285.0 1010.0 73.0 ont beaucoup pl9 ſainctemẽt parlé en ceſt en¬

92.0 1345.0 1011.0 72.0 droit que pluſieurs Chreſtiens de noſtre tẽps.

407.0 101.0 365.0 58.0 QVESTION.

1029 95 75 78 259

148.0 1404.0 953.0 71.0 DE là eſt venu que les loix Romaines con¬

90.0 1461.0 1016.0 79.0 damnent le voiſin qui ne garãtit point le ſerf

90.0 1526.0 1013.0 69.0 eſtant outrageuſement traité de ſon maiſtre.

92.0 1583.0 1010.0 75.0 Entre les Egyptiens, ſi quelqu’vn euſt veu en

89.0 1642.0 1003.0 76.0 paſſant vn autre aſſailli & offenſé par des bri¬

1111 1650 137 70 Diodore

93.0 1698.0 1003.0 80.0 gands, & ne luy dõnoit ſecours ſelon ſon pou¬

1111 1700 129 74 Sicilien

89.0 1753.0 1005.0 78.0 uoir, il eſtoit coulpable de mort: & le moins

1115.0 1763.0 133.0 56.0 au 2.liu¬

93.0 1834.0 1001.0 59.0 qu’il deuoit faire eſtoit de deferer les aggreſ¬

90.0 1883.0 1012.0 69.0 ſeurs au Magiſtrat. S’il n’en tenoit conte, il re¬

92.0 1941.0 1003.0 81.0 ceuoit vn certain nõbre de coups ſur ſõ corps,

1117.0 1810.0 119.0 79.0 chap.2.

864.0 2002.0 108.0 72.0 R.ij.
