1464 2338
384.0 284.0 918.0 90.0 QVESTIONS EXPLIQVEES

589.0 367.0 482.0 70.0 EN CE TRAITE'.

319.0 471.0 1031.0 83.0 I. Aſauoir ſi les ſuiets ſont tenus & doyuent

374.0 536.0 973.0 82.0 obeir aux Princes, s’ils commandent quel¬

372.0 609.0 771.0 63.0 que choſe contre la Loy de Dieu.

315.0 679.0 1033.0 84.0 II. S’il eſt loiſible de reſiſter à vn Prince qui

367.0 749.0 977.0 70.0 veut enfraindre la Loy de Dieu, ou qui rui¬

366.0 805.0 977.0 79.0 ne l’Egliſe. Item à qui, comment, & iuſques

365.0 880.0 450.0 55.0 où cela eit loiſible.

302.0 952.0 1035.0 74.0 III. S’il eſt loiſible de reſiſter à vn Prince qui

363.0 1017.0 974.0 75.0 opprime ou ruine vn eſtat public, & iuſques

362.0 1075.0 975.0 71.0 où ceſte reſiſtance s’eſtẽd. Item à qui, com¬

359.0 1133.0 845.0 74.0 ment, & de quel droit cela eſt permis.

303.0 1226.0 1028.0 67.0 IIII. Si les Princes voiſins peuuent ou ſont

354.0 1282.0 978.0 70.0 tenus de droit dõner ſecours aux ſuiets des

354.0 1339.0 977.0 78.0 autres Princes, affligez à cauſe de la vraye

355.0 1405.0 971.0 75.0 Religion, ou opprimez par tyrannie ma¬

353.0 1458.0 180.0 74.0 nifeſte.
