1426 2338
341 116 68 61 94

335.0 155.0 1009.0 78.0 tion extraordinaire. Or nous eſtimons auoir

335.0 219.0 1005.0 78.0 ſuffiſamment confermé tout ce que deſſus par

335.0 277.0 798.0 82.0 teſmoignages de l’Eſcriture ſaincte.

349 459 971 96 TROISIESME QVE.

717 561 260 83 STION,

345.0 628.0 990.0 85.0 ASAVOIR S’IL EST LOI¬

363.0 705.0 947.0 80.0 ſible de reſiſter à vn Prince qui opprime

419.0 763.0 845.0 79.0 ou ruine vn Eſtat public, & iuſques où

451.0 827.0 768.0 73.0 ceſte reſiſtance s’eſtend. Item à qui,

544.0 887.0 583.0 71.0 comment, & de quel droit

656.0 950.0 346.0 70.0 cela eſt permis.

629.0 101.0 431.0 58.0 TROISIESME

345 1075 60 131 I

436.0 1061.0 894.0 78.0 OVRCE qu’il nous faut ici diſputer de

433.0 1116.0 897.0 82.0 la legitime autorité du Prince, ie tien

335.0 1178.0 997.0 84.0 pour certain que ceſte queſtion ne face mal

332.0 1243.0 999.0 72.0 au cœur des tyrans & mauuais Princes. Car ce

331.0 1302.0 996.0 76.0 n’eſt de merueilles ſi ceux qui penſent que

331.0 1376.0 997.0 61.0 tout ce qu’ils veulent leur ſoit permis, ne peu¬

328.0 1419.0 1000.0 77.0 uent en ſorte que ce ſoit donner audience à

327.0 1478.0 998.0 79.0 raiſon ni à loy quelconque. Mais i’eſpere que

328.0 1544.0 1009.0 67.0 les bons Princes auront ce diſcours pour a¬

330.0 1600.0 993.0 79.0 greable, veu qu’ils ſauent que tout Magiſtrat,

326.0 1659.0 998.0 73.0 tant haut eſleué puiſſe-il eſtre n’eſt autre cho¬

323.0 1717.0 1001.0 79.0 ſe qu’vne loy animee & parlante. Et ſi lon

324.0 1783.0 999.0 73.0 gratte la rongne aux mauuais, les bons ne s’en

323.0 1837.0 999.0 77.0 tourmenteront pas, veu que l’eſtrille ne les

319.0 1893.0 999.0 86.0 touche point. Les tyrans & les Rois ſont dire¬

1112.0 1954.0 207.0 80.0 ctement
