1412 2338
329.0 89.0 98.0 64.0 204

329 149 1021 83 modus & les autres, c’eſt afin de luy arracher

331.0 215.0 1026.0 79.0 les boyaux bien toſt, & les luy faire manger: au

329.0 280.0 1024.0 71.0 contraire, ſi le Roy ouure par fois la veine, s’il

328.0 333.0 1025.0 76.0 en fait ſortir le ſang c’eſt pour le bien du peu¬

329.0 396.0 1025.0 72.0 ple, non pas pour viure diſſolumẽt & à ſa fan¬

326.0 452.0 1027.0 75.0 taiſie. Et pourtant comme l’Eſcriture ſaincte

323.0 514.0 1025.0 74.0 compare l’vn au berger, auſſi dit-elle que l’au¬

329 568 1018 82 tre reſſemble au lion rugiſſant, auquel neant¬

323.0 632.0 1024.0 73.0 moins le renard eſt ſouuẽtesfois acouplé. Car

322.0 691.0 1025.0 75.0 le tyran eſt coulpable en effect de la plus grãde

323.0 752.0 1021.0 72.0 iniuſtice que lon ſauroit penſer, ce dit Cicerõ:

323.0 810.0 1022.0 71.0 & toutesfois il ſe manie de telle ſorte que lors

326.0 870.0 1015.0 70.0 qu’il trompe le plus meſchamment c’eſt à ce¬

320.0 927.0 1019.0 75.0 ſte heure-là qu’il ſemble eſtre homme de biẽ.

320.0 991.0 1021.0 71.0 Pourtant fait-il le religieux & deuotieux, arti¬

319.0 1046.0 1021.0 77.0 fice le plus ſubtil de tous ceux que les tyrans

323.0 1098.0 1012.0 84.0 ſauroyent pratiquer, dit Ariſtote. Il compoſe

323.0 1165.0 1012.0 79.0 ainſi ſa contenance, afin que le peuple craigne

323 1221 1010 80 de rien machiner contre celuy qu’il penſe eſtre

309.0 1285.0 1021.0 74.0 aimé de Dieu, auquel il ſemble porter ſi gran¬

309.0 1348.0 1027.0 67.0 de reuerence. Il feint auſſi d’eſtre extrememẽt

306.0 1405.0 1026.0 73.0 affectionné au bien public: mais ce n’eſt pas

303.0 1465.0 1021.0 72.0 tant pour deſir qu’il ait au profit de ſes ſuiets,

306.0 1527.0 1022.0 69.0 que de crainte qu’il a qu’eux ne luy courent

306.0 1582.0 1018.0 74.0 ſus. Outreplus il affecte fort d’eſtre eſtimé

305.0 1644.0 1021.0 73.0 iuſte & loyal en quelques afaires, mais de pe¬

307.0 1706.0 1019.0 70.0 tite importance, pour pouuoir tromper & fai¬

306.0 1765.0 1017.0 72.0 re outrage plus aiſément en choſes grandes:ne

311.0 1824.0 1008.0 68.0 plus ne moins que les brigands viuent de ma¬

307.0 1878.0 1014.0 75.0 lefices & forfaits, qui ne ſauroyent ſubſiſter

309 1943 1012 84 ſans auoir entre eux quelque petite parcelle

156 553 161 99 Pro. 18.5.

659.0 95.0 446.0 66.0 TROISIESME

144 1063 168 96 Aes. lia

145.0 1146.0 160.0 61.0 des Polit.

145.0 1196.0 132.0 83.0 chap.HI.

1249.0 2004.0 69.0 71.0 de
