1421 2338
329 113 56 62 92

324 164 1016 74 Ieſus Chriſt que leurs freres qui ont eſté exe¬

328 226 1011 75 cutez à mort pour la Religion. Qui plus eſt,

329.0 289.0 1014.0 70.0 ceux qui meurent en guerre ſemblent auoir

329.0 348.0 1015.0 68.0 cela de plus, que de leur franche volonté & ſa¬

331.0 416.0 1012.0 60.0 chans aſſez en quel hazard ils ſe vont mettre,

332.0 471.0 1012.0 66.0 neantmoins s’expoſent courageuſement aux

332.0 527.0 1011.0 69.0 coups, au lieu que les autres ſe ſont ſimple¬

329.0 588.0 1016.0 66.0 ment offerts à la mort qu’il leur conuenoit

331.0 641.0 1012.0 74.0 ſouffrir. Les Turcs s’efforcent d’auancer leur

331.0 706.0 1012.0 69.0 opinion par le moyen des armes: & s’ils ſubiu¬

333.0 763.0 1012.0 73.0 guent vn pays, ils y introduiſent par force les

329.0 826.0 1015.0 68.0 impietez de Mahumet, lequel en ſon Alcoran

331.0 883.0 1012.0 70.0 a ſi fort recommandé les armes, qu’il n’a pas

329.0 942.0 1012.0 71.0 honte de dire que c’eſt le droit chemin de pa¬

331.0 1006.0 1014.0 68.0 radis, encores que les Turcs ne contraignent

333.0 1059.0 1010.0 76.0 perſonne. Mais celuy eſt beaucoup plus grand

328.0 1119.0 1012.0 75.0 aduerſaire de Chriſt & de la vraye Religion,

331.0 1183.0 1009.0 69.0 auec tous les Rois qu’il a enchantez, qui oppo

329.0 1240.0 1011.0 69.0 ſent le feu à la lumiere de l’Euãgile, les tortu¬

331.0 1298.0 1010.0 74.0 res à la parole de Dieu, les armees equippees

329.0 1361.0 1010.0 71.0 au glaiue de l’Eſprit, contraignans par gehen¬

329.0 1422.0 1011.0 67.0 nes & ſupplices, entant qu’en eux eſt, toutes

329.0 1482.0 1011.0 64.0 perſonnes d’eſtre idolatres: & qui au reſte

322.0 1537.0 1017.0 71.0 n’ont point de honte de maintenir & auancer

324.0 1598.0 1013.0 73.0 leur foy par perfidie, & leurs traditions par

323.0 1658.0 1013.0 66.0 continuelles trahiſons. Au contraire, les bons

323.0 1718.0 1012.0 69.0 Princes & Magiſtrats ſe defendent, qui enui¬

320.0 1778.0 1015.0 63.0 ronnent & muniſſent de tout leur pouuoir la

323.0 1840.0 1012.0 68.0 vigne de Chriſt, ia plantee, ou à planter és

322.0 1893.0 1013.0 72.0 lieux où elle n’a encores eſté, de peur que les

323.0 1954.0 1012.0 93.0 ſangliers n’y facent quelque rauage: ils font

653.0 101.0 318.0 70.0 SECONDE

1202.0 2018.0 129.0 74.0 cela,
