1421 2338
74 146 1023 74 fut maintenue en ſon autorité, aux deſpens &

76 213 1020 72 à la ruine d’vne lignee entiere, qui l’auoit en¬

75 271 1019 75 frainte en l’vn de ſes articles. Quant à la pre¬

74 335 1019 68 miere nous en auons vn exemple tout mani¬

72 387 1011 76 feſte en Ioſué. Apres que les Rubenites, Ga¬

76 452 1009 70 dites, & Manaſſeens, ſe furent retirez en leurs

74 511 1011 67 demeures deça le Iordain, ils dreſſerent incon

74 570 1013 71 tinent vn riche autel en Galiloth pres du fleu¬

75 632 1012 69 ue. Cela ſembloit contreuenir au mandement

75 689 1010 72 du Seigneur, qui defendoit de ſacrifier ailleurs

76 753 1008 70 qu’au pays de Chanaan: & pourtant lon pou¬

76 813 1012 58 uoit craindre que ceux-là ne vouluſſent ſeruir

74 870 1010 70 aux idoles. L’afaire ayant eſté communiquee

75 928 1006 74 au peuple habitant delà le Iordain, on aſsi¬

76 987 1009 72 gne les eſtats en Silo, où eſtoit l’Arche du Sei

77 1050 1008 68 gneur. Tous s’y treuuent, & le Sacrificateur

74 1106 1010 73 Phinees fils de Eleazar eſt enuoyé vers les au¬

75 1170 1012 69 tres, pour traiter auec eux touchant ce peché

75 1228 1013 66 commis contre la Loy. Et afin qu’ils ſceuſſent

76 1285 1007 76 que tout le public beſongnoit en cela, lon en¬

75 1349 1014 71 uoya des principaux de chaſque lignee pour ſe

76 1409 1011 70 plaindre que le ſeruice de Dieu eſtoit corrom¬

77 1466 1010 73 pu par tel artifice: que Dieu ſeroit irrité de tel¬

75 1526 1013 67 le rebellion & ſeroit ennemi non ſeulement

74 1583 1011 76 aux coulpables, ains à tout Iſrael auſsi, comme

76 1649 1011 68 auparauant en Beelphegor: brief que guerre

75 1706 1008 66 ouuerte leur eſtoit denoncee, s’ils ne ſe depor

75 1763 1013 71 toyent de telle ſaçon de faire. Il s’en fuſt auſsi

76 1827 1012 71 enſuiui beaucoup de mal ſi ces lignees deça le

74 1880 1013 77 Iordain n’euſſent proteſté d’auoir dreſſé l’au¬

76 1947 1008 74 tel pour vn memorial ſeulement, que les Iſrae¬

387 103 385 56 QVESEEGR.

1025 97 58 68 49

1093 389 144 107 Ioſuére.

849 1998 103 86 D.j.
