1455 2343
332.0 101.0 86.0 63.0 130

621.0 96.0 445.0 58.0 TROISTESME

338.0 177.0 1024.0 49.0 ſtrans ce qui eitoit vtiie & doilageable. Par

341.0 210.0 1024.0 80.0 leur prudence ils donnoyent ordre que leurs

341.0 270.0 1021.0 76.0 ſuiets n’auoyent faute de rien. Leur vaillance

341.0 329.0 1022.0 78.0 repouſſoit les dangers, & par bienfaits ils en¬

342.0 386.0 1016.0 78.0 richiſſoyent & agrandiſſoyent leurs ſuiets.

342.0 446.0 1021.0 78.0 Leur deuoir giſoit à bien gouuerner & non

345.0 505.0 1016.0 80.0 pas à faire leurs monſtres. Il n’y auoit perſon¬

343.0 563.0 1019.0 78.0 ne qui ne conuſt eſtre impoſsible de leur faire

343.0 626.0 1018.0 75.0 teſte, veu que d’eux chaſcun receuoit tout ſon

345.0 685.0 1016.0 80.0 pouuoir & moyen, &c. Ainſi donc eſtre Empe

343.0 744.0 1019.0 74.0 reur & Roy n’eſt autre choſe que donner con

345.0 799.0 1021.0 83.0 ſeil: le ſeul but de la domination c’eſt le profit

346.0 861.0 1012.0 77.0 du peuple. Les Empereurs & Rois n’ont qu’v¬

345.0 920.0 1013.0 69.0 ne choſe à faire, c’eſt de procurer le bien du

347.0 981.0 1012.0 82.0 peuple. La dignité Royale, à proprement par¬

346.0 1040.0 1013.0 78.0 ler, n’eſt point vn titre d’honneur, ains eſt vn

345.0 1099.0 1011.0 76.0 fardeau peſant: ce n’eſt point vne deſcharge,

347.0 1162.0 1011.0 73.0 vacation, ni licence, ains vne charge, vocation

343.0 1217.0 1010.0 78.0 & ſeruitude publique, laquelle on honnore,

347.0 1280.0 1009.0 75.0 pource qu’en ces premiers temps-là, & durant

343.0 1338.0 1011.0 67.0 ce ſiecle d’or, perſonne n’euſt voulu gouſter

343.0 1392.0 1011.0 78.0 de telles faſcheries, ſi elles n’euſſent eſté aſſai¬

343.0 1455.0 1011.0 75.0 ſonnees de quelque honneur. Tellement qu’il

345.0 1515.0 1008.0 76.0 n’y a riẽ plus vray que ce que ſouloit dire quel¬

347.0 1571.0 1007.0 78.0 qu’vn alors, Si chaſcun ſauoit de quelles diffi¬

345.0 1633.0 1011.0 76.0 cultez eſt enueloppé le bandeau Royal, on ne

347.0 1693.0 1007.0 75.0 daigneroit pas le recueillir, encores qu’on le

347.0 1758.0 348.0 74.0 viſt à ſes pieds.

403.0 1808.0 947.0 74.0 A v reſte, lors que ces mots, MIEN &

351.0 1869.0 1001.0 74.0 TIEN entrerent au monde, que differens ſur¬

343.0 1927.0 1003.0 94.0 uindrent entre les citoyens touchant la pro¬

1204.0 1986.0 146.0 84.0 prieté
