1469 2338
340 179 1025 50 poumnonun d Dieumunto eilaue done qu¬

336 216 1032 74 nous ſoyons tenus d’obeir à vn Roy comman

336 274 1027 75 dant quelque choſe contre la Loy de Dieu,

336 336 1030 70 qu’aucontraire en luy obeiſſant nous ſommes

330 394 1035 76 rebelles à Dieu:ne plus ne moins que nous ap¬

330 455 1036 74 pellerions rebelle vn payſan, qui pour l’a mour

328 513 1037 75 de quelque riche & vieil vaſſal porteroit les ar

327 576 1038 69 mes contre le Prince ſouuerain: ou qui aime¬

328 635 1035 68 roit mieux obeir aux lettres d’vn iuge infe¬

328 693 1035 73 rieur que d’vn ſuperieur, aux commandemens

331 749 1031 74 d’vn lieutenant de prouince que du Prince,

331 807 1032 76 brief à la voix d’vn officier qu’à l’ordonnance.

330 871 1032 70 expreſſe du Roy meſme. Faiſant cela nous en¬

158 926 1200 79 Mich.ς. courons la malediction du Prophete Michee,

332 991 1029 71 qui deteſte & maudit au nom de Dieu tous

328 1052 1030 71 ceux qui obeiſſent aux meſchantes ordon¬

328 1104 396 67 nances des Rois.

360 95 61 51 38

692 89 370 65 PREMIERE

158 1001 66 79 16.

384 1167 974 72 PAR la Loy de Dieu nous entendons les

325 1224 1027 72 deux tables baillees à Moyſe, dans leſquelles,

323 1289 1032 70 comme en bornes immuables, l’autorité de

325 1348 1029 71 tous Princes doit demeurer encloſe. La pre¬

325 1410 1028 70 miete comprend ce que nous deuons à Dieu:

323 1469 1030 67 la ſeconde, ce que nous deuons à nos pro¬

322 1524 1032 67 chains: brief elles contienent Pieté & Iuſtice

319 1587 1033 72 coniointe à Charité, à quoy la predication de

315 1645 1035 76 l’Euangile ne deroge point, ains au contraire

314 1704 1035 72 l’autoriſe & conferme. La premiere table eſt

313 1763 1035 74 eſtimee la principale tant en ordre qu’en di¬

314 1824 1031 72 gnité. Si le Prince commande que lon coupe

310 1885 1035 73 la gorge à quelque innocent, que lon pille, que

310 1945 1034 91 lon face extorſion, il n’y a homme, pourueu

1266 2010 69 82 u’il
