1460 2343
78.0 164.0 1019.0 74.0 gneux iuſques au bout: que nul n’eſtime vn a¬

75.0 229.0 1028.0 69.0 faire luy eſtre recommandé, encores qu’il ait

76.0 287.0 1024.0 65.0 eſté commis & recommandé à tous. Mais non¬

78.0 347.0 1022.0 72.0 obſtant tout cela, vne telle preſcription & pre¬

75.0 406.0 1021.0 73.0 uarication ne preiudicie nullement au peuple.

78.0 465.0 1022.0 75.0 On dit en commun langage, qu’il n’y a point

76.0 527.0 1021.0 67.0 de preſcription contre le fiſque, moins encor

76.0 581.0 1019.0 76.0 cõtre tout le peuple qui eſt par deſſus le Roy,

78.0 644.0 1018.0 70.0 & en faueur duquel le fiſque a ce priuilege. Car

78.0 704.0 1019.0 62.0 autrement, pourquoy le Prince eſt-il ſeulemẽt

76.0 765.0 1021.0 70.0 adminiſtrateur, & le peuple vray proprietaire

78.0 825.0 1010.0 67.0 du fiſque? comme nous le prouuerõs ci apres.

78.0 881.0 1014.0 73.0 Dauantage, eſt-ce pas vne choſe reſolue, que

79.0 947.0 1013.0 66.0 par violence & ſeruitude, tant longue puiſſe¬

75.0 1000.0 1017.0 71.0 elle auoir eſté, lon ne ſauroit obtenir preſcri¬

80.0 1063.0 525.0 66.0 ption contre la liberté?

382.0 114.0 383.0 52.0 QVES IYON.

1000.0 108.0 74.0 66.0 125

156.0 1119.0 940.0 72.0 SI lon obiecte, que les Rois ont eſté in¬

79.0 1183.0 1013.0 73.0 throniſez par le peuple qui viuoit il y a cinq ou

78.0 1239.0 1016.0 71.0 ſix cens ans, & non par celuy qui eſt auiour¬

82.0 1302.0 1009.0 71.0 d’huy: ie reſpõ que le peuple ne meurt iamais,

79.0 1361.0 1004.0 68.0 encores que les Rois s’en aillent hors du mon¬

78.0 1421.0 1014.0 66.0 de les vns apres les autres. Gar comme le cours

1106 1438 133 55 nebatur.

78.0 1472.0 1014.0 74.0 continuel de l’eau donne au fleuue vne duree

1108.0 1474.0 156.0 64.0 76. D. de

85.0 1541.0 999.0 69.0 perpetuelle: auſſi la reuolution de naiſſance &

84.0 1602.0 994.0 69.0 de mort rend le peuple immortel. Et pour¬

80.0 1653.0 1012.0 69.0 tant, comme nous auons auiourd’huy le meſ¬

1110.0 1677.0 156.0 56.0 vlt. de ſo¬

80.0 1712.0 1012.0 78.0 me Rhin, Seine & Tybre, que nous auions il y

1110.0 1726.0 156.0 56.0 lut. L.in¬

80.0 1774.0 1012.0 69.0 a mil ans: auſſi eſt-ce touſiours vn meſme peu¬

1112.0 1767.0 156.0 68.0 ter ſtipul.

85.0 1836.0 1006.0 73.0 ple celuy d’Alemagne, de Frãce, d’Italie, ſi d’a¬

84.0 1891.0 1008.0 82.0 uanture quelques peuplades ne ſe ſont meſlees

1116.0 1913.0 132.0 62.0 de verb.

85.0 1954.0 1007.0 90.0 parmi:& ne peut le cours du temps, ni le chan¬

1116.0 1964.0 82.0 95.0 obli

1102.0 1394.0 160.0 52.0 L. propo¬

1106.0 1528.0 156.0 67.0 iudicijs.L.

1110.0 1581.0 113.0 59.0 qui res

1108.0 1626.0 154.0 60.0 ſuas.98.5.

1112.0 1819.0 146.0 61.0 83. 5.Sa¬

1104.0 1874.0 148.0 55.0 cram.D.
