1421 2338
392.0 158.0 970.0 61.0 LES principautez qui ne ſont ſi hautes ont

346.0 203.0 1015.0 74.0 eſté eſtablies ſur meſme droit. On lit encores

345.0 266.0 1014.0 73.0 auiourd’huy les conuẽtions expreſſes des Bra¬

348.0 328.0 1011.0 73.0 bançons & autres peuples du pays bas, de ceux

348.0 385.0 1008.0 63.0 d’Auſtriche, de Carinthie & d’autres auec

349.0 444.0 1007.0 65.0 leurs Princes, leſquelles ſont toutes cõdition¬

181.0 504.0 165.0 72.0 Voyez les

354 498 998 78 nelles. Mais les Brabançõs ſpecialement, pour

354.0 559.0 998.0 72.0 ne laiſſer occaſion de diſpute, ont exprimé v¬

354.0 619.0 998.0 76.0 ne telle cõdition: c’eſt qu’en receuãt leur Duc,

354.0 679.0 998.0 76.0 on lit en ſa preſence les anciens articles qui

345.0 744.0 1007.0 71.0 comprenent ce qui eſt requis pour le biẽ pu¬

345.0 801.0 1008.0 74.0 blic, & eſt adiouſté que ſi luy ne les obſerue

344.0 865.0 1010.0 70.0 de poinct en poinct, eux pourront eſlire tel

340.0 923.0 1012.0 70.0 autre Seigneur que bõ leur ſemblera, ce qu’ils

336.0 981.0 1013.0 71.0 luy declairent en face & en termes treſex¬

336.0 1044.0 1009.0 71.0 pres. Luy, ayant auoué & accepté ces articles,

332.0 1104.0 1017.0 68.0 iure ſolennellement & promet deuant tous

336.0 1161.0 1009.0 69.0 qu’il les entretiendra. Cela fut obſerué en la

329.0 1219.0 1019.0 74.0 reception de Philippe Roy d’Eſpagne, ce dit

331.0 1280.0 1010.0 70.0 Louys Guichardin en ſa deſcription des pays

332.0 1340.0 1012.0 71.0 bas. Somme, perſonne ne ſauroit nier qu’il n’y

332.0 1401.0 1014.0 60.0 ait contract mutuellement obligatoire entre

332.0 1456.0 1011.0 75.0 le Roy & les ſuiets: dont la ſubſtance eſt que

331.0 1515.0 1010.0 77.0 le peuple obeiſſe fidelement au Prince qui cõ

329.0 1579.0 1014.0 67.0 mandera comme il faut: & le ſerment eſt pre¬

328.0 1635.0 1013.0 76.0 ſté premierement par le Prince, puis cõfermé

332.0 1700.0 309.0 74.0 par le peuple.

359.0 88.0 89.0 74.0 192

183.0 558.0 165.0 62.0 articles de

184.0 606.0 162.0 61.0 la Ioyeuſe

187.0 666.0 116.0 80.0 entree.

701.0 87.0 429.0 63.0 TROISIESME

387.0 1763.0 948.0 62.0 IE demande là deſſus, pourquoy quelqu’vn

326.0 1819.0 1014.0 65.0 iure, ſinon pour monſtrer qu’il parle de cœur

326.0 1875.0 1013.0 70.0 & d’affection? Sauroit-on trouuer choſe plus

328.0 1935.0 1009.0 91.0 ſelõ nature que d’obſeruer ce que lõ a aprou¬

1246.0 1997.0 91.0 70.0 ué?
