1450 2343
97 173 1011 76 lez Reges par les Latins, pource qu’ils regiſ¬

95 226 1018 75 ſoyent ou gouuernoyent les limites ou bor¬

95 288 1021 77 nes du public ou des particuliers. Les noms de

95 343 1020 80 Empereurs, Ducs, Princes, qui ſe rapportent à

95 404 1016 78 la conduite de la guerre & aux combats és pre

93 459 1016 85 miers: item ce qu’en ont dit les Grecs qui les

95 520 1014 78 ont nommez Baſiles, Archa, Hegemones, c’eſt à

95 577 1016 82 dire, apuis du peuple, chefs, conducteurs. Les

96 640 1015 78 Alemans & autres peuples vſent de noms ſi¬

97 701 1020 77 gniſians & qui monſtrent qu’eſtre Roy &

96 758 1021 78 Prince n’eſt pas faire monſtre auec grande ma

99 818 1024 80 gnificence, ains c’eſt vne charge treſgrande &

97 879 1023 77 continuelle. Mais en ſomme, quand le poete

97 933 1019 79 Homere appelle les Rois Iuges des villes, & en

99 991 1012 84 deſcriuant Agamemnon, il le nomme ſage,

97 1050 1022 84 fort, & vaillant: comme auſsi Ouide dit d’E¬

97 1107 1022 89 richtheus, qu’on n’euſt ſçeu dire laquelle des

105 1169 1014 86 deux vertus reluiſoit dauantage en luy, ou la

101 1233 1020 80 iuſtice ou la promeſſe: en quoy ces deux poe¬

104 1295 1019 76 tes ſemblent auoir exactement comprins le

105 1358 620 72 deuoir des Rois & Princes.

422 117 384 50 QV Es MnOR.

1043 107 59 62 133

165 1413 960 77 VOILA quant aux Rois des nations pro¬

106 1468 1018 80 fanes, à l’exemple deſquelles les Iuifs ont de¬

101 1522 1028 90 mandé & eſtabli des Rois. La Roine de Saba

105 1591 1016 73 dit auſsi à Salomon que Dieu l’a inſtitué Roy,

110 1649 1007 80 pour faire iuſtice & iugement. Et Salomon

108 1710 1018 77 meſme parlant à Dieu, Seigneur, dit-il, tu

108 1772 1020 73 m’as eſleu pour regner ſur ton peuple, & pour

108 1847 1020 54 iuger tes fils & tes filles. Pour ceſte cauſe auſsi,

110 1887 1020 77 les bons Rois, comme Dauid, Ioſaphat & au¬

110 1951 1023 80 tres, ne pouuans vaquer en propre perſonne à

1129 921 141 61 Au I. li¬

1123 964 161 69 ure de l’I¬

1131 1019 90 60 liade.

1131 1062 139 60 Au 6.li¬

1129 1107 141 66 ure de la

1131 1163 145 65 Metamor

1128 1211 97 82 phoſe.

1137 1509 139 82 2.Chron.

1137 1569 58 69 9.8.

1135 1626 150 76 Sapien.9

1139 1692 39 57 7.

867 2016 104 71 I.iij.
