1440 2338
341 127 67 61 12

330 201 1030 50 à eux? Nous confeſſons francnemet & deuanc

330 240 1026 76 tout le monde que nous ſommes Chreſtiens,

331 301 1025 78 & declarons ne vouloir auoir aucune acoin¬

328 362 1030 73 tance auec ceux qui refuſeront ces armes, com

330 419 1026 78 me gens indignes de viure, & d’habiter auec

328 480 1028 79 les autres hõmes. Or, pource qu’ils n’ont que

330 539 1022 68 le tort de leur coſté, & ne ſauroyent rien re¬

331 600 1020 79 pliquer qui vaille contre ce qui leur eſt oppo¬

328 661 1026 70 ſé maintenant: peut eſtre qu’ils diront que ces

334 714 1022 82 Queſtiõs ſont ſeditieuſes, que les principes d’i

330 776 1025 76 celles ſont faux, & pour toute raiſon voudrõt

334 836 1018 79 plaider à coups d’eſpee. Mais au contraire, puis

327 896 1019 76 que ces principes ſont veritables, pourquoy

334 958 1017 70 taxéront-ils de ſedition ces Queſtions? pour¬

337 1018 1012 70 quoy arment-ils les ſatellites des Princes con¬

335 1072 1017 80 tre ceux qui les maintienent? Eſt-ce raiſon

335 1133 1014 82 que le Prince ignore ce qui eſt veritable? prin¬

334 1193 1015 78 cipalement en fait de conſequence & qui at¬

331 1252 1018 75 touche ſa perſonne & tout l’eſtat? Mais voire¬

326 1310 1021 79 ment les Tyrans, (que ces Machiauelliſtes for¬

327 1732 1012 76 & ſage Prince enſeigné & inſtruit par ces

332 1795 280 70 Queſtions.

682 109 344 78 PREFACE.

328 1374 1017 74 ment & enſeignent ſi diligemment) qui com¬

328 1430 1017 78 paſſent toutes choſes ſelon leur ſeule fantai¬

327 1489 1016 80 ſie, ſans auoir aucun eſgard à l’vtilité publi¬

330 1553 1016 74 que, peuuent eſtim rque la verité n’engendre

330 1613 1016 72 que ſedition: au contraire la verité ſera tenue

331 1670 1012 75 pour vne treſexcellente vertu par le Chreſtien

171 1837 140 105 1111.

356 1856 980 65 MAIS, comme vous ſauez, Meſſeigneurs,

324 1908 1013 74 que les principes & arreſts de ces Queſtions

324 1965 1012 84 ſont treſiuſtes: auſſi tãt de vos illuſtres depor¬

1150 2032 186 74 temens,
