1412 2338
329.0 94.0 89.0 77.0 254

326 141 998 86 Ioſeph (c’eſt à dire le troupeau du Seigneur)

324.0 207.0 1007.0 80.0 froiſſé, fourragé, & haraſſé de toutes parts &

322.0 283.0 1008.0 65.0 n’ont compaſsionquelconque de ſon afflictiõ.

324.0 324.0 1007.0 77.0 Pour ceſte cauſe, dit le Seigneur des armees, ie

324.0 383.0 1006.0 82.0 hay l’orgueil de la maiſon de Iacob, ie deteſte

326.0 446.0 1002.0 76.0 ſes palais magnifiques. I’ay iuré par mon ame,

327.0 505.0 1004.0 78.0 que ie liureray la ville & l’entour d’icelle: &

326.0 565.0 1005.0 72.0 ceux qui ſe veautrẽt ainſi en leurs delices, mar

324.0 622.0 1008.0 80.0 cheront les premiers en captiuité. De meſme

324.0 681.0 1008.0 84.0 impieté ſont entachez les Ephraimites, qui au

323.0 737.0 1008.0 86.0 lieu de gratifier & louër Gedeon & Iephté des

333 791 995 93 victoires obtenues ſur les Madianites & Am¬

335.0 855.0 995.0 84.0 monites deſquels ils triomphoyent, portent

335.0 915.0 995.0 82.0 enuie à ceux qu’ils auoyent abandonné au be¬

335.0 974.0 998.0 89.0 ſoin. Autant en faut-il dire des Iſraelites, qui

335.0 1030.0 998.0 86.0 voyans Dauid demeuré Roy paiſible, diſent

335.0 1093.0 995.0 81.0 tout haut, nous ſommes ta chair & tes os, &

335.0 1153.0 993.0 93.0 quelques annees apres le voyans en afaires,

335 1213 998 90 crient, nous n’auons point de part en Dauid,

335.0 1270.0 1000.0 89.0 ni d’heritage au fils d’Iſai. Mettons auſſi en ce

324.0 1337.0 1010.0 80.0 rang tous les Chreſtiens de nom qui veulent

324.0 1395.0 1010.0 81.0 bien communiquer à la table de l’Egliſe, & re¬

324.0 1454.0 1008.0 81.0 fuſent boire en la coupe d’afflictiõ auec leurs

323.0 1514.0 1011.0 82.0 freres: cerchent ſalut en l’Egliſe & ne ſe ſou¬

323.0 1575.0 1008.0 81.0 cient nullement de la conſeruation & proſpe¬

323.0 1634.0 1011.0 77.0 rité d’icelle ni de ſes membres: brief adorent

324.0 1691.0 1007.0 84.0 vn meſme Dieu & Pere, recognoiſſent & s’a¬

323.0 1749.0 1011.0 86.0 uouënt d’vne meſme famille, font profeſſion

323.0 1814.0 1008.0 79.0 d’eſtre vn meſme corps en Ieſus Chriſt, & tou¬

324.0 1871.0 1008.0 81.0 toutesfois ne donnent ſecours ni ſoulagemẽt

328 1927 1003 101 quelconque à leur Sauueur affligé & neceſſi¬

643.0 91.0 460.0 62.0 QVATRIESME

159 796 160 106 14g.8.0

164.0 880.0 86.0 68.0 12..

161.0 1145.0 136.0 60.0 2. Sam.

162.0 1206.0 80.0 56.0 5.2.

159 1249 138 55 2. Sam.

159.0 1296.0 104.0 70.0 20.1.

1214.0 1997.0 121.0 66.0 teux
