1426 2338
83.0 167.0 987.0 76.0 ſuit que celuy qui charge le peuple aux deſpẽs

83.0 218.0 984.0 76.0 du peuple, qui ſe veut enrichir au dommage

79.0 281.0 993.0 76.0 du public & tue ſes ſuiets de leur propre cou¬

77.0 339.0 994.0 76.0 ſteau, n’eſt pas Roy. Au contraire le vray Roy

79.0 400.0 996.0 71.0 eſt procureur des afaires & adminiſtrateur des

77.0 461.0 999.0 72.0 richeſſes du public, non point Seigneur pro¬

80.0 516.0 998.0 77.0 prietaire d’icelles, & ayant auſsi peu d’autorité

80.0 575.0 997.0 77.0 d’aliener ou diſsiper le Domaine que le Roy¬

79.0 640.0 1001.0 71.0 aume meſmes. S’il ſe gouuerne autrement, puis

81.0 694.0 1001.0 84.0 qu’il importe à la Republique que chaſcun ſe

79.0 755.0 1003.0 78.0 aide comme il faut de ce qui eſt ſien, à plus for

79.0 815.0 1003.0 77.0 te raiſon eſt-il requis pour le bien public que

79.0 878.0 1002.0 70.0 celuy qui le manie s’y comporte comme il

77.0 933.0 1003.0 76.0 faut. Et pourtant ſi vn prodigue eſt mis par

77.0 994.0 1003.0 74.0 autorité de iuſtice entre les mains de ſes pa¬

79.0 1057.0 1002.0 71.0 rens & amis, & contraint de laiſſer manier ſes

77.0 1111.0 1004.0 78.0 afaires par autruy: à plus forte raiſon, ceux qui

81.0 1176.0 996.0 73.0 y ont intereſt, & qui ont charge de ce faire,

80.0 1233.0 1001.0 78.0 peuuent oſter toute adminiſtration au gou¬

79.0 1294.0 997.0 72.0 uerneur de l’Eſtat qui meſnage mal ou rẽuer¬

76.0 1349.0 1002.0 78.0 ſe entierement les choſes, ſi apres auoir eſté a¬

77.0 1413.0 709.0 72.0 uerti il ne ſe range à ſon deuoir.

401.0 103.0 373.0 66.0 QVESTION.

998.0 93.0 78.0 70.0 169

130.0 1474.0 944.0 65.0 Er quãt à ce que nous auõs dit qu’ẽ toutes

76.0 1530.0 1001.0 74.0 legitimes dominations, le Roy n’eſt point ſei¬

79.0 1592.0 1002.0 73.0 gneur proprietaire du Domaine, cela eſt aiſé à

77.0 1657.0 1003.0 66.0 prouuer. Sans recercher les vieux temps, deſ¬

81.0 1719.0 999.0 63.0 quels nous auons le pourtrait en la perſonne

77.0 1770.0 1000.0 70.0 d’Ephron Roy des Hethiens, qui n’oſe pas ven

72.0 1833.0 1000.0 70.0 dre vn champ à Abraham, ſans la volonté du

74.0 1884.0 998.0 74.0 peuple. Ce droit eſt auiourd’huy pratiqué en

76.0 1948.0 995.0 82.0 tous Eſtats publics. Auant que l’Empereur de

1086 1796 144 123 Geneſas
