1440 2338
81 140 1019 74 violenté les Officiers du Royaume, penſe que

81 206 1018 70 tout ce qui luy plait luy ſoit loiſible & permis

76.0 268.0 1024.0 69.0 de droit. Le tẽps ne retranche riẽ des droits du

77.0 351.0 1023.0 47.0 peuple, mais lagraue lesoutrages duRoy. MMais

79.0 383.0 1020.0 70.0 que ſera-ce, ſi meſmes les Officiers de la cou¬

75.0 442.0 1024.0 67.0 ronne ſe ſont entẽdus auec le Prince? ſi trahiſ¬

72.0 502.0 1026.0 65.0 ſãs la cauſe ils ont eux-meſmes mis la main ſur

75.0 562.0 1023.0 74.0 le collet du peuple, l’ont lié & garrotté, & mis

74.0 620.0 1020.0 72.0 en la puiſſance du tyran? S’enſuiura-il par telle

75.0 681.0 1019.0 71.0 preuaricatiõ & trahiſon, que l’autorité du peu

76.0 736.0 1015.0 73.0 ple ſoit deuolue au Roy? Cela oſte-il quelque

71.0 796.0 1019.0 76.0 poinct de liberté au peuple, ou rẽd-il plus grã¬

71.0 857.0 1021.0 71.0 de la licence du Roy? Que le peuple s’en prene

72.0 918.0 1019.0 67.0 à ſoy-meſmes, direz vous, qui s’eſt fié à la deſ¬

72.0 975.0 1019.0 71.0 loyale loyauté de telles gẽs. Mais ie reſpõ, que

72.0 1037.0 1020.0 69.0 ces Officiers ſont les protecteurs qui doyuent

70.0 1097.0 1020.0 65.0 tenir la main à ce que le ſalut & la liberté du

74.0 1159.0 1013.0 65.0 peuple demeurẽt en leur entier. Et pourtãt, ne

74.0 1219.0 1016.0 63.0 plus ni moins que ſi vn Auocat auoit accordé

70.0 1275.0 1020.0 70.0 moyẽnant certaine ſomme d’argẽt, de vẽdre à

72.0 1335.0 1019.0 70.0 partie aduerſe le droit de celuy pour qui il plai

70.0 1395.0 1022.0 66.0 de, ne pourroit toutesfois pour cela rẽuerſer iu

67.0 1453.0 1023.0 69.0 ſtice, ni d’vne cauſe mauuaiſe en ſoy en faire v¬

70.0 1515.0 1021.0 65.0 ne bõne, encores qu’il y donnaſt quelque cou¬

70.0 1570.0 1019.0 73.0 leur: auſſi ceſte cõſpiratiõ des grãds, faite pour

71.0 1634.0 1021.0 66.0 ruiner les petis ne peut riẽ retrãcher des droits

71.0 1691.0 1021.0 71.0 du peuple. Cepẽdãt, tels grãds encourẽt la puni

71.0 1752.0 1020.0 67.0 tiõ q̃ la loy decerne cõtre les preuaricateurs: &

72.0 1811.0 1020.0 71.0 quãt au peuple, la loy luy permet de choiſir vn

68.0 1870.0 1027.0 67.0 autre auocat, & de nouueau pourſuiure ſõ droit

70.0 1924.0 1022.0 100.0 cõme ſi la choſe eſtoit en ſon entier. Car ſi le

428.0 83.0 376.0 65.0 QVESTION.

1017.0 90.0 79.0 72.0 127
