1450 2338
313.0 93.0 65.0 66.0 152

619.0 97.0 452.0 54.0 TROISIESME

313.0 151.0 1038.0 78.0 Si lon execute à mort le coulpable, par ce

313.0 216.0 1039.0 71.0 moyen pluſieurs innocens ſont garantis de la

310.0 275.0 1042.0 73.0 mort: Si on le laiſſe viure, dautant que ceſte

309.0 332.0 1040.0 75.0 impunité rend & luy & d’autres (qui eſperent

307.0 393.0 1041.0 74.0 obtenir la meſme grace) plus audacieux à com¬

309.0 453.0 1037.0 73.0 mettre tout le mal qui leur vient en penſee,

306.0 513.0 1040.0 70.0 lon eſt coulpable de la mort de tous les inno¬

304.0 574.0 1042.0 71.0 cens, leſquels on tue par les mains de tels meur

302.0 632.0 1042.0 73.0 triers. Ily a donc de la douceur au ſupplice de

302.0 693.0 1042.0 69.0 mort de quelques vns: & de la cruauté en la

304.0 753.0 1039.0 70.0 grace que lon fait à d’autres. Par ainſi, comme

298.0 804.0 1040.0 80.0 quelquesfois il eſt permis au Roy d’interpre¬

296.0 863.0 1042.0 83.0 ter certains mots de la Loy, de laquelle il eſt

296.0 925.0 1040.0 70.0 conſeruateur: auſsi en tous Royaumes bien

290.0 978.0 1045.0 83.0 dreſſez il eſt enioint au Conſeil d’Eſtat, & ſon

292.0 1040.0 1041.0 84.0 deuoir le porte, d’examiner l’interpretation

292.0 1100.0 1039.0 82.0 du Roy, & reigler la clemence & ſeuerité d’i¬

288.0 1159.0 1043.0 80.0 celuy. Si par la corruption des hommes il eſt

288.0 1230.0 1043.0 67.0 auenu que ces choſes ne ſont obſeruees reelle¬

284.0 1280.0 1043.0 77.0 ment & de fait: ſi eſt-ce que le droit demeure

286.0 1338.0 1041.0 78.0 touſiours en ſon entier, & ne reſte ſinon de le

286.0 1398.0 283.0 71.0 faire valoir.

341.0 1463.0 981.0 73.0 POVR n’ennuyer le lecteur en luy entaſ¬

283.0 1524.0 1039.0 71.0 ſant beaucoup d’exemples ſur vn fait ſi bien ve

281.0 1583.0 1039.0 74.0 rifié, cela a eſté ainſi pratiqué au Royaume de

280.0 1645.0 1037.0 69.0 France. Car nous auons veu ſouuentesfois e¬

279.0 1705.0 1037.0 67.0 xecuter à mort ceux à qui le Roy auoit donné

278.0 1762.0 1035.0 73.0 lettres de remiſsion, & abſoudre ceux qu’il

275.0 1822.0 1035.0 70.0 commandoit eſtre mis à mort. Par fois auſsi

272.0 1896.0 1036.0 60.0 des crimes perpetrez en preſence du Roy meſ¬

271.0 1943.0 1028.0 87.0 me, ſont demeurez impunis, pource qu’il n’y

1167.0 2012.0 134.0 80.0 auoit
