1392 2338
59 164 1010 82 ceremonies requiſes: on peut recueillir de là,

61 228 1015 79 que ce Royaume d’Iſrael eſtoit hereditaire, ſi

59 288 1014 78 lon conſidere Dauid, mais qu’il eſt du tout e¬

59 345 1019 81 lectif, ſi on regarde les perſonnes. Or à quel

62 405 1010 83 propos tout cela, s’il conſtoit de l’election,

62 466 1018 78 comme c’eſt choſe tout euidente, ſinon à ce

64 524 1014 78 que les Rois ſe ſouuenans d’auoir eſté eſleuez

66 583 1015 79 en leur dignité par le peuple, ſe ſouuinſſent

64 646 1013 74 tout le temps de leur vie de leur deuoir en¬

66 703 1014 82 uers celuy à qui ils eſtoyent obligez de toute

66 772 357 70 ceſte grandeur.

358 115 377 56 QVES ITGR.

126 818 960 80 NOVS liſons que les Rois Payens ont auſ

68 879 1012 79 ſi eſté eſtablis par le peuple: aſauoir que ſur¬

66 944 1019 75 uenant quelque trouble dans le pays, ou eſtant

67 1001 1014 77 beſoin de faire la guerre au loin, quelqu’vn,

70 1084 1013 56 que le peuple auoit en ſinguliere reputation a

66 1116 1006 80 cauſe de ſa vaillance & preudhommie, du con

68 1176 1004 74 ſentement de tous eſtoit choiſi pour eſtre

68 1233 1004 76 Roy. Ciceron dit qu’entre les Medes Deioces

72 1297 1000 72 ſe meſlant d’appointer les debats de quelques

75 1362 1012 71 voiſins & amis particuliers fut eſleu Iuge, &

75 1420 1011 76 Roy finalement, comme auſsi les premiers

75 1478 1012 74 Rois entre les Romains. Tellement qu’apres

74 1539 1017 70 la mort de Romulus, pource que l’entreregne

70 1597 1017 68 & le gouuernement des cent Senateurs ne plai

72 1650 1015 87 ſoit gueres aux Quirites, il fut accordé que de

74 1715 1013 73 là en auant les Rois ſeroyent eſleus par les ſuf¬

75 1776 1014 74 frages du peuple & par approbation du Senat.

85 1835 1000 74 Tarquinius Superbus a eſté eſtimé tyran,

80 1893 1011 77 pource que n’ayant eſté creé du peuple, ni du

80 1952 1010 84 Senat, il occupoit la Royauté en vertu de ſes

966 107 91 52 101

1091 1133 150 78 Heradote

1097 1194 76 58 iu.1.

1089 1237 162 62 Cic. au 1.

1091 1282 131 74 des off.

1095 1593 160 82 Tite Liue

1091 1665 141 67 au I.liu.

825 2013 131 87 G.iij.
