<?xml version="1.0" encoding="UTF-8"?>
<alto xmlns:xsi="http://www.w3.org/2001/XMLSchema-instance"
      xmlns="http://www.loc.gov/standards/alto/ns-v4#"
      xsi:schemaLocation="http://www.loc.gov/standards/alto/ns-v4# http://www.loc.gov/standards/alto/v4/alto-4-2.xsd">
  <Description>
    <MeasurementUnit>pixel</MeasurementUnit>
    <sourceImageInformation>
      <fileName>page_00120.png</fileName>
    </sourceImageInformation>
  </Description>
  <Tags>
    <OtherTag ID="BT7" LABEL="CustomZone" DESCRIPTION="block type CustomZone"/><OtherTag ID="BT8" LABEL="DamageZone" DESCRIPTION="block type DamageZone"/><OtherTag ID="BT9" LABEL="DigitizationArtefactZone" DESCRIPTION="block type DigitizationArtefactZone"/><OtherTag ID="BT10" LABEL="DropCapitalZone" DESCRIPTION="block type DropCapitalZone"/><OtherTag ID="BT11" LABEL="GraphicZone" DESCRIPTION="block type GraphicZone"/><OtherTag ID="BT12" LABEL="MainZone" DESCRIPTION="block type MainZone"/><OtherTag ID="BT13" LABEL="MarginTextZone" DESCRIPTION="block type MarginTextZone"/><OtherTag ID="BT14" LABEL="MusicZone" DESCRIPTION="block type MusicZone"/><OtherTag ID="BT15" LABEL="NumberingZone" DESCRIPTION="block type NumberingZone"/><OtherTag ID="BT17" LABEL="QuireMarksZone" DESCRIPTION="block type QuireMarksZone"/><OtherTag ID="BT18" LABEL="RunningTitleZone" DESCRIPTION="block type RunningTitleZone"/><OtherTag ID="BT19" LABEL="SealZone" DESCRIPTION="block type SealZone"/><OtherTag ID="BT20" LABEL="StampZone" DESCRIPTION="block type StampZone"/><OtherTag ID="BT21" LABEL="TableZone" DESCRIPTION="block type TableZone"/><OtherTag ID="BT22" LABEL="TitlePageZone" DESCRIPTION="block type TitlePageZone"/><OtherTag ID="BT100001" LABEL="MainZone-Head" DESCRIPTION="block type MainZone-Head"/><OtherTag ID="BT100011" LABEL="MainZone-Entry" DESCRIPTION="block type MainZone-Entry"/><OtherTag ID="BT100005" LABEL="MainZone-P" DESCRIPTION="block type MainZone-P"/><OtherTag ID="BT100008" LABEL="MainZone-Sp" DESCRIPTION="block type MainZone-Sp"/><OtherTag ID="BT100006" LABEL="MainZone-Continued" DESCRIPTION="block type MainZone-Continued"/><OtherTag ID="BT100009" LABEL="MarginTextZone-Notes" DESCRIPTION="block type MarginTextZone-Notes"/><OtherTag ID="BT100007" LABEL="MarginTextZone-ManuscriptAddendum" DESCRIPTION="block type MarginTextZone-ManuscriptAddendum"/><OtherTag ID="BT100013" LABEL="StampZone-Sticker" DESCRIPTION="block type StampZone-Sticker"/><OtherTag ID="BT100014" LABEL="MainZone-ListItem" DESCRIPTION="block type MainZone-ListItem"/>
    <OtherTag ID="LT7" LABEL="CustomLine" DESCRIPTION="line type CustomLine"/><OtherTag ID="LT8" LABEL="DefaultLine" DESCRIPTION="line type DefaultLine"/><OtherTag ID="LT9" LABEL="DropCapitalLine" DESCRIPTION="line type DropCapitalLine"/><OtherTag ID="LT10" LABEL="HeadingLine" DESCRIPTION="line type HeadingLine"/><OtherTag ID="LT11" LABEL="InterlinearLine" DESCRIPTION="line type InterlinearLine"/><OtherTag ID="LT12" LABEL="MusicLine" DESCRIPTION="line type MusicLine"/><OtherTag ID="LT747" LABEL="default" DESCRIPTION="line type default"/>
  </Tags>
  <Layout>
    <Page WIDTH="1450"
          HEIGHT="2338"
          PHYSICAL_IMG_NR="119"
          ID="eSc_dummypage_">
      <PrintSpace HPOS="0"
                  VPOS="0"
                  WIDTH="1450"
                  HEIGHT="2338">
        <TextBlock HPOS="329.0"
                   VPOS="89.0"
                   WIDTH="97.0"
                   HEIGHT="58.0"
                   ID="block_2"
                   TAGREFS="BT15">
          <Shape><Polygon POINTS="426 89 426 147 329 147 329 89"/></Shape>
          <TextLine ID="line_0"
                    TAGREFS="LT8"
                    BASELINE="331 129 424 127" 
                    HPOS="330.0"
                    VPOS="88.0"
                    WIDTH="94.0"
                    HEIGHT="58.0">
            <Shape><Polygon POINTS="331 129 331 145 423 146 424 127 420 88 330 90 331 129"/></Shape>
	    <String CONTENT="120"
                    HPOS="330.0"
                    VPOS="88.0"
                    WIDTH="94.0"
                    HEIGHT="58.0"
                    WC="0.9999951918919882"></String>
          </TextLine>
        </TextBlock>
        <TextBlock HPOS="314.0"
                   VPOS="158.0"
                   WIDTH="1039.0"
                   HEIGHT="1383.0"
                   ID="block_5"
                   TAGREFS="BT100006">
          <Shape><Polygon POINTS="1353 158 1334 1541 1183 1537 314 1518 316 158"/></Shape>
          <TextLine ID="line_2"
                    TAGREFS="LT8"
                    BASELINE="337 196 1357 211" 
                    HPOS="336.0"
                    VPOS="146.0"
                    WIDTH="1021.0"
                    HEIGHT="87.0">
            <Shape><Polygon POINTS="337 196 336 213 475 220 476 220 495 216 505 214 509 216 514 222 515 222 517 222 518 222 556 218 582 215 623 219 676 224 678 224 734 222 779 219 813 223 847 227 848 227 880 224 925 220 932 226 936 228 938 228 939 228 940 228 958 226 988 222 1025 227 1042 229 1043 229 1058 228 1103 223 1208 231 1229 232 1230 232 1231 232 1233 232 1244 226 1252 232 1253 232 1255 232 1355 233 1357 211 1356 159 1281 171 1252 158 1251 158 1249 158 1248 158 1247 158 1246 158 1209 170 1191 158 1190 157 1188 157 1187 157 1186 157 1166 158 1030 167 1013 161 1012 161 1010 161 984 164 967 157 962 154 961 154 960 154 940 157 875 164 852 155 841 151 840 151 839 151 838 151 823 155 799 162 780 155 771 151 770 151 769 151 767 151 757 155 737 162 654 162 643 154 635 149 634 149 632 149 592 148 591 148 589 148 576 154 565 161 515 161 506 153 500 148 498 148 497 148 496 148 495 148 482 153 469 159 446 159 436 153 426 146 424 146 423 146 422 146 420 146 419 146 410 153 409 153 388 146 387 146 385 146 337 151 337 196"/></Shape>
	    <String CONTENT="Cela monſtre que la ſucceſsion a eſté toleree"
                    HPOS="336.0"
                    VPOS="146.0"
                    WIDTH="1021.0"
                    HEIGHT="87.0"
                    WC="0.9944527952567391"></String>
          </TextLine>
          <TextLine ID="line_3"
                    TAGREFS="LT8"
                    BASELINE="339 258 1356 270" 
                    HPOS="339.0"
                    VPOS="215.0"
                    WIDTH="1017.0"
                    HEIGHT="77.0">
            <Shape><Polygon POINTS="339 258 339 277 660 277 671 280 686 285 687 285 688 285 723 281 743 279 760 281 789 287 791 287 857 283 890 280 893 283 901 288 903 288 904 288 905 288 906 288 922 283 927 281 947 283 1018 289 1019 289 1064 284 1074 283 1077 284 1084 289 1086 289 1087 289 1243 292 1244 292 1355 285 1356 270 1355 235 1300 235 1299 233 1291 227 1290 227 1288 227 1287 227 1260 232 1253 233 1246 232 1201 223 1200 223 1145 231 1130 232 1018 232 1013 228 1000 220 999 220 997 220 996 220 879 226 830 228 818 226 792 218 791 218 789 218 723 223 683 227 660 223 630 216 628 216 627 216 610 222 597 226 574 222 543 215 541 215 508 220 484 223 339 218 339 258"/></Shape>
	    <String CONTENT="pour euiter les pratiques, brigues, meſconten"
                    HPOS="339.0"
                    VPOS="215.0"
                    WIDTH="1017.0"
                    HEIGHT="77.0"
                    WC="0.9994677291976081"></String>
          </TextLine>
          <TextLine ID="line_4"
                    TAGREFS="LT8"
                    BASELINE="335 315 1351 328" 
                    HPOS="333.0"
                    VPOS="276.0"
                    WIDTH="1018.0"
                    HEIGHT="77.0">
            <Shape><Polygon POINTS="335 315 333 331 358 340 359 340 361 340 431 333 435 333 436 333 457 342 458 342 459 342 461 342 485 335 487 335 488 335 545 344 546 344 619 337 639 336 645 339 666 345 667 345 669 345 717 340 730 339 756 340 847 348 848 348 871 342 884 340 897 344 913 348 914 348 915 348 917 348 928 344 939 340 944 344 945 345 945 346 947 346 948 346 949 346 977 345 1043 341 1074 348 1084 349 1086 349 1087 349 1092 348 1108 342 1149 349 1153 349 1155 349 1161 349 1236 344 1248 351 1249 351 1251 351 1252 351 1261 351 1326 345 1347 353 1351 328 1351 296 335 276 335 315"/></Shape>
	    <String CONTENT="temens, retraites des perſonnes reiettees, en¬"
                    HPOS="333.0"
                    VPOS="276.0"
                    WIDTH="1018.0"
                    HEIGHT="77.0"
                    WC="0.9964143141456272"></String>
          </TextLine>
          <TextLine ID="line_5"
                    TAGREFS="LT8"
                    BASELINE="331 372 1352 388" 
                    HPOS="330.0"
                    VPOS="333.0"
                    WIDTH="1022.0"
                    HEIGHT="78.0">
            <Shape><Polygon POINTS="409 348 404 335 389 333 388 333 387 333 371 341 362 335 361 335 359 335 358 335 331 340 331 372 330 387 385 396 387 396 426 390 439 398 440 398 441 398 443 398 554 393 579 392 583 393 598 401 600 401 601 401 602 401 618 394 621 393 670 393 680 396 704 402 705 402 706 402 730 397 736 396 740 397 752 402 753 402 927 406 928 406 970 402 1008 400 1016 403 1023 407 1025 407 1026 407 1027 407 1036 405 1051 400 1079 405 1097 409 1099 409 1118 406 1142 403 1191 409 1216 410 1217 410 1218 410 1221 409 1235 402 1244 409 1246 409 1247 409 1248 409 1288 403 1349 411 1352 388 1352 358 1266 344 1265 344 1203 354 1183 342 1182 342 1181 342 1179 342 1127 353 1110 344 1109 344 1108 344 1106 344 1088 350 1064 341 1062 341 1061 341 1006 350 990 342 988 342 987 342 948 350 913 341 912 341 910 341 909 341 908 341 896 349 843 349 758 349 754 348 669 335 667 335 666 335 645 345 601 335 600 335 510 342 496 333 495 333 493 333 492 333 450 342 449 342 446 342 413 336 409 348"/></Shape>
	    <String CONTENT="treregnes &amp; autres incommoditez de l’ele¬"
                    HPOS="330.0"
                    VPOS="333.0"
                    WIDTH="1022.0"
                    HEIGHT="78.0"
                    WC="0.9980489117343251"></String>
          </TextLine>
          <TextLine ID="line_6"
                    TAGREFS="LT8"
                    BASELINE="328 433 1349 448" 
                    HPOS="327.0"
                    VPOS="387.0"
                    WIDTH="1022.0"
                    HEIGHT="87.0">
            <Shape><Polygon POINTS="328 433 327 448 371 457 372 457 374 457 387 450 433 450 433 452 444 459 445 459 446 459 448 459 449 459 450 459 459 452 461 452 495 452 496 453 522 461 523 461 524 461 583 454 604 453 609 455 619 461 621 461 622 461 648 457 656 455 691 455 693 458 705 466 706 466 708 466 709 466 835 462 884 468 886 470 925 470 925 468 926 468 936 463 948 458 964 465 978 470 979 470 980 470 1114 468 1147 467 1148 467 1161 461 1182 470 1183 470 1184 470 1186 470 1255 462 1347 474 1349 448 1348 406 1255 413 1217 405 1190 400 1188 400 1187 400 1177 405 1164 411 1143 405 1139 403 1138 403 1136 403 1127 405 1092 410 1083 405 1070 396 1069 396 1068 396 1066 396 1065 396 1034 403 973 394 971 394 970 394 940 403 926 407 896 403 874 401 873 401 858 403 843 406 839 403 828 396 827 396 826 396 825 396 823 396 822 396 810 403 804 406 700 406 656 405 653 402 636 390 635 390 634 390 632 390 584 396 511 388 480 388 479 388 478 388 445 401 394 387 393 387 354 387 353 387 352 387 328 398 328 433"/></Shape>
	    <String CONTENT="ction. Mais d’autrepart, quand la ſucceſsion ap"
                    HPOS="327.0"
                    VPOS="387.0"
                    WIDTH="1022.0"
                    HEIGHT="87.0"
                    WC="0.9845578556365155"></String>
          </TextLine>
          <TextLine ID="line_7"
                    TAGREFS="LT8"
                    BASELINE="330 496 1349 507" 
                    HPOS="330.0"
                    VPOS="453.0"
                    WIDTH="1019.0"
                    HEIGHT="79.0">
            <Shape><Polygon POINTS="330 496 330 520 441 513 472 520 474 520 475 520 686 516 699 522 706 526 708 526 709 526 730 522 758 518 796 518 804 523 810 527 812 527 813 527 814 527 815 527 830 523 847 518 854 523 860 527 861 527 862 527 896 528 897 528 930 523 940 522 964 523 1051 529 1052 529 1178 524 1227 522 1233 524 1246 532 1247 532 1248 532 1249 532 1305 524 1307 524 1308 524 1333 532 1334 532 1335 532 1336 532 1338 532 1348 524 1349 507 1348 472 1257 463 1256 463 1255 463 1253 463 1244 471 1239 474 1165 474 1156 470 1123 461 1122 461 1121 461 1119 461 1100 470 1096 471 1090 470 1064 462 1062 462 1061 462 1031 468 1021 471 935 471 932 468 921 459 919 459 918 459 917 459 915 459 890 466 864 459 862 459 861 459 815 467 805 468 791 467 750 462 749 462 712 466 701 467 691 466 628 457 627 457 591 463 558 454 557 454 556 454 508 461 471 454 470 454 469 454 441 462 428 453 427 453 426 453 424 453 423 453 422 453 410 461 349 454 348 454 346 454 330 462 330 496"/></Shape>
	    <String CONTENT="portoit d’autres maux plus pernicieux ſans"
                    HPOS="330.0"
                    VPOS="453.0"
                    WIDTH="1019.0"
                    HEIGHT="79.0"
                    WC="0.9994457151208606"></String>
          </TextLine>
          <TextLine ID="line_8"
                    TAGREFS="LT8"
                    BASELINE="327 552 1348 568" 
                    HPOS="326.0"
                    VPOS="509.0"
                    WIDTH="1022.0"
                    HEIGHT="81.0">
            <Shape><Polygon POINTS="327 552 326 565 405 576 406 576 469 571 524 578 526 578 527 578 552 571 558 570 576 571 649 580 650 580 697 575 719 572 726 575 732 579 734 579 735 579 778 576 814 575 821 578 831 583 832 583 834 583 878 579 917 576 952 581 983 585 984 585 1004 583 1034 578 1084 584 1112 588 1113 588 1130 585 1164 580 1173 587 1174 588 1175 588 1177 588 1214 589 1216 589 1217 589 1218 589 1220 588 1231 581 1346 590 1348 568 1348 523 1304 522 1303 522 1301 522 1300 522 1286 529 1273 522 1269 520 1268 520 1266 520 1265 520 1259 522 1244 526 1213 522 1190 519 1147 519 1145 519 1144 519 1143 519 1140 522 1129 529 1058 522 1057 522 878 527 821 519 766 513 765 513 763 513 762 513 754 519 747 524 706 519 692 518 691 518 676 519 641 523 615 519 562 509 561 509 521 518 509 520 497 518 475 514 474 514 431 518 413 519 409 518 401 511 400 511 398 511 397 511 327 516 327 552"/></Shape>
	    <String CONTENT="comparaiſon, quand la tyrannie enuahiſſoit le"
                    HPOS="326.0"
                    VPOS="509.0"
                    WIDTH="1022.0"
                    HEIGHT="81.0"
                    WC="0.9895996650060018"></String>
          </TextLine>
          <TextLine ID="line_9"
                    TAGREFS="LT8"
                    BASELINE="326 611 1344 626" 
                    HPOS="324.0"
                    VPOS="568.0"
                    WIDTH="1020.0"
                    HEIGHT="82.0">
            <Shape><Polygon POINTS="326 611 324 626 348 636 349 636 350 636 457 629 510 640 511 640 513 640 528 631 539 637 540 637 541 637 543 637 600 631 611 640 611 641 613 641 614 641 615 641 769 633 786 644 787 644 788 644 789 644 791 644 813 636 896 642 897 642 932 636 971 646 973 646 974 646 1065 637 1081 648 1082 648 1083 648 1084 648 1125 641 1286 650 1287 650 1288 650 1290 650 1303 641 1343 641 1344 626 1343 596 1266 592 1255 581 1253 581 1252 581 1216 581 1214 581 1213 581 1212 581 1199 592 1196 593 1194 590 1179 581 1178 581 1177 581 1175 581 1174 581 1149 590 1142 592 982 592 957 585 928 578 927 578 926 578 925 578 923 578 914 584 904 589 884 583 883 583 882 583 880 583 877 583 828 588 812 581 806 579 805 579 804 579 786 580 723 587 706 578 697 574 696 574 695 574 674 578 649 581 622 576 604 572 602 572 582 575 511 584 492 576 491 576 489 576 419 580 326 568 326 611"/></Shape>
	    <String CONTENT="Royaume, &amp; qu’vn tyran s’emparoit du thro¬"
                    HPOS="324.0"
                    VPOS="568.0"
                    WIDTH="1020.0"
                    HEIGHT="82.0"
                    WC="0.9892196201142811"></String>
          </TextLine>
          <TextLine ID="line_10"
                    TAGREFS="LT8"
                    BASELINE="324 670 1343 687" 
                    HPOS="323.0"
                    VPOS="626.0"
                    WIDTH="1020.0"
                    HEIGHT="83.0">
            <Shape><Polygon POINTS="324 670 323 687 480 697 482 697 813 694 848 694 851 694 877 702 878 702 879 703 940 703 940 702 941 702 943 702 951 696 961 705 962 705 964 705 965 705 1051 700 1108 707 1109 707 1149 700 1225 709 1226 709 1342 701 1343 687 1343 646 1268 641 1266 641 1265 641 1252 645 1230 652 1207 645 1191 640 1190 640 1188 640 1165 644 1131 650 953 649 936 642 914 635 913 635 912 635 910 635 909 635 900 641 892 648 873 648 854 641 827 633 826 633 771 632 770 632 769 632 740 640 727 644 718 640 695 631 693 631 692 631 691 631 665 640 656 642 613 642 609 639 596 629 595 629 593 629 592 629 591 629 565 639 545 628 544 628 543 628 465 637 456 639 450 637 402 626 401 626 400 626 398 626 376 637 375 637 324 637 324 670"/></Shape>
	    <String CONTENT="ne Royal: alors les Eſtats du royaume, legiti¬"
                    HPOS="323.0"
                    VPOS="626.0"
                    WIDTH="1020.0"
                    HEIGHT="83.0"
                    WC="0.9822162376797717"></String>
          </TextLine>
          <TextLine ID="line_11"
                    TAGREFS="LT8"
                    BASELINE="322 731 1344 746" 
                    HPOS="322.0"
                    VPOS="688.0"
                    WIDTH="1022.0"
                    HEIGHT="82.0">
            <Shape><Polygon POINTS="322 731 322 754 458 749 470 755 471 755 472 755 474 755 661 752 682 758 691 761 692 761 693 761 761 758 819 757 849 759 892 763 893 763 895 763 901 759 908 757 915 759 928 765 930 765 931 765 957 761 978 757 995 761 1018 766 1019 766 1021 766 1039 761 1051 758 1057 761 1068 766 1069 766 1070 766 1157 762 1168 762 1173 762 1214 768 1216 768 1246 763 1257 761 1275 763 1326 770 1327 770 1329 770 1343 763 1344 746 1344 714 1313 702 1312 702 1310 702 1309 702 1281 711 1260 702 1259 702 1257 702 1256 702 1229 713 1223 713 1179 713 1177 711 1148 700 1147 700 1145 700 1034 707 1009 709 1005 706 992 697 991 697 990 697 988 697 987 697 966 706 961 709 915 709 853 703 806 700 805 700 786 701 752 705 741 700 726 693 725 693 657 692 656 692 654 692 643 698 636 701 606 697 559 691 558 691 557 691 545 696 532 702 493 702 411 700 396 692 387 688 385 688 384 688 383 688 381 688 378 692 371 696 322 691 322 731"/></Shape>
	    <String CONTENT="mement aſſemblez au nom de tout le peuple"
                    HPOS="322.0"
                    VPOS="688.0"
                    WIDTH="1022.0"
                    HEIGHT="82.0"
                    WC="0.9982956139052787"></String>
          </TextLine>
          <TextLine ID="line_12"
                    TAGREFS="LT8"
                    BASELINE="326 792 1342 806" 
                    HPOS="326.0"
                    VPOS="753.0"
                    WIDTH="1016.0"
                    HEIGHT="73.0">
            <Shape><Polygon POINTS="326 792 326 809 570 809 584 810 614 815 615 815 648 811 660 810 667 811 693 818 695 818 696 818 735 813 741 811 749 813 787 819 788 819 858 813 871 813 873 814 883 820 884 820 886 820 887 820 944 814 949 814 951 814 970 822 971 822 973 822 1117 817 1168 824 1169 824 1242 818 1323 826 1325 826 1326 826 1340 818 1342 806 1339 767 973 767 961 763 948 758 947 758 945 758 944 758 927 763 915 766 812 766 801 762 780 755 779 755 778 755 723 761 696 763 661 761 575 753 574 753 326 757 326 792"/></Shape>
	    <String CONTENT="ont touſiours maintenu leur autorité ſoit"
                    HPOS="326.0"
                    VPOS="753.0"
                    WIDTH="1016.0"
                    HEIGHT="73.0"
                    WC="0.9796003145830972"></String>
          </TextLine>
          <TextLine ID="line_13"
                    TAGREFS="LT8"
                    BASELINE="326 853 1342 865" 
                    HPOS="326.0"
                    VPOS="810.0"
                    WIDTH="1016.0"
                    HEIGHT="77.0">
            <Shape><Polygon POINTS="326 853 326 875 391 868 419 876 420 876 422 876 423 876 424 876 426 876 437 868 457 876 459 878 461 878 462 878 472 876 526 870 557 878 563 879 565 879 566 879 583 878 648 871 688 879 700 880 701 880 715 879 761 872 893 880 949 883 951 883 971 880 1008 876 1031 881 1048 884 1138 885 1139 885 1140 885 1151 881 1165 878 1197 883 1229 887 1230 887 1259 883 1287 879 1339 883 1342 865 1340 827 1291 819 1290 819 1288 819 1287 819 1279 826 1271 831 1230 831 1218 824 1210 820 1209 820 1208 820 1207 820 1197 824 1186 828 1077 828 1068 822 1061 817 1060 817 1058 817 993 817 992 817 971 820 941 826 926 819 915 815 914 815 913 815 912 815 901 819 886 824 709 824 673 823 658 815 652 811 650 811 649 811 627 814 597 819 570 814 552 810 550 810 549 810 540 813 519 819 495 813 485 810 484 810 483 810 482 810 476 811 458 820 439 811 435 810 433 810 432 810 431 810 427 811 402 818 326 810 326 853"/></Shape>
	    <String CONTENT="pour chaſſer le tyran ou Roy fai-neant en le"
                    HPOS="326.0"
                    VPOS="810.0"
                    WIDTH="1016.0"
                    HEIGHT="77.0"
                    WC="0.9988296953114596"></String>
          </TextLine>
          <TextLine ID="line_14"
                    TAGREFS="LT8"
                    BASELINE="323 910 1336 926" 
                    HPOS="322.0"
                    VPOS="867.0"
                    WIDTH="1014.0"
                    HEIGHT="81.0">
            <Shape><Polygon POINTS="323 910 322 930 392 926 457 933 492 937 493 937 522 935 576 928 687 936 688 936 744 931 758 937 766 941 767 941 769 941 819 939 905 933 927 940 936 942 938 942 939 942 956 940 986 936 993 941 999 945 1000 945 1001 945 1110 946 1112 946 1130 942 1151 939 1181 944 1207 948 1208 948 1209 948 1217 944 1227 940 1243 945 1255 948 1256 948 1257 948 1335 945 1336 926 1336 883 1199 879 1197 879 1196 879 1190 881 1168 888 1118 880 1113 880 1112 880 1110 880 1109 880 1084 887 1061 880 1052 878 1051 878 1049 878 1048 878 1039 880 1025 884 1019 880 1016 876 1014 876 1013 876 965 875 964 875 962 875 961 875 956 879 948 885 915 885 869 879 828 874 827 874 791 878 760 881 752 878 740 871 739 871 737 871 688 878 662 880 652 876 631 870 630 870 628 870 592 876 578 879 567 876 546 870 545 870 544 870 513 876 508 876 502 876 452 867 450 867 449 867 419 875 413 876 407 875 381 868 380 868 379 868 323 874 323 910"/></Shape>
	    <String CONTENT="renuoyant chez ſes parens, ſoit pour eſtablir"
                    HPOS="322.0"
                    VPOS="867.0"
                    WIDTH="1014.0"
                    HEIGHT="81.0"
                    WC="0.993393768204583"></String>
          </TextLine>
          <TextLine ID="line_15"
                    TAGREFS="LT8"
                    BASELINE="326 968 1338 984" 
                    HPOS="324.0"
                    VPOS="926.0"
                    WIDTH="1014.0"
                    HEIGHT="84.0">
            <Shape><Polygon POINTS="326 968 324 984 410 996 411 996 413 996 430 988 432 988 483 988 484 988 504 998 505 998 604 1000 605 1000 606 1000 608 1000 618 992 621 991 662 991 670 993 689 1001 691 1001 692 1001 780 996 831 993 851 997 865 1001 866 1001 867 1001 887 998 915 994 923 1000 928 1004 930 1004 931 1004 932 1004 952 1000 962 998 975 1001 996 1005 997 1005 999 1005 1010 1001 1026 997 1036 1002 1045 1006 1047 1006 1048 1006 1065 1002 1084 998 1095 1004 1103 1007 1104 1007 1105 1007 1139 1005 1192 1000 1210 1006 1217 1009 1218 1009 1220 1010 1336 1010 1338 984 1336 953 1200 952 1196 949 1171 937 1170 937 1127 937 1126 937 1125 937 1101 946 1095 949 938 946 932 942 919 933 918 933 917 933 915 933 914 933 901 940 878 933 877 933 875 933 817 940 786 944 779 940 771 932 770 932 769 932 767 932 766 932 749 939 739 942 732 939 721 931 719 931 718 931 717 931 657 936 608 941 579 935 550 928 549 928 496 933 445 937 427 931 411 926 410 926 372 926 371 926 370 926 368 926 363 930 358 933 326 930 326 968"/></Shape>
	    <String CONTENT="vn bon Roy en ſa place. Les anciens François"
                    HPOS="324.0"
                    VPOS="926.0"
                    WIDTH="1014.0"
                    HEIGHT="84.0"
                    WC="0.9971600572268168"></String>
          </TextLine>
          <TextLine ID="line_16"
                    TAGREFS="LT8"
                    BASELINE="324 1028 1100 1043 1331 1041" 
                    HPOS="324.0"
                    VPOS="988.0"
                    WIDTH="1007.0"
                    HEIGHT="78.0">
            <Shape><Polygon POINTS="324 1028 324 1048 368 1044 409 1049 439 1053 440 1053 469 1049 506 1045 523 1050 540 1055 541 1055 543 1057 578 1057 578 1055 579 1055 580 1055 587 1050 591 1048 601 1050 619 1057 621 1057 622 1057 648 1052 666 1048 686 1052 701 1054 702 1054 735 1052 778 1049 787 1053 795 1055 796 1055 797 1055 799 1055 810 1053 819 1050 823 1053 834 1059 835 1059 836 1059 838 1059 932 1054 935 1054 936 1054 967 1062 969 1062 970 1062 1010 1054 1013 1054 1014 1054 1025 1063 1026 1063 1027 1063 1029 1063 1236 1057 1247 1057 1264 1066 1265 1066 1266 1066 1330 1057 1331 1041 1330 1009 1244 1002 1243 1002 1209 1006 1181 1010 1145 1006 1097 1000 1096 1000 1095 1000 1084 1005 1078 1009 1027 1009 1021 1004 1012 997 1010 997 1009 997 778 993 776 993 658 1000 621 1001 515 1000 513 997 502 991 501 991 500 991 498 991 497 991 482 997 479 998 476 997 459 988 458 988 457 988 456 988 427 997 423 997 324 996 324 1028"/></Shape>
	    <String CONTENT="auoyent aprins cela des Gaulois, comme Ce¬"
                    HPOS="324.0"
                    VPOS="988.0"
                    WIDTH="1007.0"
                    HEIGHT="78.0"
                    WC="0.999339637302217"></String>
          </TextLine>
          <TextLine ID="line_17"
                    TAGREFS="LT8"
                    BASELINE="326 1089 1327 1106" 
                    HPOS="326.0"
                    VPOS="1041.0"
                    WIDTH="1001.0"
                    HEIGHT="85.0">
            <Shape><Polygon POINTS="1327 1071 1281 1058 1279 1058 1278 1058 1277 1058 1247 1068 1173 1055 1171 1055 1064 1063 1032 1066 1027 1062 1016 1053 1014 1053 1013 1053 990 1053 988 1053 987 1053 986 1053 974 1061 966 1066 944 1066 926 1059 912 1055 910 1055 909 1055 866 1058 851 1058 848 1057 838 1050 836 1050 835 1050 834 1050 832 1050 815 1055 799 1062 787 1055 778 1049 776 1049 775 1049 774 1049 752 1054 734 1059 635 1059 592 1049 579 1046 578 1046 576 1046 575 1046 572 1049 562 1055 480 1057 435 1057 410 1044 409 1044 407 1044 406 1044 374 1054 327 1041 326 1089 326 1109 471 1105 519 1113 523 1113 524 1113 527 1113 554 1106 572 1114 574 1114 575 1114 576 1114 588 1114 680 1109 706 1115 710 1117 712 1117 713 1117 722 1117 784 1110 878 1119 888 1119 890 1119 901 1119 1003 1114 1018 1122 1021 1122 1022 1122 1023 1122 1036 1122 1112 1117 1121 1123 1122 1123 1123 1123 1125 1123 1129 1123 1173 1117 1325 1126 1327 1106 1327 1071"/></Shape>
	    <String CONTENT="ſar le monſtre en ſes liures. Car Ambiorix,"
                    HPOS="326.0"
                    VPOS="1041.0"
                    WIDTH="1001.0"
                    HEIGHT="85.0"
                    WC="0.9962107123330582"></String>
          </TextLine>
          <TextLine ID="line_18"
                    TAGREFS="LT8"
                    BASELINE="144 1157 308 1154" 
                    HPOS="140.0"
                    VPOS="1120.0"
                    WIDTH="167.0"
                    HEIGHT="62.0">
            <Shape><Polygon POINTS="142 1155 142 1182 305 1174 307 1153 304 1120 140 1120 142 1155"/></Shape>
	    <String CONTENT="de la guer"
                    HPOS="140.0"
                    VPOS="1120.0"
                    WIDTH="167.0"
                    HEIGHT="62.0"
                    WC="0.9955406546592712"></String>
          </TextLine>
          <TextLine ID="eSc_line_d734ed5a"
                    TAGREFS="LT8"
                    BASELINE="332 1144 474 1152 1331 1163" 
                    HPOS="329.0"
                    VPOS="1098.0"
                    WIDTH="1000.0"
                    HEIGHT="90.0">
            <Shape><Polygon POINTS="331 1143 329 1169 1325 1188 1329 1161 1329 1124 1161 1108 1159 1108 984 1114 865 1118 847 1110 834 1104 832 1104 830 1104 740 1108 604 1114 567 1104 555 1100 553 1100 551 1100 520 1102 403 1112 331 1098 331 1143"/></Shape>
	    <String CONTENT="Roy des Eburons ou Liegeons, confeſſe que"
                    HPOS="329.0"
                    VPOS="1098.0"
                    WIDTH="1000.0"
                    HEIGHT="90.0"
                    WC="0.9988747980536484"></String>
          </TextLine>
          <TextLine ID="line_19"
                    TAGREFS="LT8"
                    BASELINE="140 1205 307 1208" 
                    HPOS="136.0"
                    VPOS="1161.0"
                    WIDTH="169.0"
                    HEIGHT="99.0">
            <Shape><Polygon POINTS="138 1204 136 1227 237 1260 239 1260 241 1260 304 1256 305 1207 304 1172 138 1161 138 1204"/></Shape>
	    <String CONTENT="re Gauloi"
                    HPOS="136.0"
                    VPOS="1161.0"
                    WIDTH="169.0"
                    HEIGHT="99.0"
                    WC="0.9987894495328268"></String>
          </TextLine>
          <TextLine ID="eSc_line_7937928a"
                    TAGREFS="LT8"
                    BASELINE="325 1208 1322 1221" 
                    HPOS="321.0"
                    VPOS="1159.0"
                    WIDTH="1000.0"
                    HEIGHT="87.0">
            <Shape><Polygon POINTS="321 1233 444 1227 582 1239 606 1229 662 1241 684 1241 804 1231 818 1243 824 1244 956 1244 988 1233 1317 1246 1321 1219 1321 1184 1278 1170 1270 1170 1257 1182 1233 1170 1153 1182 1062 1169 1003 1180 960 1167 877 1178 824 1165 779 1174 750 1165 725 1176 563 1176 537 1163 434 1161 356 1172 325 1159 321 1233"/></Shape>
	    <String CONTENT="lors les Royaumes de la Gaule eſtoyent tels,"
                    HPOS="321.0"
                    VPOS="1159.0"
                    WIDTH="1000.0"
                    HEIGHT="87.0"
                    WC="0.9896288107741963"></String>
          </TextLine>
          <TextLine ID="eSc_line_8e215728"
                    TAGREFS="LT8"
                    BASELINE="327 1267 1329 1282" 
                    HPOS="323.0"
                    VPOS="1219.0"
                    WIDTH="1004.0"
                    HEIGHT="90.0">
            <Shape><Polygon POINTS="325 1266 323 1291 438 1285 465 1299 471 1299 498 1287 522 1299 582 1289 647 1301 857 1291 877 1301 1021 1293 1091 1305 1145 1295 1202 1309 1257 1297 1323 1305 1327 1280 1327 1243 1299 1231 1292 1231 1274 1243 1237 1233 1181 1243 1155 1229 1066 1229 1040 1241 1011 1227 921 1239 898 1229 765 1237 748 1223 686 1235 590 1221 522 1233 444 1219 325 1225 325 1266"/></Shape>
	    <String CONTENT="que le peuple legitimement aſſemblé n’auoit"
                    HPOS="323.0"
                    VPOS="1219.0"
                    WIDTH="1004.0"
                    HEIGHT="90.0"
                    WC="0.9905893436887048"></String>
          </TextLine>
          <TextLine ID="line_21"
                    TAGREFS="LT8"
                    BASELINE="324 1328 1323 1341" 
                    HPOS="321.0"
                    VPOS="1280.0"
                    WIDTH="1000.0"
                    HEIGHT="89.0">
            <Shape><Polygon POINTS="323 1326 321 1354 588 1348 617 1363 703 1363 750 1350 820 1361 847 1352 1128 1367 1142 1356 1184 1369 1202 1369 1257 1359 1317 1369 1321 1340 1315 1295 1284 1303 1220 1291 1194 1303 1177 1293 1161 1289 1132 1303 1052 1303 995 1287 945 1297 935 1287 896 1295 849 1285 758 1297 742 1283 686 1283 668 1297 611 1297 596 1282 522 1293 489 1282 481 1282 465 1293 409 1280 323 1289 323 1326"/></Shape>
	    <String CONTENT="pas moins de puiſſance ſur le Roy que le Roy"
                    HPOS="321.0"
                    VPOS="1280.0"
                    WIDTH="1000.0"
                    HEIGHT="89.0"
                    WC="0.9938481179150668"></String>
          </TextLine>
          <TextLine ID="line_22"
                    TAGREFS="LT8"
                    BASELINE="321 1382 1321 1401" 
                    HPOS="317.0"
                    VPOS="1336.0"
                    WIDTH="1002.0"
                    HEIGHT="92.0">
            <Shape><Polygon POINTS="319 1381 317 1408 381 1402 391 1412 475 1406 539 1416 606 1404 719 1420 767 1410 816 1422 1017 1414 1036 1426 1046 1426 1066 1414 1198 1414 1214 1428 1220 1428 1317 1416 1319 1400 1317 1365 1245 1354 1239 1354 1223 1365 1181 1352 1085 1361 1019 1348 980 1359 947 1348 841 1357 715 1342 689 1356 627 1356 617 1342 610 1342 586 1352 572 1340 565 1340 534 1352 422 1352 409 1336 401 1336 376 1348 343 1336 319 1342 319 1381"/></Shape>
	    <String CONTENT="ſur le peuple. Ce qui apparoit auſsi en Vercin¬"
                    HPOS="317.0"
                    VPOS="1336.0"
                    WIDTH="1002.0"
                    HEIGHT="92.0"
                    WC="0.9885792554693019"></String>
          </TextLine>
          <TextLine ID="line_23"
                    TAGREFS="LT8"
                    BASELINE="320 1449 1321 1462" 
                    HPOS="317.0"
                    VPOS="1396.0"
                    WIDTH="1002.0"
                    HEIGHT="90.0">
            <Shape><Polygon POINTS="317 1472 884 1472 908 1482 978 1474 1181 1486 1317 1476 1319 1461 1317 1422 1204 1410 1177 1420 1159 1408 1052 1418 1036 1406 898 1416 888 1404 801 1414 789 1404 779 1404 765 1414 682 1414 672 1402 606 1412 555 1400 526 1410 495 1400 354 1408 321 1396 317 1472"/></Shape>
	    <String CONTENT="gentorix, lequel rend raiſon de ſon fait deuãt"
                    HPOS="317.0"
                    VPOS="1396.0"
                    WIDTH="1002.0"
                    HEIGHT="90.0"
                    WC="0.9946991560306955"></String>
          </TextLine>
          <TextLine ID="line_24"
                    TAGREFS="LT8"
                    BASELINE="317 1502 808 1513" 
                    HPOS="313.0"
                    VPOS="1453.0"
                    WIDTH="493.0"
                    HEIGHT="84.0">
            <Shape><Polygon POINTS="315 1496 315 1500 313 1521 615 1523 619 1525 641 1535 643 1535 645 1535 684 1527 686 1527 723 1537 725 1537 726 1537 804 1527 806 1511 806 1478 758 1463 756 1463 754 1463 752 1463 728 1476 726 1476 721 1476 641 1461 639 1461 637 1461 600 1470 563 1457 561 1457 559 1457 557 1457 524 1470 475 1455 473 1455 471 1455 469 1455 424 1469 401 1453 399 1453 397 1453 395 1453 327 1467 315 1496"/></Shape>
	    <String CONTENT="l’aſſemblee du peuple."
                    HPOS="313.0"
                    VPOS="1453.0"
                    WIDTH="493.0"
                    HEIGHT="84.0"
                    WC="0.991817528551275"></String>
          </TextLine>
        </TextBlock>
        <TextBlock HPOS="643.0"
                   VPOS="92.0"
                   WIDTH="446.0"
                   HEIGHT="61.0"
                   ID="block_3"
                   TAGREFS="BT18">
          <Shape><Polygon POINTS="1089 92 1089 153 643 153 643 92"/></Shape>
          <TextLine ID="line_1"
                    TAGREFS="LT8"
                    BASELINE="650 133 1084 137" 
                    HPOS="649.0"
                    VPOS="93.0"
                    WIDTH="435.0"
                    HEIGHT="68.0">
            <Shape><Polygon POINTS="1078 119 1065 119 1052 119 1039 119 1026 119 1013 119 1000 119 987 119 974 119 961 119 948 119 935 119 922 119 909 119 896 119 883 119 870 119 857 119 844 119 841 105 839 102 838 102 836 102 795 93 793 93 650 96 650 133 649 145 674 155 675 155 676 155 678 155 689 149 697 157 697 158 699 158 700 158 701 158 702 158 730 146 818 146 819 148 832 159 834 159 835 159 836 159 869 153 939 161 940 161 992 151 995 151 996 151 1018 161 1019 161 1021 161 1083 153 1084 137 1084 119 1078 119"/></Shape>
	    <String CONTENT="TROISTESME"
                    HPOS="649.0"
                    VPOS="93.0"
                    WIDTH="435.0"
                    HEIGHT="68.0"
                    WC="0.9999790668487549"></String>
          </TextLine>
        </TextBlock>
        <TextBlock HPOS="134.0"
                   VPOS="1018.0"
                   WIDTH="184.0"
                   HEIGHT="255.0"
                   ID="block_4"
                   TAGREFS="BT100009">
          <Shape><Polygon POINTS="318 1018 318 1273 134 1273 134 1018"/></Shape>
          <TextLine ID="line_25"
                    TAGREFS="LT8"
                    BASELINE="146 1061 300 1061" 
                    HPOS="146.0"
                    VPOS="993.0"
                    WIDTH="154.0"
                    HEIGHT="88.0">
            <Shape><Polygon POINTS="146 1061 146 1075 158 1081 159 1081 161 1081 162 1081 163 1081 172 1075 180 1081 181 1081 183 1081 184 1081 300 1078 300 1061 300 1015 244 1015 227 1005 216 997 215 997 214 997 146 993 146 1061"/></Shape>
	    <String CONTENT="Cefa au"
                    HPOS="146.0"
                    VPOS="993.0"
                    WIDTH="154.0"
                    HEIGHT="88.0"
                    WC="0.9545636687959943"></String>
          </TextLine>
          <TextLine ID="line_26"
                    TAGREFS="LT8"
                    BASELINE="149 1114 309 1110" 
                    HPOS="148.0"
                    VPOS="1067.0"
                    WIDTH="161.0"
                    HEIGHT="64.0">
            <Shape><Polygon POINTS="149 1114 149 1131 215 1123 241 1130 244 1130 245 1130 246 1130 248 1130 249 1130 261 1122 307 1127 309 1110 305 1067 257 1075 148 1074 149 1114"/></Shape>
	    <String CONTENT="5. &amp; 7.li"
                    HPOS="148.0"
                    VPOS="1067.0"
                    WIDTH="161.0"
                    HEIGHT="64.0"
                    WC="0.9966844585206773"></String>
          </TextLine>
          <TextLine ID="line_27"
                    TAGREFS="LT8"
                    BASELINE="146 1254 188 1253" 
                    HPOS="144.0"
                    VPOS="1219.0"
                    WIDTH="43.0"
                    HEIGHT="76.0">
            <Shape><Polygon POINTS="144 1252 144 1291 185 1295 187 1252 187 1221 144 1219 144 1252"/></Shape>
	    <String CONTENT="ſe¬"
                    HPOS="144.0"
                    VPOS="1219.0"
                    WIDTH="43.0"
                    HEIGHT="76.0"
                    WC="0.8415674368540446"></String>
          </TextLine>
        </TextBlock>
        <TextBlock HPOS="281.0"
                   VPOS="1522.0"
                   WIDTH="1040.0"
                   HEIGHT="489.0"
                   ID="block_0"
                   TAGREFS="BT100005">
          <Shape><Polygon POINTS="1321 1544 1320 2011 533 2004 281 2000 298 1522"/></Shape>
          <TextLine ID="line_28"
                    TAGREFS="LT8"
                    BASELINE="350 1570 569 1569 1317 1582" 
                    HPOS="350.0"
                    VPOS="1519.0"
                    WIDTH="967.0"
                    HEIGHT="85.0">
            <Shape><Polygon POINTS="350 1570 350 1588 471 1583 531 1592 545 1593 546 1593 548 1593 550 1592 566 1584 647 1584 670 1593 676 1596 678 1596 679 1596 691 1595 730 1587 770 1596 780 1597 913 1600 914 1600 938 1598 1012 1592 1032 1600 1036 1601 1038 1601 1039 1601 1040 1601 1044 1600 1065 1593 1077 1601 1079 1602 1081 1602 1082 1602 1173 1604 1174 1604 1186 1602 1233 1595 1314 1604 1317 1582 1316 1545 1212 1544 1208 1541 1182 1532 1181 1532 1179 1532 1130 1540 1117 1541 1113 1539 1103 1531 1101 1531 1100 1531 1099 1531 1097 1531 1077 1539 1066 1541 1048 1537 1018 1531 1017 1531 957 1535 901 1539 880 1533 861 1527 860 1527 858 1527 857 1527 840 1532 822 1537 814 1531 809 1527 809 1526 808 1526 806 1526 736 1526 735 1526 734 1526 725 1528 706 1536 684 1536 674 1527 673 1526 671 1526 670 1526 669 1526 667 1526 666 1526 665 1527 652 1535 595 1526 593 1526 535 1532 492 1522 482 1520 480 1520 471 1522 424 1531 398 1520 396 1519 394 1519 350 1519 350 1570"/></Shape>
	    <String CONTENT="Es Royaumes d’Eſpagne, principalement"
                    HPOS="350.0"
                    VPOS="1519.0"
                    WIDTH="967.0"
                    HEIGHT="85.0"
                    WC="0.9998160117381328"></String>
          </TextLine>
          <TextLine ID="line_29"
                    TAGREFS="LT8"
                    BASELINE="294 1624 1313 1640" 
                    HPOS="294.0"
                    VPOS="1579.0"
                    WIDTH="1019.0"
                    HEIGHT="83.0">
            <Shape><Polygon POINTS="411 1602 406 1589 394 1592 387 1587 378 1579 376 1579 375 1579 374 1579 294 1584 294 1624 294 1646 376 1639 444 1648 465 1650 466 1650 467 1650 475 1648 489 1644 518 1648 527 1649 528 1649 530 1649 531 1649 531 1648 544 1641 634 1649 686 1653 687 1653 688 1653 699 1649 713 1644 723 1649 730 1653 731 1653 732 1653 760 1649 792 1645 799 1649 801 1652 802 1652 804 1652 805 1652 827 1650 861 1646 887 1650 931 1657 1032 1658 1034 1658 1035 1658 1049 1652 1143 1661 1144 1661 1145 1661 1147 1661 1157 1654 1183 1661 1184 1661 1186 1661 1187 1661 1204 1652 1205 1652 1207 1652 1240 1662 1242 1662 1243 1662 1312 1652 1313 1640 1313 1608 1262 1606 1226 1592 1225 1592 1223 1592 1222 1592 1199 1605 1192 1605 1148 1605 1082 1604 1081 1602 1066 1591 1065 1591 1064 1591 1062 1591 1061 1591 1030 1601 1029 1601 1027 1601 1005 1589 1004 1589 1003 1589 1001 1589 975 1600 971 1601 967 1600 947 1588 945 1588 874 1587 873 1587 871 1587 870 1587 857 1597 854 1600 839 1600 834 1597 821 1588 819 1588 818 1588 817 1588 815 1588 796 1596 792 1598 722 1598 710 1593 682 1584 680 1584 679 1584 678 1584 657 1593 654 1593 652 1592 617 1583 615 1583 561 1583 559 1583 558 1583 557 1583 546 1591 541 1593 495 1589 449 1585 448 1585 427 1588 417 1588 411 1602"/></Shape>
	    <String CONTENT="d’Aragon, de Valence &amp; de Cathalogne, il en"
                    HPOS="294.0"
                    VPOS="1579.0"
                    WIDTH="1019.0"
                    HEIGHT="83.0"
                    WC="0.9820639380188876"></String>
          </TextLine>
          <TextLine ID="line_30"
                    TAGREFS="LT8"
                    BASELINE="292 1683 1307 1701" 
                    HPOS="291.0"
                    VPOS="1637.0"
                    WIDTH="1016.0"
                    HEIGHT="86.0">
            <Shape><Polygon POINTS="409 1663 402 1646 332 1637 331 1637 330 1637 328 1637 313 1650 292 1650 292 1683 291 1697 309 1706 310 1706 311 1706 345 1700 366 1708 367 1708 368 1708 489 1702 509 1702 634 1704 637 1706 644 1711 645 1711 647 1711 648 1711 686 1708 701 1706 705 1708 714 1713 715 1713 717 1713 737 1709 748 1708 801 1710 896 1717 897 1717 913 1714 930 1710 1304 1723 1307 1701 1307 1667 1269 1657 1268 1657 1266 1657 1265 1657 1247 1666 1201 1658 1200 1658 1199 1658 1197 1658 1187 1665 1116 1662 1095 1652 1093 1652 1092 1652 1091 1652 1069 1663 1023 1663 1006 1649 1005 1649 1004 1649 1003 1649 948 1661 919 1648 918 1648 917 1648 915 1648 882 1659 867 1646 866 1646 865 1646 864 1646 862 1646 818 1658 805 1648 804 1648 802 1648 756 1645 754 1645 753 1645 723 1657 693 1646 692 1646 691 1646 689 1646 667 1656 652 1643 650 1643 649 1643 618 1643 617 1643 615 1643 588 1654 569 1641 567 1641 566 1641 565 1641 563 1641 535 1649 506 1640 505 1640 504 1640 432 1652 413 1648 409 1663"/></Shape>
	    <String CONTENT="eſt tout de meſmes. Car la Iuſtice d’Aragon,"
                    HPOS="291.0"
                    VPOS="1637.0"
                    WIDTH="1016.0"
                    HEIGHT="86.0"
                    WC="0.9845843775705858"></String>
          </TextLine>
          <TextLine ID="line_31"
                    TAGREFS="LT8"
                    BASELINE="293 1744 1309 1758" 
                    HPOS="292.0"
                    VPOS="1701.0"
                    WIDTH="1017.0"
                    HEIGHT="78.0">
            <Shape><Polygon POINTS="293 1744 292 1756 320 1767 322 1767 323 1767 324 1767 345 1758 366 1758 383 1758 387 1758 478 1770 479 1770 583 1762 593 1762 597 1762 624 1771 626 1771 627 1771 628 1771 654 1763 662 1762 673 1765 693 1769 695 1769 828 1767 931 1767 935 1770 943 1776 944 1776 945 1776 947 1776 948 1776 965 1771 975 1767 986 1771 999 1776 1000 1776 1140 1779 1142 1779 1143 1779 1151 1775 1158 1771 1170 1775 1177 1778 1178 1778 1179 1778 1181 1778 1188 1775 1208 1770 1307 1778 1309 1758 1309 1726 1279 1717 1278 1717 1277 1717 1205 1723 1201 1723 1182 1711 1181 1711 1179 1711 1178 1711 1177 1711 1156 1722 1153 1724 1127 1724 1056 1723 1052 1721 1035 1709 1034 1709 1032 1709 1031 1709 1030 1709 1029 1709 1012 1719 1009 1722 966 1722 961 1718 936 1708 935 1708 934 1708 932 1708 931 1708 917 1717 886 1708 884 1708 883 1708 882 1708 857 1717 849 1719 844 1717 832 1710 831 1710 830 1710 828 1710 815 1715 810 1718 800 1715 756 1705 709 1705 708 1705 706 1705 689 1713 683 1717 649 1713 571 1702 550 1702 549 1702 548 1702 546 1702 536 1710 531 1714 515 1710 497 1705 496 1705 495 1705 461 1709 428 1713 422 1708 413 1701 411 1701 410 1701 409 1701 293 1705 293 1744"/></Shape>
	    <String CONTENT="qu’on appelle, a la ſouueraineté par deuers"
                    HPOS="292.0"
                    VPOS="1701.0"
                    WIDTH="1017.0"
                    HEIGHT="78.0"
                    WC="0.9925679740580645"></String>
          </TextLine>
          <TextLine ID="line_32"
                    TAGREFS="LT8"
                    BASELINE="288 1802 1303 1817" 
                    HPOS="287.0"
                    VPOS="1759.0"
                    WIDTH="1016.0"
                    HEIGHT="84.0">
            <Shape><Polygon POINTS="288 1802 287 1817 340 1830 341 1830 426 1821 449 1831 450 1831 510 1832 511 1832 513 1832 535 1822 608 1832 609 1832 610 1832 611 1832 624 1823 649 1823 674 1834 675 1834 676 1834 719 1824 752 1835 753 1835 754 1835 789 1828 801 1836 802 1836 804 1836 805 1836 806 1836 822 1831 869 1837 870 1837 931 1827 975 1839 977 1839 1027 1840 1029 1840 1030 1840 1048 1831 1061 1840 1062 1840 1064 1840 1117 1841 1118 1843 1152 1843 1152 1841 1153 1841 1175 1831 1218 1843 1220 1843 1221 1843 1301 1831 1303 1817 1303 1787 1207 1771 1205 1771 1204 1771 1203 1771 1183 1783 1181 1783 1112 1771 1110 1771 1109 1771 1092 1780 1088 1783 1023 1783 979 1782 973 1778 961 1771 960 1771 958 1771 909 1775 871 1779 860 1774 839 1766 838 1766 782 1766 780 1766 779 1766 766 1771 754 1778 740 1771 726 1765 725 1765 723 1765 679 1766 678 1766 670 1769 654 1776 640 1769 632 1763 631 1763 630 1763 628 1763 627 1763 626 1763 619 1767 610 1774 569 1775 526 1767 524 1767 474 1772 423 1762 411 1761 410 1761 409 1761 406 1762 384 1772 370 1763 368 1763 367 1763 288 1759 288 1802"/></Shape>
	    <String CONTENT="ſoy. Et pourtant les Seigneurs qui repreſen¬"
                    HPOS="287.0"
                    VPOS="1759.0"
                    WIDTH="1016.0"
                    HEIGHT="84.0"
                    WC="0.9822190769694068"></String>
          </TextLine>
          <TextLine ID="line_33"
                    TAGREFS="LT8"
                    BASELINE="285 1862 1301 1876" 
                    HPOS="284.0"
                    VPOS="1819.0"
                    WIDTH="1017.0"
                    HEIGHT="79.0">
            <Shape><Polygon POINTS="285 1862 284 1879 289 1884 289 1885 291 1885 292 1885 293 1885 294 1885 315 1878 317 1878 375 1878 398 1879 488 1888 489 1888 691 1885 838 1884 890 1891 931 1895 932 1895 969 1892 1013 1888 1035 1893 1047 1896 1048 1896 1049 1896 1051 1896 1056 1893 1066 1888 1082 1895 1087 1896 1088 1896 1090 1896 1103 1895 1135 1891 1143 1896 1144 1897 1145 1897 1147 1897 1148 1897 1157 1896 1178 1892 1234 1897 1248 1898 1249 1898 1251 1898 1253 1898 1271 1892 1297 1898 1301 1876 1301 1841 1283 1831 1282 1831 1281 1831 1217 1840 1205 1841 1200 1840 1183 1834 1182 1834 1181 1834 1097 1839 1078 1839 1077 1837 1061 1828 1060 1828 1058 1828 1057 1828 967 1836 947 1837 943 1836 925 1826 923 1826 865 1826 864 1826 862 1826 845 1834 815 1824 814 1824 813 1824 812 1824 791 1834 788 1834 786 1834 741 1823 740 1823 739 1823 737 1823 725 1832 721 1835 653 1835 648 1831 636 1822 635 1822 634 1822 632 1822 631 1822 630 1822 617 1831 613 1832 605 1830 574 1822 572 1822 571 1822 570 1822 545 1830 539 1831 445 1831 440 1827 424 1819 423 1819 422 1819 285 1824 285 1862"/></Shape>
	    <String CONTENT="tent le peuple s’auancent iuſques là tant au ſa¬"
                    HPOS="284.0"
                    VPOS="1819.0"
                    WIDTH="1017.0"
                    HEIGHT="79.0"
                    WC="0.9912166108890456"></String>
          </TextLine>
          <TextLine ID="line_34"
                    TAGREFS="LT8"
                    BASELINE="283 1921 1300 1937" 
                    HPOS="281.0"
                    VPOS="1876.0"
                    WIDTH="1019.0"
                    HEIGHT="82.0">
            <Shape><Polygon POINTS="283 1921 281 1932 374 1944 375 1944 420 1937 446 1945 448 1945 449 1945 450 1945 483 1937 500 1947 501 1947 595 1949 596 1949 715 1941 809 1949 810 1949 935 1945 952 1954 953 1954 1065 1957 1066 1957 1119 1949 1151 1956 1152 1956 1153 1956 1155 1956 1160 1952 1168 1958 1169 1958 1170 1958 1171 1958 1299 1949 1300 1937 1300 1901 1281 1891 1279 1891 1249 1891 1248 1891 1247 1891 1214 1901 1209 1902 1097 1902 1095 1900 1082 1889 1081 1889 1079 1889 1052 1887 1051 1887 993 1898 983 1900 980 1898 965 1885 964 1885 962 1885 961 1885 960 1885 958 1885 941 1897 939 1900 905 1900 901 1897 874 1884 873 1884 871 1884 810 1889 745 1882 744 1882 743 1882 727 1889 706 1882 705 1882 704 1882 702 1882 669 1893 667 1893 513 1893 506 1892 433 1876 389 1876 388 1876 387 1876 359 1888 332 1880 331 1880 330 1880 328 1880 327 1880 317 1888 302 1878 301 1878 300 1878 298 1878 297 1878 296 1878 283 1884 283 1921"/></Shape>
	    <String CONTENT="cre du Roy, qu’en l’aſſemblee des Eſtats qui ſe"
                    HPOS="281.0"
                    VPOS="1876.0"
                    WIDTH="1019.0"
                    HEIGHT="82.0"
                    WC="0.9990289300046069"></String>
          </TextLine>
          <TextLine ID="line_35"
                    TAGREFS="LT8"
                    BASELINE="283 1980 1295 1995" 
                    HPOS="281.0"
                    VPOS="1948.0"
                    WIDTH="1014.0"
                    HEIGHT="79.0">
            <Shape><Polygon POINTS="1283 1987 1269 1987 1256 1987 1243 1987 1230 1987 1217 1987 1204 1987 1191 1987 1178 1987 1165 1987 1152 1987 1139 1987 1126 1987 1113 1987 1100 1987 1087 1987 1074 1987 1061 1987 1048 1987 1035 1987 1022 1987 1009 1987 996 1987 983 1987 970 1987 957 1987 944 1987 931 1987 918 1987 905 1987 892 1987 879 1987 866 1987 853 1987 840 1987 827 1987 814 1987 801 1987 788 1987 775 1987 762 1984 749 1984 736 1984 723 1984 710 1984 697 1984 684 1984 671 1984 658 1984 645 1984 632 1984 619 1984 606 1984 593 1984 580 1984 576 1969 559 1956 554 1952 553 1952 552 1952 283 1948 283 1980 281 2001 370 2013 371 2013 372 2013 383 2008 397 2015 398 2015 400 2015 401 2015 436 2006 441 2005 446 2006 491 2017 492 2017 543 2009 557 2006 565 2009 588 2018 589 2018 591 2019 635 2019 635 2018 636 2018 637 2018 645 2011 649 2008 657 2011 674 2019 675 2019 676 2019 717 2013 743 2009 783 2014 835 2022 836 2023 908 2023 908 2022 909 2022 919 2018 936 2013 962 2019 964 2019 965 2019 966 2019 971 2019 1035 2014 1055 2022 1056 2022 1057 2022 1058 2022 1062 2022 1101 2014 1139 2023 1147 2026 1148 2026 1149 2026 1151 2026 1157 2024 1190 2015 1201 2026 1203 2026 1204 2026 1292 2027 1295 1995 1294 1987 1283 1987"/></Shape>
	    <String CONTENT="fait de trois enerois uno,ue dirc entermes ca¬"
                    HPOS="281.0"
                    VPOS="1948.0"
                    WIDTH="1014.0"
                    HEIGHT="79.0"
                    WC="0.987825738347095"></String>
          </TextLine>
        </TextBlock>
        <TextBlock HPOS="1182.0"
                   VPOS="2015.0"
                   WIDTH="124.0"
                   HEIGHT="75.0"
                   ID="block_1"
                   TAGREFS="BT17">
          <Shape><Polygon POINTS="1306 2015 1306 2090 1182 2090 1182 2015"/></Shape>
          <TextLine ID="line_36"
                    TAGREFS="LT8"
                    BASELINE="1195 2060 1291 2056" 
                    HPOS="1192.0"
                    VPOS="2014.0"
                    WIDTH="99.0"
                    HEIGHT="72.0">
            <Shape><Polygon POINTS="1195 2060 1197 2086 1227 2076 1247 2079 1278 2083 1279 2083 1281 2083 1282 2083 1282 2082 1291 2073 1291 2056 1288 2019 1256 2014 1255 2014 1192 2022 1195 2060"/></Shape>
	    <String CONTENT="pres"
                    HPOS="1192.0"
                    VPOS="2014.0"
                    WIDTH="99.0"
                    HEIGHT="72.0"
                    WC="0.9999345242977142"></String>
          </TextLine>
        </TextBlock>
      </PrintSpace>
    </Page>
  </Layout>
</alto>
