1407 2338
58 167 1024 73 ces de fuuu frenjaeismnenitez par Ioiadas, pur¬

61 219 1018 82 gerent l’Egliſe de toute profanation, & ga¬

54 279 1029 78 rantirent le royaume de la tyrannie d’Atha¬

54 335 1024 81 lia. Mais ſi les principaux & les Magiſtrats

54 394 1017 85 aplaudiſſent à vn Roy furieux, ou s’ils ne luy

55 474 1022 62 reſiſtent point, il faut preſter l’oreille au Con¬

54 510 1019 80 ſeil de Ieſus Chriſt, c’eſt aſauoir ſe retirer au¬

54 568 1021 82 tre part. Ils ont l’exemple des fideles meſlez

59 632 1023 84 parmi les dix lignees d’Iſrael, leſquels voyans le

58 689 1013 88 ſeruice du vray Dieu aboli par Ieroboam, &

60 750 1017 87 que perſonne n’en faiſoit ſemblant, ſe retirent

60 804 1021 82 en Iuda, où la Religion eſtoit demeuree en ſa

66 871 1003 83 pureté. S’ils n’ont moyen de s’enfuir ailleurs,

67 932 1017 81 qu’ils renoncent pluſtoſt leur vie que Dieu:

67 989 1021 81 qu’ils ſoyent pluſtoſt crucifiez, que de crucifier

62 1044 1019 91 Ieſus Chriſt, comme en parle l’Apoſtre. Ne

68 1104 1019 86 craignez point (dit noſtre Seigneur) ceux qui

72 1172 1015 81 peuuent ſeulement tuer les corps. Luy meſ¬

70 1230 1021 77 mes, ſes Apoſtres, & infinis Martyrs Chre¬

70 1291 1021 81 ſtiens, nous ont enſeigné cela par leur e¬

72 1362 207 64 xemple.

392 114 384 49 QVES IIORU

1009 89 53 78 85

1083 516 154 76 Matt.10.

1085 590 49 66 23.

1083 707 152 66 2.Chron.

1085 761 140 70 11.13, &

1087 816 80 58 15.9.

128 1407 965 77 NE ſera-il donc permis à aucun particu¬

75 1467 1018 79 lier de reſiſter auec les armes? Que dirons¬

72 1525 1021 70 nous de Moyſe, qui emmena Iſrael, maugré le

76 1578 1017 81 Roy Pharaon? Et de Ehuh, qui au bout de dix

77 1649 1013 74 huit ans, & lors que le royaume ſembloit a¬

77 1702 1016 84 partenir par droit de preſcription à celuy qui

77 1761 1016 82 s’en eſtoit emparé, tua Eglon Roy de Moab,

79 1819 1014 74 & deliura Iſrael du ioug des Moabites? Et de

83 1883 1018 91 Iehu, qui mit à mort ſon Seigneur le Roy Io¬

1091 1040 165 74 Heb.6.6.

1093 1094 156 75 Matt.1o.

1100 1153 53 60 28.

1102 1517 160 84 Exod. 12.

1104 1597 76 51 &c.

1102 1636 129 60 Iuges 3.

1108 1687 52 52 16.

1104 1776 141 71 2.Rois 9.

854 1944 119 70 E.iij.
