1431 2338
354.0 115.0 85.0 77.0 134

356.0 177.0 1003.0 73.0 la vuidange de tous les proces & differens de

357.0 238.0 1001.0 72.0 leurs ſuiets (encores qu’és cauſes d’importan¬

356.0 298.0 1004.0 68.0 ce ils s’en reſeruaſſent touſiouts le dernier iu¬

357.0 357.0 1002.0 71.0 gement, comme on le void en l’hiſtoire de

356 409 1000 74 Samuel) n’ont eu choſe quelconque en plus

362.0 476.0 994.0 70.0 grande recommandation que d’eſtablir de

356.0 537.0 998.0 68.0 bons & ſauans iuges en tous lieux, & auoir

358.0 586.0 991.0 78.0 ſoin ſpecial de l’adminiſtration de iuſtice, s’e¬

358 648 996 76 ſtimans armez du glaiue plus pour chaſtier les

356.0 703.0 997.0 88.0 ſuiets qui ſe porteroyent meſchamment, que

356.0 765.0 995.0 82.0 pour repouſſer les ennemis. Brief, comme dit

354.0 826.0 997.0 78.0 l'Apoſtre, le Prince eſt ſeruiteur ordonné de

354.0 888.0 997.0 80.0 Dieu pour le bien & profit du peuple, eſtant

352.0 944.0 997.0 80.0 armé du glaiue pour garantir les bons de la

348.0 1001.0 1001.0 82.0 violence des meſchans, & quand il s’acquitte

350.0 1063.0 993.0 84.0 de cela, tous luy doiuent honneur & obeiſ¬

350.0 1128.0 154.0 66.0 ſance.

187 399 154 82 2Sam.15

198 474 19 52 2

184 520 156 48 1.Chron.

183 565 149 61 23.4. &

183 615 117 51 26.29.

629.0 123.0 426.0 58.0 TROISTES ME

179 650 158 76 2.Chron.

183 713 86 58 19.1.

184 815 143 92 Rom.13.

423.0 1185.0 920.0 72.0 PVIS donc que les Rois ſont ordonnez

344.0 1249.0 1001.0 73.0 de Dieu & eſtablis par le peuple, pour procu¬

340.0 1306.0 1005.0 64.0 rer le bien de ceux qui leur ſont aſſuiettis, &

340.0 1370.0 1006.0 69.0 ce bien ou profit ſe fait voir principalement

339.0 1428.0 1006.0 68.0 en deux choſes, aſauoir en l’adminiſtration de

339.0 1487.0 1003.0 67.0 iuſtice aux ſuiets & adreſſe aux armes pour re¬

335.0 1548.0 1008.0 67.0 pouſſer les ennemis: certainement il faut infe¬

335.0 1606.0 1007.0 69.0 rer & conclurre de là que le Prince qui ne ſert

337.0 1661.0 1001.0 74.0 qu’à ſon profit ou à ſes plaiſirs, qui meſpriſe &

334.0 1726.0 1003.0 67.0 renuerſe tous droits & deuoirs, qui traite plus

334.0 1784.0 1002.0 69.0 cruellement ſon peuple que ne feroit vn en¬

332.0 1841.0 1002.0 72.0 nemi du tout deſeſperé, peut eſtre propre¬

334.0 1904.0 1000.0 82.0 ment appellé Tyran: & que les Royaumes ain¬

1165.0 1958.0 158.0 92.0 ſi gou¬
