1421 2338
339 101 60 80 96

346 163 1014 74 ioye ou de deſpit en liſant, qu’il ſache que ce

346 214 1014 78 ſont les marques de la haine ou de la faueur

346 276 1014 82 qu’il porte aux tyrans. Entrons maintenant

346 344 279 70 en matiere.

180 433 162 73 Le peuple

180 489 122 68 fait les

183 553 100 53 Ron¬

401 393 962 70 Noys auons monſtré ci deuant, que c’eſt

349 455 1014 80 Dieu qui inſtitue les Rois, qui les eſlit, qui

345 519 1020 71 leur donne les Royaumes. Maintenant nous

345 576 1014 77 diſons, que c’eſt le peuple qui eſtablit les Rois,

346 637 1017 73 qui leur met les ſceptres és mains, & qui par

344 697 1021 74 ſes ſuffrages aprouue leur election. Dieu a vou

344 754 1018 77 lu que cela ſe fiſt ainſi, afin que les Rois reco¬

342 815 1020 76 nuſſent que c’eſt du peuple, apres Dieu, qu’ils

344 879 1018 62 tienent toute leur ſouueraineté & puiſſance:

344 937 1018 73 & pourtant que cela les induiſiſt de rapporter

345 992 1020 74 toute leur ſolicitude & adreſſe au profit du

346 1053 1017 77 peuple, ſans eſtre ſi outrecuidez de pẽſer qu’il

345 1111 1018 80 y ait quelque naturel excellẽt & extraordinai¬

342 1172 1021 74 re en eux à raiſon dequoy ils ayent eſté eſleuez

344 1235 1019 76 par deſſus les autres, comme ſi c’eſtoyẽt quel¬

346 1294 1016 72 ques troupeaux de moutons ou haras de be¬

346 1353 1021 74 ſtes à corne: mais qu’ils ſe ſouuinſſent & conuſ

346 1409 1017 76 ſent eſtre de meſme paſte & condition que les

345 1475 1018 68 autres, eſleuez de terre par les voix & comme

345 1530 1016 75 ſur les eſpaules du peuple iuſques en leur thro¬

346 1591 1013 78 ne, pour porter puis apres la pluſpart des char

348 1654 488 74 ges de la Republique.

633 103 442 56 TROISTESME

402 1710 959 74 QVELQVES centaines d’annees auant que

341 1763 1020 78 le peuple d’Iſrael demandaſt vn Roy, Dieu a¬

342 1830 1017 67 uoit fait la loy du gouuernement royal, con¬

345 1885 1013 75 tenue au dixhuitieſme chapitre du Deutero¬

342 1947 1017 83 nome. Quand tu viendras (ce dit Moyſe) en la

1235 2011 126 69 terre
