1445 2338
90 138 1018 93 l'vn de ſes vaſſaux qui s’empareroit des droits

90 209 1018 78 de ſa couronne, & ſe met en danger euident

92 283 1015 63 d’eſtre deſpouillé de ſes eſtats, & ce dautant

94 328 1014 83 plus iuſtement qu’il n’y a aucune proportion

96 389 1011 78 entre Dieu & vn Roy terrien, entre le Tout¬

96 448 1016 80 puiſſant & vn homme mortel: au lieu qu’entre

97 507 1019 78 vn Seigneur & ſon vaſſal encores y auoit-il

101 568 1013 80 quelque rapport & conuenance. Doncques

100 626 1018 77 toutes & quantes fois que quelque Prince ſe

97 683 1008 71 oublie iuſques là de dire en ſon cœur, Ie mon¬

99 740 1020 76 teray au ciel, i’eſleueray mon throne par deſ¬

102 805 1025 73 ſus les eſtoilles & ſeray ſemblable au Souue¬

103 865 1028 76 rain: mais moy au contraire, dira l’Eternel, Ie

103 926 1030 75 m’eſleueray plus haut, ie me dreſſeray contre

106 984 1027 75 toy, ie racleray ton nom, & toute ta race. Tes

106 1041 1025 76 conſeils s’en iront en fumee: mais ce que i’ay

110 1105 1023 71 vne fois arreſté demeure ferme & ne ſauroit

107 1157 1022 74 eſtre aneanti. Le Seigneur' diſoit à Pharaon,

107 1217 1018 80 Laiſſe aller mon peuple, afin qu’il me ſerue, &

111 1282 1024 76 me face ſacrifice: & pource que ceſt orgueil¬

111 1343 1028 74 leux reſpond qu’il ne conoit point le Dieu des

113 1402 1026 73 Hebrieux, toſt apres il perit malheureuſemẽt.

113 1467 1021 64 Nebucadnezar veut qu’õ adore ſa ſtatue, & ſe

111 1513 1025 82 fait honnorer cõme Dieu. Mais en peu de tẽps

113 1576 1025 74 le vray Dieu reprime l’audace effrenee de ce

114 1640 1029 68 miſerable. Voulãt eſtre eſtimé Dieu il deuient

118 1701 1024 69 beſte, & extrauague par lieux deſerts & eſcar¬

118 1758 1024 73 tez cõme vn aſne ſauuage. Iuſqs à ce(dit le Pro

122 1815 1024 77 phete) qu’il reconoiſſe que le Dieu d’Iſrael eſt

119 1876 1021 73 ſouuerain Seigneur de tous. Sõ fils Belſaſar abu

120 1937 1018 78 ſe des vaiſſeaux ſacrez du Tẽple de Ieruſalem,

440 94 386 60 QVESTTON.

1056 95 59 70 35

1123 687 128 80 Iſai.14.

1123 759 62 51 22.

1136 1147 139 84 Exods

1144 1213 146 72 & 8.&0

1144 1463 150 72 Dan.3.5.

1142 1513 148 67 & 4.25

1144 1570 66 64 &c

874 1995 118 83 C.ij.

1150 1898 149 90 Dan.53
