<?xml version="1.0" encoding="UTF-8"?>
<alto xmlns:xsi="http://www.w3.org/2001/XMLSchema-instance"
      xmlns="http://www.loc.gov/standards/alto/ns-v4#"
      xsi:schemaLocation="http://www.loc.gov/standards/alto/ns-v4# http://www.loc.gov/standards/alto/v4/alto-4-2.xsd">
  <Description>
    <MeasurementUnit>pixel</MeasurementUnit>
    <sourceImageInformation>
      <fileName>page_00003.png</fileName>
    </sourceImageInformation>
  </Description>
  <Tags>
    <OtherTag ID="BT7" LABEL="CustomZone" DESCRIPTION="block type CustomZone"/><OtherTag ID="BT8" LABEL="DamageZone" DESCRIPTION="block type DamageZone"/><OtherTag ID="BT9" LABEL="DigitizationArtefactZone" DESCRIPTION="block type DigitizationArtefactZone"/><OtherTag ID="BT10" LABEL="DropCapitalZone" DESCRIPTION="block type DropCapitalZone"/><OtherTag ID="BT11" LABEL="GraphicZone" DESCRIPTION="block type GraphicZone"/><OtherTag ID="BT12" LABEL="MainZone" DESCRIPTION="block type MainZone"/><OtherTag ID="BT13" LABEL="MarginTextZone" DESCRIPTION="block type MarginTextZone"/><OtherTag ID="BT14" LABEL="MusicZone" DESCRIPTION="block type MusicZone"/><OtherTag ID="BT15" LABEL="NumberingZone" DESCRIPTION="block type NumberingZone"/><OtherTag ID="BT17" LABEL="QuireMarksZone" DESCRIPTION="block type QuireMarksZone"/><OtherTag ID="BT18" LABEL="RunningTitleZone" DESCRIPTION="block type RunningTitleZone"/><OtherTag ID="BT19" LABEL="SealZone" DESCRIPTION="block type SealZone"/><OtherTag ID="BT20" LABEL="StampZone" DESCRIPTION="block type StampZone"/><OtherTag ID="BT21" LABEL="TableZone" DESCRIPTION="block type TableZone"/><OtherTag ID="BT22" LABEL="TitlePageZone" DESCRIPTION="block type TitlePageZone"/><OtherTag ID="BT100001" LABEL="MainZone-Head" DESCRIPTION="block type MainZone-Head"/><OtherTag ID="BT100011" LABEL="MainZone-Entry" DESCRIPTION="block type MainZone-Entry"/><OtherTag ID="BT100005" LABEL="MainZone-P" DESCRIPTION="block type MainZone-P"/><OtherTag ID="BT100008" LABEL="MainZone-Sp" DESCRIPTION="block type MainZone-Sp"/><OtherTag ID="BT100006" LABEL="MainZone-Continued" DESCRIPTION="block type MainZone-Continued"/><OtherTag ID="BT100009" LABEL="MarginTextZone-Notes" DESCRIPTION="block type MarginTextZone-Notes"/><OtherTag ID="BT100007" LABEL="MarginTextZone-ManuscriptAddendum" DESCRIPTION="block type MarginTextZone-ManuscriptAddendum"/><OtherTag ID="BT100013" LABEL="StampZone-Sticker" DESCRIPTION="block type StampZone-Sticker"/><OtherTag ID="BT100014" LABEL="MainZone-ListItem" DESCRIPTION="block type MainZone-ListItem"/>
    <OtherTag ID="LT7" LABEL="CustomLine" DESCRIPTION="line type CustomLine"/><OtherTag ID="LT8" LABEL="DefaultLine" DESCRIPTION="line type DefaultLine"/><OtherTag ID="LT9" LABEL="DropCapitalLine" DESCRIPTION="line type DropCapitalLine"/><OtherTag ID="LT10" LABEL="HeadingLine" DESCRIPTION="line type HeadingLine"/><OtherTag ID="LT11" LABEL="InterlinearLine" DESCRIPTION="line type InterlinearLine"/><OtherTag ID="LT12" LABEL="MusicLine" DESCRIPTION="line type MusicLine"/><OtherTag ID="LT747" LABEL="default" DESCRIPTION="line type default"/>
  </Tags>
  <Layout>
    <Page WIDTH="1460"
          HEIGHT="2338"
          PHYSICAL_IMG_NR="2"
          ID="eSc_dummypage_">
      <PrintSpace HPOS="0"
                  VPOS="0"
                  WIDTH="1460"
                  HEIGHT="2338">
        <TextBlock HPOS="1063.0"
                   VPOS="87.0"
                   WIDTH="66.0"
                   HEIGHT="51.0"
                   ID="eSc_textblock_f4c9d1d7"
                   TAGREFS="BT15">
          <Shape><Polygon POINTS="1063 87 1063 136 1126 138 1129 87"/></Shape>
          <TextLine ID="eSc_line_de98d33a"
                    TAGREFS="LT8"
                    BASELINE="1075 118 1116 118" 
                    HPOS="1074"
                    VPOS="87"
                    WIDTH="40"
                    HEIGHT="61">
            <Shape><Polygon POINTS="1113 87 1093 87 1074 87 1074 116 1074 148 1114 142 1114 116 1114 87 1113 87"/></Shape>
	    <String CONTENT="3"
                    HPOS="1074"
                    VPOS="87"
                    WIDTH="40"
                    HEIGHT="61"
                    WC="0.999997615814209"></String>
          </TextLine>
        </TextBlock>
        <TextBlock HPOS="72.0"
                   VPOS="134.0"
                   WIDTH="1069.0"
                   HEIGHT="274.0"
                   ID="block_8"
                   TAGREFS="BT100001">
          <Shape><Polygon POINTS="1136 140 1141 408 72 405 79 134 953 139"/></Shape>
          <TextLine ID="line_0"
                    TAGREFS="LT8"
                    BASELINE="94 187 534 181 1112 173" 
                    HPOS="91"
                    VPOS="114"
                    WIDTH="1020"
                    HEIGHT="104">
            <Shape><Polygon POINTS="93 185 97 218 113 206 206 216 237 200 385 200 454 212 649 198 668 210 678 210 686 200 781 206 816 194 834 206 890 194 941 204 964 192 999 204 1109 192 1111 171 1107 124 996 114 898 126 838 114 814 128 795 116 744 128 732 116 678 116 621 130 541 118 461 132 341 124 323 134 307 122 243 134 91 130 93 185"/></Shape>
	    <String CONTENT="LES EMPEREVRS THEO¬"
                    HPOS="91"
                    VPOS="114"
                    WIDTH="1020"
                    HEIGHT="104"
                    WC="0.9995233416557312"></String>
          </TextLine>
          <TextLine ID="line_1"
                    TAGREFS="LT8"
                    BASELINE="168 257 1028 246" 
                    HPOS="167"
                    VPOS="202"
                    WIDTH="861"
                    HEIGHT="72">
            <Shape><Polygon POINTS="168 257 170 272 196 266 250 271 274 274 275 274 276 274 285 271 309 264 370 270 389 271 390 271 392 271 400 270 424 263 439 268 445 271 446 271 448 271 463 268 497 262 558 267 596 270 597 270 598 270 606 266 613 263 637 266 663 268 665 268 666 268 672 266 681 261 700 264 711 267 713 267 772 266 774 266 775 266 775 264 776 263 781 259 804 263 819 266 820 266 1028 259 1028 246 1026 210 991 202 989 202 988 202 987 202 976 210 971 213 950 210 918 205 917 205 915 205 902 210 894 213 870 210 815 203 814 203 813 203 811 203 811 205 805 210 800 216 735 216 727 210 719 205 718 205 717 205 715 205 714 205 713 205 705 210 697 216 655 210 640 209 639 209 637 209 636 209 636 210 635 210 628 216 607 211 604 210 602 210 601 210 580 211 455 219 441 211 436 209 435 209 433 209 411 211 345 220 335 213 335 211 333 211 332 211 275 210 274 210 263 211 218 222 167 213 168 257"/></Shape>
	    <String CONTENT="DOSE ET VALENTINIAN"
                    HPOS="167"
                    VPOS="202"
                    WIDTH="861"
                    HEIGHT="72"
                    WC="0.9991453980144701"></String>
          </TextLine>
          <TextLine ID="line_2"
                    TAGREFS="LT8"
                    BASELINE="274 319 930 316" 
                    HPOS="272"
                    VPOS="285"
                    WIDTH="658"
                    HEIGHT="56">
            <Shape><Polygon POINTS="909 285 898 285 893 290 883 285 870 285 867 285 862 290 841 285 831 285 830 285 824 290 823 290 815 290 775 285 766 285 753 285 740 285 730 285 722 288 714 292 663 292 659 288 657 285 649 285 636 285 623 285 610 285 597 285 584 285 571 285 558 285 545 285 539 285 532 292 524 285 519 285 506 285 498 285 487 288 455 285 454 285 441 285 428 285 415 285 402 285 389 285 377 285 313 292 302 285 298 285 285 285 272 285 274 319 274 341 302 341 302 340 303 340 305 340 305 339 315 331 484 336 600 340 601 340 602 340 616 333 626 329 633 333 644 339 645 339 646 339 685 332 704 329 707 332 717 339 718 339 719 339 720 340 784 340 784 339 785 339 787 339 787 337 793 332 817 339 818 339 819 339 820 339 822 339 831 331 883 339 884 339 930 327 930 316 928 292 911 285 909 285"/></Shape>
	    <String CONTENT="a Voluſian grand Preuoſt de"
                    HPOS="272"
                    VPOS="285"
                    WIDTH="658"
                    HEIGHT="56"
                    WC="0.9990496105617948"></String>
          </TextLine>
          <TextLine ID="line_3"
                    TAGREFS="LT8"
                    BASELINE="489 377 720 377" 
                    HPOS="489"
                    VPOS="329"
                    WIDTH="231"
                    HEIGHT="74">
            <Shape><Polygon POINTS="489 377 489 401 513 403 514 403 515 403 516 403 516 402 519 401 527 394 580 394 587 400 593 403 594 403 596 403 597 403 720 396 720 377 720 348 684 339 683 339 681 339 680 339 672 345 652 329 650 329 649 329 648 329 646 329 616 342 605 346 579 340 535 329 533 329 489 335 489 377"/></Shape>
	    <String CONTENT="l’Empire."
                    HPOS="489"
                    VPOS="329"
                    WIDTH="231"
                    HEIGHT="74"
                    WC="0.9950432247585721"></String>
          </TextLine>
        </TextBlock>
        <TextBlock HPOS="96.0"
                   VPOS="471.0"
                   WIDTH="129.0"
                   HEIGHT="134.0"
                   ID="eSc_textblock_ff67c026"
                   TAGREFS="BT10">
          <Shape><Polygon POINTS="96 471 96 605 225 605 225 471"/></Shape>
          <TextLine ID="eSc_line_c2f73721"
                    TAGREFS="LT8"
                    BASELINE="121 587 197 587" 
                    HPOS="120"
                    VPOS="471"
                    WIDTH="76"
                    HEIGHT="134">
            <Shape><Polygon POINTS="120 605 196 605 196 586 194 471 120 483 120 586"/></Shape>
	    <String CONTENT="Q"
                    HPOS="120"
                    VPOS="471"
                    WIDTH="76"
                    HEIGHT="134"
                    WC="0.9999910593032837"></String>
          </TextLine>
        </TextBlock>
        <TextBlock HPOS="74"
                   VPOS="449"
                   WIDTH="1081"
                   HEIGHT="644"
                   ID="eSc_textblock_87cc7698"
                   TAGREFS="BT100005">
          <Shape><Polygon POINTS="74 449 79 1093 1155 1093 1155 455"/></Shape>
          <TextLine ID="line_4"
                    TAGREFS="LT8"
                    BASELINE="222 524 1124 522" 
                    HPOS="218"
                    VPOS="469"
                    WIDTH="904"
                    HEIGHT="76">
            <Shape><Polygon POINTS="1037 469 1017 469 998 469 978 469 959 469 951 469 937 471 894 477 875 471 869 469 861 469 842 469 840 469 834 471 806 477 758 469 744 469 725 469 705 469 699 469 660 477 633 469 627 469 610 469 600 479 555 479 536 469 530 469 510 469 491 469 471 469 452 469 432 469 413 469 405 479 343 479 237 469 237 469 218 469 220 522 226 545 231 537 1118 537 1122 520 1118 473 1050 469 1037 469"/></Shape>
	    <String CONTENT="&#x27;Eſt vne choſe bien ſeante à la Maiesté d’vn"
                    HPOS="218"
                    VPOS="469"
                    WIDTH="904"
                    HEIGHT="76"
                    WC="0.9947641517805017"></String>
          </TextLine>
          <TextLine ID="line_5"
                    TAGREFS="LT8"
                    BASELINE="219 582 492 580 1126 581" 
                    HPOS="216"
                    VPOS="529"
                    WIDTH="908"
                    HEIGHT="76">
            <Shape><Polygon POINTS="218 580 216 602 419 596 456 605 469 605 512 596 594 605 686 596 729 605 781 596 810 605 818 605 832 596 1120 605 1124 580 1122 529 1066 529 1052 545 960 545 918 529 906 531 883 543 851 529 777 529 754 545 588 545 567 529 465 529 446 545 407 545 385 529 378 529 348 543 274 529 259 545 218 545 218 580"/></Shape>
	    <String CONTENT="qui domine ſur les autres, de declairer qu’il"
                    HPOS="216"
                    VPOS="529"
                    WIDTH="908"
                    HEIGHT="76"
                    WC="0.9938025620248583"></String>
          </TextLine>
          <TextLine ID="line_6"
                    TAGREFS="LT8"
                    BASELINE="98 642 1126 642" 
                    HPOS="98"
                    VPOS="605"
                    WIDTH="1028"
                    HEIGHT="60">
            <Shape><Polygon POINTS="1007 610 1001 610 996 614 914 614 906 610 904 610 891 610 878 610 872 610 865 611 857 610 852 610 839 610 826 610 813 610 805 610 794 613 784 610 774 610 761 610 748 610 735 610 724 610 706 613 675 610 670 610 657 610 644 610 631 610 616 610 605 610 601 610 592 615 559 615 553 610 540 610 527 610 516 610 498 613 489 610 488 610 475 610 462 610 449 610 444 610 437 611 429 610 423 610 410 610 397 610 384 610 371 610 358 610 355 610 322 614 315 610 306 610 293 610 280 610 267 610 254 610 229 613 224 610 215 610 202 610 189 610 176 610 163 610 150 610 137 610 136 605 122 605 120 605 119 605 98 614 98 642 98 665 133 665 133 663 135 663 136 663 151 653 210 653 232 662 233 662 235 662 236 662 257 654 275 662 276 662 277 662 279 662 285 662 370 653 487 653 498 659 501 661 502 661 503 661 505 661 509 659 527 653 552 659 571 663 572 663 574 663 591 658 597 657 613 658 665 663 666 663 667 663 692 657 710 653 727 657 755 663 757 663 758 663 785 655 793 654 801 655 824 663 826 663 827 665 939 665 939 663 1126 652 1126 642 1126 615 1026 615 1018 610 1007 610"/></Shape>
	    <String CONTENT="eſt Prince lié aux loix. Auſsi noſtre puiſſance de¬"
                    HPOS="98"
                    VPOS="605"
                    WIDTH="1028"
                    HEIGHT="60"
                    WC="0.9814843821984071"></String>
          </TextLine>
          <TextLine ID="line_7"
                    TAGREFS="LT8"
                    BASELINE="98 700 1126 702" 
                    HPOS="97"
                    VPOS="654"
                    WIDTH="1029"
                    HEIGHT="68">
            <Shape><Polygon POINTS="98 700 97 718 200 714 250 719 268 720 270 720 271 720 276 719 292 714 315 719 326 720 327 720 328 720 335 719 350 714 365 718 372 720 374 720 375 720 387 718 405 714 413 718 415 720 416 720 418 720 419 720 436 718 461 714 467 718 471 720 472 720 474 720 475 722 545 722 545 720 546 720 553 718 561 714 583 718 613 722 614 722 615 722 626 716 629 715 635 716 648 722 649 722 650 722 688 716 704 715 774 716 1014 722 1015 722 1124 714 1126 702 1124 668 1059 667 1037 655 1036 655 1010 655 1009 655 1007 655 1006 655 992 667 991 668 902 668 900 667 887 658 885 658 884 658 883 658 881 658 861 667 858 667 857 667 839 661 837 661 836 661 801 666 793 667 791 666 768 657 767 657 766 657 704 662 670 655 668 655 667 655 635 666 629 667 627 666 615 657 614 657 613 657 611 657 587 662 561 654 559 654 558 654 557 654 528 661 455 654 454 654 453 654 432 663 415 657 414 657 413 657 411 657 392 665 388 666 383 665 361 658 359 658 358 658 357 658 355 658 348 665 344 667 307 667 305 665 296 657 294 657 293 657 292 657 290 657 266 663 263 665 261 663 236 654 235 654 196 654 194 654 193 654 192 654 179 663 175 666 157 663 113 657 111 657 110 657 98 662 98 700"/></Shape>
	    <String CONTENT="pend de l’autorité du droit. Et à la verité, c’eſt vne"
                    HPOS="97"
                    VPOS="654"
                    WIDTH="1029"
                    HEIGHT="68"
                    WC="0.9863851091317963"></String>
          </TextLine>
          <TextLine ID="line_8"
                    TAGREFS="LT8"
                    BASELINE="100 759 1127 763" 
                    HPOS="100"
                    VPOS="713"
                    WIDTH="1027"
                    HEIGHT="72">
            <Shape><Polygon POINTS="100 759 100 775 144 775 145 775 161 783 162 783 163 784 266 784 266 783 267 783 290 776 305 772 363 772 377 776 394 783 396 783 397 783 398 783 414 778 428 772 498 772 518 778 544 784 545 784 546 784 568 779 589 774 633 774 646 779 657 784 658 784 659 784 661 784 670 779 681 774 694 780 705 784 706 784 707 785 771 785 771 784 772 784 787 780 807 775 1124 783 1127 763 1126 724 1080 715 1079 715 1031 724 1013 727 1000 724 971 715 970 715 969 715 928 722 888 715 887 715 885 715 868 724 866 726 863 724 853 715 852 715 850 715 849 715 848 715 822 722 788 715 787 715 785 715 767 724 765 726 762 724 750 714 749 714 748 714 717 714 715 714 714 714 689 724 684 726 679 724 654 714 653 714 652 714 650 714 631 724 627 727 476 727 470 724 442 714 441 714 440 714 439 714 418 724 415 724 311 724 307 724 276 713 275 713 274 713 272 713 231 723 202 713 201 713 142 713 141 713 140 713 138 713 124 724 123 724 100 724 100 759"/></Shape>
	    <String CONTENT="choſe plus excellente que la dignité de l’Empire"
                    HPOS="100"
                    VPOS="713"
                    WIDTH="1027"
                    HEIGHT="72"
                    WC="0.9893897139296239"></String>
          </TextLine>
          <TextLine ID="line_9"
                    TAGREFS="LT8"
                    BASELINE="101 819 1132 822" 
                    HPOS="100"
                    VPOS="775"
                    WIDTH="1032"
                    HEIGHT="61">
            <Shape><Polygon POINTS="100 836 1131 835 1132 822 1130 788 1072 788 1070 787 1053 780 1052 780 1050 780 1014 787 1009 788 1005 787 976 778 975 778 974 778 972 778 956 785 936 776 935 776 933 776 932 776 910 787 907 788 906 787 888 779 887 779 885 779 884 779 883 779 870 787 867 789 742 789 740 787 728 778 727 778 726 778 724 778 678 787 670 788 662 787 616 775 615 775 614 775 562 785 549 775 548 775 546 775 545 775 544 775 505 787 502 787 500 787 466 779 465 779 463 779 442 787 441 787 424 775 423 775 422 775 306 775 305 775 303 775 281 787 280 788 222 788 220 787 206 775 205 775 203 775 179 775 177 775 176 775 175 775 158 787 155 787 101 787 101 819"/></Shape>
	    <String CONTENT="meſmes, d’aſſuiettir la Principauté aux loix. Sca¬"
                    HPOS="100"
                    VPOS="775"
                    WIDTH="1032"
                    HEIGHT="61"
                    WC="0.9892174367811165"></String>
          </TextLine>
          <TextLine ID="line_10"
                    TAGREFS="LT8"
                    BASELINE="103 879 1132 881" 
                    HPOS="102"
                    VPOS="833"
                    WIDTH="1030"
                    HEIGHT="72">
            <Shape><Polygon POINTS="103 879 102 889 198 902 200 904 280 904 280 902 322 893 328 892 336 893 359 898 361 898 415 894 448 892 453 894 462 902 463 902 465 902 466 904 526 904 526 902 527 902 542 896 554 892 616 892 632 897 636 898 637 898 639 898 661 897 719 894 726 898 728 901 730 901 731 901 732 901 733 901 735 901 737 898 744 893 754 898 759 901 761 901 762 901 791 900 883 893 931 901 946 904 948 905 1048 905 1048 904 1049 904 1050 904 1061 896 1130 904 1132 881 1131 849 1013 849 1011 848 992 835 991 835 989 835 988 835 936 836 935 836 933 836 918 848 891 835 889 835 888 835 828 841 796 835 794 835 726 848 722 848 720 848 692 835 691 835 689 835 688 835 687 835 674 842 646 835 645 835 644 835 642 835 615 845 601 833 600 833 598 833 597 833 539 846 537 846 466 835 465 835 463 835 426 846 424 846 385 833 384 833 383 833 381 833 352 841 227 833 226 833 224 833 223 833 206 846 103 846 103 879"/></Shape>
	    <String CONTENT="uoir faiſons à tous, par la declaration de ceſtuy no¬"
                    HPOS="102"
                    VPOS="833"
                    WIDTH="1030"
                    HEIGHT="72"
                    WC="0.9927468101183573"></String>
          </TextLine>
          <TextLine ID="line_11"
                    TAGREFS="LT8"
                    BASELINE="102 940 1131 942" 
                    HPOS="101"
                    VPOS="894"
                    WIDTH="1030"
                    HEIGHT="69">
            <Shape><Polygon POINTS="102 940 101 958 270 953 316 961 320 961 322 961 323 961 324 961 340 953 394 953 446 961 449 961 450 961 452 961 485 953 580 961 581 961 583 961 604 953 631 959 632 959 633 959 802 954 813 962 814 962 815 962 817 963 909 963 909 962 913 962 976 954 993 962 994 962 996 962 997 962 998 962 1007 954 1036 962 1037 962 1039 963 1130 963 1131 942 1130 909 972 909 967 906 937 896 936 896 828 896 827 896 826 896 797 905 787 907 781 904 772 897 771 897 770 897 696 897 694 897 666 902 641 907 550 901 533 901 532 901 522 901 450 906 426 900 403 894 402 894 372 894 371 894 370 894 368 894 362 900 353 906 326 898 307 894 306 894 305 894 239 898 161 902 149 897 144 894 142 894 141 894 102 896 102 940"/></Shape>
	    <String CONTENT="ſtre Edict, cela que nous ne voulons ſouffrir nous e¬"
                    HPOS="101"
                    VPOS="894"
                    WIDTH="1030"
                    HEIGHT="69"
                    WC="0.9798343395287136"></String>
          </TextLine>
          <TextLine ID="line_12"
                    TAGREFS="LT8"
                    BASELINE="103 1002 475 1000 1133 1006" 
                    HPOS="103"
                    VPOS="953"
                    WIDTH="1030"
                    HEIGHT="73">
            <Shape><Polygon POINTS="103 1002 103 1020 184 1011 233 1022 237 1022 239 1022 240 1022 241 1022 274 1013 294 1019 296 1019 297 1019 409 1013 475 1023 483 1023 484 1024 542 1024 542 1023 544 1023 545 1023 562 1015 598 1023 602 1023 604 1023 605 1023 606 1023 624 1014 706 1023 719 1024 720 1024 730 1023 780 1015 848 1015 881 1024 884 1024 885 1024 887 1024 894 1024 972 1017 1004 1024 1009 1026 1010 1026 1011 1026 1132 1024 1133 1006 1133 967 1097 958 1096 958 1095 958 1093 958 1083 967 1076 971 1017 971 1009 967 1000 962 998 962 997 962 996 962 980 967 966 971 949 967 917 958 915 958 914 958 913 958 896 967 889 971 824 971 814 967 784 957 783 957 781 957 739 967 724 970 619 970 615 967 601 957 600 957 598 957 572 955 571 955 570 955 568 955 550 967 546 970 476 970 462 967 380 954 379 954 377 954 333 967 332 967 318 955 316 955 315 955 246 954 245 954 244 954 228 962 218 953 216 953 215 953 131 953 129 953 128 953 103 965 103 1002"/></Shape>
	    <String CONTENT="ſtre loiſible. Donné à Rauenne, l’onzieſme iour de"
                    HPOS="103"
                    VPOS="953"
                    WIDTH="1030"
                    HEIGHT="73"
                    WC="0.9888914800607241"></String>
          </TextLine>
          <TextLine ID="line_13"
                    TAGREFS="LT8"
                    BASELINE="106 1061 1000 1063" 
                    HPOS="105"
                    VPOS="1013"
                    WIDTH="895"
                    HEIGHT="76">
            <Shape><Polygon POINTS="106 1061 105 1081 161 1087 162 1087 180 1083 200 1078 206 1083 210 1085 210 1087 211 1087 213 1087 214 1088 249 1088 249 1087 280 1083 331 1078 429 1084 467 1087 468 1087 470 1087 471 1087 471 1085 472 1085 481 1078 542 1078 568 1085 574 1087 575 1087 576 1087 588 1085 639 1079 710 1087 728 1088 730 1088 731 1088 735 1087 757 1079 810 1079 823 1087 824 1087 826 1087 827 1087 868 1079 905 1088 906 1088 907 1088 909 1088 910 1088 911 1088 944 1079 957 1088 958 1088 959 1088 961 1089 998 1089 1000 1063 998 1028 907 1028 906 1027 888 1014 887 1014 885 1014 884 1014 845 1020 813 1014 811 1014 810 1014 809 1014 789 1027 788 1028 707 1028 706 1027 680 1014 679 1014 640 1014 639 1014 637 1014 611 1027 598 1015 598 1014 597 1014 596 1014 594 1014 559 1019 523 1013 522 1013 520 1013 497 1019 457 1013 455 1013 454 1013 453 1013 442 1020 397 1013 396 1013 394 1013 366 1020 328 1013 327 1013 326 1013 324 1013 324 1014 310 1026 310 1027 284 1027 283 1026 248 1013 246 1013 245 1013 244 1013 216 1026 215 1027 157 1027 155 1026 146 1018 145 1018 144 1018 142 1018 106 1024 106 1061"/></Shape>
	    <String CONTENT="Iuin, ſous le Conſulat de Florent &amp; Denis."
                    HPOS="105"
                    VPOS="1013"
                    WIDTH="895"
                    HEIGHT="76"
                    WC="0.9995236907686506"></String>
          </TextLine>
        </TextBlock>
        <TextBlock HPOS="112.0"
                   VPOS="1155.0"
                   WIDTH="1028.0"
                   HEIGHT="266.0"
                   ID="block_7"
                   TAGREFS="BT100001">
          <Shape><Polygon POINTS="1140 1155 1140 1421 112 1421 112 1155"/></Shape>
          <TextLine ID="line_14"
                    TAGREFS="LT8"
                    BASELINE="132 1206 1135 1210" 
                    HPOS="132"
                    VPOS="1150"
                    WIDTH="1003"
                    HEIGHT="80">
            <Shape><Polygon POINTS="1135 1166 1056 1166 1053 1165 1044 1157 1043 1157 1041 1157 1040 1157 996 1163 984 1165 980 1163 967 1156 966 1156 965 1156 963 1156 948 1162 945 1163 927 1162 878 1158 876 1158 875 1158 863 1161 849 1165 833 1161 800 1153 662 1153 661 1153 631 1158 598 1163 583 1157 576 1154 575 1154 574 1154 561 1157 539 1162 523 1157 515 1153 514 1153 513 1153 498 1156 466 1163 435 1163 423 1154 419 1152 418 1152 416 1152 242 1152 241 1152 240 1152 239 1152 226 1162 171 1154 170 1154 168 1154 154 1162 135 1150 132 1206 132 1226 228 1226 228 1224 229 1224 244 1218 277 1224 290 1227 292 1227 311 1224 346 1220 406 1224 442 1227 444 1227 455 1224 480 1219 633 1219 640 1224 644 1228 645 1228 646 1228 648 1228 649 1228 665 1224 680 1220 691 1224 701 1228 702 1228 704 1228 705 1228 714 1224 726 1219 772 1224 822 1230 823 1230 852 1224 865 1222 879 1224 910 1230 911 1230 948 1224 970 1220 992 1224 1027 1230 1028 1230 1133 1223 1135 1210 1135 1166"/></Shape>
	    <String CONTENT="IVSTIN, AV SECOND LI¬"
                    HPOS="132"
                    VPOS="1150"
                    WIDTH="1003"
                    HEIGHT="80"
                    WC="0.9954976865223476"></String>
          </TextLine>
          <TextLine ID="line_15"
                    TAGREFS="LT8"
                    BASELINE="236 1274 1033 1279" 
                    HPOS="235"
                    VPOS="1231"
                    WIDTH="798"
                    HEIGHT="66">
            <Shape><Polygon POINTS="236 1274 235 1291 267 1285 348 1292 368 1293 370 1293 371 1293 376 1292 398 1285 411 1292 415 1293 416 1293 418 1293 458 1292 557 1287 575 1291 588 1294 589 1294 591 1294 592 1294 605 1291 620 1287 646 1291 670 1294 671 1294 731 1291 771 1288 776 1291 787 1296 788 1296 789 1296 875 1291 892 1289 900 1289 941 1296 943 1296 944 1296 962 1289 965 1289 970 1289 1015 1297 1017 1297 1018 1297 1032 1289 1033 1279 1033 1246 1015 1237 1014 1237 952 1237 950 1237 885 1244 868 1245 862 1244 832 1233 831 1233 798 1233 797 1233 796 1233 794 1233 784 1243 781 1244 779 1243 766 1235 765 1235 763 1235 720 1241 702 1244 698 1241 694 1237 693 1237 692 1237 691 1237 640 1240 581 1243 575 1239 566 1232 565 1232 563 1232 562 1232 561 1232 559 1232 550 1239 542 1243 502 1237 480 1235 479 1235 465 1236 444 1240 439 1236 432 1231 431 1231 429 1231 428 1231 427 1231 415 1236 402 1241 236 1233 236 1274"/></Shape>
	    <String CONTENT="VRE, PARLANT DE LY¬"
                    HPOS="235"
                    VPOS="1231"
                    WIDTH="798"
                    HEIGHT="66"
                    WC="0.9989053701099596"></String>
          </TextLine>
          <TextLine ID="line_16"
                    TAGREFS="LT8"
                    BASELINE="289 1340 949 1348" 
                    HPOS="288"
                    VPOS="1293"
                    WIDTH="661"
                    HEIGHT="79">
            <Shape><Polygon POINTS="289 1340 288 1357 436 1367 437 1367 439 1367 440 1367 453 1358 457 1357 485 1357 490 1358 506 1369 507 1369 509 1369 510 1369 613 1359 618 1359 632 1369 633 1369 635 1369 636 1369 637 1369 639 1369 639 1367 648 1359 706 1359 709 1359 730 1370 731 1370 732 1370 793 1361 794 1361 810 1369 811 1369 813 1369 871 1363 894 1372 896 1372 897 1372 898 1372 900 1372 918 1362 948 1362 949 1348 949 1311 891 1311 889 1310 875 1298 874 1298 872 1298 839 1297 837 1297 784 1307 763 1297 762 1297 658 1296 657 1296 655 1296 623 1307 620 1307 619 1307 594 1294 593 1294 592 1294 516 1306 510 1306 507 1305 474 1293 472 1293 471 1293 470 1293 448 1305 446 1305 400 1305 353 1304 342 1294 342 1293 341 1293 340 1293 339 1293 337 1293 316 1304 315 1304 289 1304 289 1340"/></Shape>
	    <String CONTENT="curgus Legiſlateur des Lace¬"
                    HPOS="288"
                    VPOS="1293"
                    WIDTH="661"
                    HEIGHT="79"
                    WC="0.9986119057450976"></String>
          </TextLine>
          <TextLine ID="line_17"
                    TAGREFS="LT8"
                    BASELINE="479 1404 762 1405" 
                    HPOS="478"
                    VPOS="1359"
                    WIDTH="284"
                    HEIGHT="68">
            <Shape><Polygon POINTS="479 1404 478 1420 488 1427 489 1427 490 1427 492 1427 558 1420 592 1427 593 1427 594 1427 631 1418 741 1427 742 1427 744 1427 761 1417 762 1405 761 1372 640 1359 639 1359 637 1359 623 1366 613 1371 557 1365 555 1365 554 1365 539 1371 516 1362 511 1359 510 1359 509 1359 479 1359 479 1404"/></Shape>
	    <String CONTENT="demoniens."
                    HPOS="478"
                    VPOS="1359"
                    WIDTH="284"
                    HEIGHT="68"
                    WC="0.9999128222465515"></String>
          </TextLine>
        </TextBlock>
        <TextBlock HPOS="101.0"
                   VPOS="1469.0"
                   WIDTH="86.0"
                   HEIGHT="129.0"
                   ID="eSc_textblock_48677fac"
                   TAGREFS="BT10">
          <Shape><Polygon POINTS="101 1469 101 1598 187 1598 187 1469"/></Shape>
          <TextLine ID="eSc_line_106482db"
                    TAGREFS="LT8"
                    BASELINE="121 1580 182 1577" 
                    HPOS="116"
                    VPOS="1472"
                    WIDTH="65"
                    HEIGHT="125">
            <Shape><Polygon POINTS="136 1472 116 1472 120 1578 120 1597 181 1595 181 1576 173 1472 155 1472"/></Shape>
	    <String CONTENT="I"
                    HPOS="116"
                    VPOS="1472"
                    WIDTH="65"
                    HEIGHT="125"
                    WC="0.9999618530273438"></String>
          </TextLine>
        </TextBlock>
        <TextBlock HPOS="74"
                   VPOS="1443"
                   WIDTH="1091"
                   HEIGHT="510"
                   ID="eSc_textblock_40c3294a"
                   TAGREFS="BT100005">
          <Shape><Polygon POINTS="76 1452 76 1523 74 1953 1165 1953 1165 1443"/></Shape>
          <TextLine ID="line_18"
                    TAGREFS="LT8"
                    BASELINE="190 1511 1143 1528" 
                    HPOS="187"
                    VPOS="1472"
                    WIDTH="955"
                    HEIGHT="88">
            <Shape><Polygon POINTS="701 1472 615 1480 602 1472 571 1472 534 1478 483 1472 189 1472 187 1537 374 1533 434 1548 481 1537 522 1550 561 1537 610 1552 783 1541 797 1554 1007 1545 1031 1560 1140 1545 1142 1527 1138 1478 1035 1488 933 1486 925 1474 727 1482 701 1472"/></Shape>
	    <String CONTENT="L fit des loix aux Spartiates qui n’en auoyent"
                    HPOS="187"
                    VPOS="1472"
                    WIDTH="955"
                    HEIGHT="88"
                    WC="0.9885545424793077"></String>
          </TextLine>
          <TextLine ID="line_19"
                    TAGREFS="LT8"
                    BASELINE="188 1574 1145 1587" 
                    HPOS="185"
                    VPOS="1529"
                    WIDTH="959"
                    HEIGHT="80">
            <Shape><Polygon POINTS="185 1599 1140 1609 1144 1585 1144 1552 1114 1543 1035 1552 1005 1539 906 1548 816 1550 803 1537 795 1537 766 1548 729 1537 707 1546 697 1535 598 1546 485 1533 465 1545 401 1531 208 1541 191 1529 185 1599"/></Shape>
	    <String CONTENT="point: &amp; fut autant renommé pour s’eſtre mon¬"
                    HPOS="185"
                    VPOS="1529"
                    WIDTH="959"
                    HEIGHT="80"
                    WC="0.9882258332293966"></String>
          </TextLine>
          <TextLine ID="line_20"
                    TAGREFS="LT8"
                    BASELINE="115 1641 432 1640 1149 1650" 
                    HPOS="115"
                    VPOS="1589"
                    WIDTH="1034"
                    HEIGHT="83">
            <Shape><Polygon POINTS="115 1641 115 1662 148 1652 222 1652 248 1662 254 1665 255 1665 257 1665 258 1665 263 1662 283 1653 297 1659 298 1659 300 1659 354 1653 371 1662 376 1666 377 1666 379 1666 380 1667 411 1667 411 1666 413 1666 414 1666 419 1662 433 1654 496 1654 511 1662 522 1667 523 1667 524 1667 548 1662 580 1656 604 1662 614 1666 615 1666 616 1666 618 1666 624 1662 632 1658 640 1662 645 1666 646 1666 648 1666 649 1666 688 1662 724 1659 730 1662 736 1667 737 1667 739 1667 810 1671 811 1672 917 1672 917 1671 918 1671 940 1662 945 1661 949 1662 965 1672 966 1672 967 1672 969 1672 970 1672 1004 1662 1010 1661 1015 1662 1036 1671 1037 1671 1039 1671 1040 1671 1058 1662 1061 1662 1146 1662 1149 1650 1146 1602 1095 1615 1072 1609 1071 1609 1070 1609 1069 1609 1054 1615 931 1615 889 1598 888 1598 887 1598 857 1598 855 1598 854 1598 853 1598 832 1613 694 1613 666 1611 654 1601 653 1601 652 1601 650 1601 610 1610 575 1595 574 1595 572 1595 522 1595 520 1595 519 1595 518 1595 487 1609 462 1597 461 1597 272 1592 271 1592 270 1592 245 1606 220 1591 219 1591 218 1591 216 1591 215 1591 176 1605 158 1591 157 1591 155 1591 115 1589 115 1641"/></Shape>
	    <String CONTENT="ſtré auſsi diligent obſeruateur, que ſage inuenteur"
                    HPOS="115"
                    VPOS="1589"
                    WIDTH="1034"
                    HEIGHT="83"
                    WC="0.9978652848647191"></String>
          </TextLine>
          <TextLine ID="line_21"
                    TAGREFS="LT8"
                    BASELINE="119 1696 1143 1709" 
                    HPOS="118"
                    VPOS="1654"
                    WIDTH="1025"
                    HEIGHT="78">
            <Shape><Polygon POINTS="119 1696 118 1709 367 1711 383 1715 426 1724 427 1724 428 1724 452 1717 458 1715 468 1718 500 1724 501 1724 502 1724 514 1718 522 1714 537 1719 559 1726 561 1726 637 1727 639 1727 640 1727 641 1727 650 1722 654 1719 727 1723 836 1730 837 1730 857 1726 872 1723 883 1727 888 1728 889 1728 891 1728 892 1728 896 1727 913 1719 975 1727 976 1727 978 1727 979 1727 988 1721 1044 1727 1045 1727 1106 1722 1139 1732 1143 1709 1143 1676 965 1675 961 1672 944 1665 943 1665 941 1665 940 1665 939 1665 927 1672 924 1672 783 1672 779 1670 771 1662 770 1662 768 1662 732 1661 731 1661 663 1667 631 1670 581 1670 576 1666 571 1661 570 1661 568 1661 567 1661 566 1661 552 1665 541 1669 536 1665 526 1658 524 1658 523 1658 522 1658 484 1665 462 1667 448 1663 427 1657 426 1657 424 1657 396 1662 376 1666 354 1662 323 1656 231 1656 229 1656 228 1656 227 1656 222 1659 216 1663 205 1659 192 1654 190 1654 189 1654 119 1657 119 1696"/></Shape>
	    <String CONTENT="d’icelles. Car il ne fit loy quelcõque pour les autres,"
                    HPOS="118"
                    VPOS="1654"
                    WIDTH="1025"
                    HEIGHT="78"
                    WC="0.9862964515175138"></String>
          </TextLine>
          <TextLine ID="line_22"
                    TAGREFS="LT8"
                    BASELINE="120 1758 1144 1769" 
                    HPOS="119"
                    VPOS="1714"
                    WIDTH="1025"
                    HEIGHT="79">
            <Shape><Polygon POINTS="120 1758 119 1769 168 1770 197 1783 198 1783 200 1783 254 1774 283 1782 284 1782 285 1782 287 1782 305 1772 366 1772 389 1782 390 1782 392 1782 450 1774 468 1785 470 1785 471 1785 510 1787 511 1787 588 1778 628 1787 629 1787 631 1787 659 1776 766 1788 767 1788 768 1788 770 1788 783 1779 846 1785 848 1785 885 1778 1015 1792 1017 1793 1059 1793 1059 1792 1061 1792 1080 1782 1106 1789 1107 1789 1109 1789 1110 1789 1143 1779 1144 1769 1144 1732 1131 1723 1130 1723 1128 1723 1127 1723 1126 1723 1095 1735 1092 1736 1049 1736 1044 1734 1015 1722 1014 1722 1013 1722 1011 1722 979 1730 940 1722 939 1722 937 1722 936 1722 923 1731 917 1735 888 1735 805 1728 758 1726 757 1726 741 1727 710 1731 704 1726 694 1719 693 1719 692 1719 691 1719 620 1724 572 1728 562 1723 550 1718 549 1718 501 1717 500 1717 498 1717 485 1722 471 1730 394 1730 377 1719 371 1715 370 1715 368 1715 281 1715 280 1715 279 1715 272 1718 248 1727 211 1717 202 1714 201 1714 200 1714 120 1714 120 1758"/></Shape>
	    <String CONTENT="à laquelle il ne s’aſſuiettiſt le premier: dreſſant &amp;"
                    HPOS="119"
                    VPOS="1714"
                    WIDTH="1025"
                    HEIGHT="79"
                    WC="0.9986042810810937"></String>
          </TextLine>
          <TextLine ID="line_23"
                    TAGREFS="LT8"
                    BASELINE="120 1815 1149 1828" 
                    HPOS="119"
                    VPOS="1775"
                    WIDTH="1030"
                    HEIGHT="77">
            <Shape><Polygon POINTS="120 1815 119 1828 158 1840 159 1840 161 1840 162 1840 187 1834 223 1841 224 1841 306 1832 337 1843 339 1843 340 1843 403 1835 428 1844 429 1844 431 1844 474 1837 532 1845 533 1845 719 1837 723 1837 726 1837 831 1848 832 1848 833 1848 853 1840 896 1840 920 1840 923 1840 1002 1850 1004 1850 1005 1850 1019 1845 1126 1852 1127 1852 1128 1852 1148 1843 1149 1828 1148 1785 946 1796 893 1796 876 1785 874 1783 872 1783 871 1783 870 1783 853 1785 804 1792 710 1785 631 1779 593 1779 592 1779 591 1779 589 1779 581 1785 578 1788 565 1785 542 1779 541 1779 540 1779 539 1779 519 1785 502 1789 448 1789 440 1785 424 1776 423 1776 422 1776 420 1776 389 1785 376 1788 350 1785 277 1775 232 1775 231 1775 229 1775 209 1785 207 1785 203 1785 170 1778 168 1778 120 1784 120 1815"/></Shape>
	    <String CONTENT="acouſtumant le peuple à obeir aux Princes, &amp; les"
                    HPOS="119"
                    VPOS="1775"
                    WIDTH="1030"
                    HEIGHT="77"
                    WC="0.9988825771273399"></String>
          </TextLine>
          <TextLine ID="line_24"
                    TAGREFS="LT8"
                    BASELINE="120 1878 1146 1888" 
                    HPOS="119"
                    VPOS="1837"
                    WIDTH="1027"
                    HEIGHT="80">
            <Shape><Polygon POINTS="120 1878 119 1897 146 1906 148 1906 149 1906 150 1906 171 1898 176 1896 248 1896 266 1898 324 1909 326 1909 444 1900 465 1898 483 1900 588 1911 589 1911 591 1911 627 1901 631 1900 632 1901 645 1913 646 1913 648 1913 649 1913 650 1913 666 1906 722 1913 723 1913 781 1902 819 1909 820 1909 862 1902 865 1902 870 1902 1018 1917 1019 1917 1020 1917 1058 1906 1106 1917 1107 1917 1109 1917 1145 1904 1146 1888 1146 1857 1117 1845 1115 1845 1041 1845 1040 1845 1039 1845 1022 1854 1018 1856 865 1854 859 1852 843 1843 841 1843 840 1843 788 1849 762 1853 746 1849 726 1843 724 1843 663 1841 662 1841 661 1841 646 1847 635 1852 623 1847 609 1840 607 1840 606 1840 555 1845 506 1850 475 1844 462 1841 461 1841 459 1841 452 1843 429 1850 394 1850 383 1841 379 1839 377 1839 376 1839 375 1839 374 1839 368 1841 359 1847 258 1848 249 1840 248 1840 246 1840 245 1840 203 1847 120 1837 120 1878"/></Shape>
	    <String CONTENT="Princes à gouuerner &amp; commander comme il ap¬"
                    HPOS="119"
                    VPOS="1837"
                    WIDTH="1027"
                    HEIGHT="80"
                    WC="0.9987136046091716"></String>
          </TextLine>
          <TextLine ID="line_25"
                    TAGREFS="LT8"
                    BASELINE="120 1936 323 1940" 
                    HPOS="119"
                    VPOS="1898"
                    WIDTH="204"
                    HEIGHT="72">
            <Shape><Polygon POINTS="302 1911 289 1911 276 1911 263 1911 250 1911 237 1921 224 1921 211 1921 198 1921 185 1921 172 1921 159 1921 146 1909 144 1905 122 1898 120 1936 119 1966 136 1967 137 1967 138 1967 140 1967 140 1966 151 1956 185 1958 196 1967 196 1969 197 1969 198 1969 200 1969 201 1969 202 1969 223 1957 237 1965 239 1965 240 1965 241 1965 242 1965 255 1957 320 1970 323 1940 323 1918 311 1911 302 1911"/></Shape>
	    <String CONTENT="parhent."
                    HPOS="119"
                    VPOS="1898"
                    WIDTH="204"
                    HEIGHT="72"
                    WC="0.8852227069437504"></String>
          </TextLine>
        </TextBlock>
        <TextBlock HPOS="879.0"
                   VPOS="1957.0"
                   WIDTH="124.0"
                   HEIGHT="75.0"
                   ID="block_6"
                   TAGREFS="BT17">
          <Shape><Polygon POINTS="1003 1957 1003 2032 879 2032 879 1957"/></Shape>
          <TextLine ID="line_26"
                    TAGREFS="LT8"
                    BASELINE="880 2008 1001 2010" 
                    HPOS="879"
                    VPOS="1952"
                    WIDTH="122"
                    HEIGHT="85">
            <Shape><Polygon POINTS="880 2008 879 2023 907 2035 909 2035 910 2035 911 2035 928 2028 939 2024 956 2031 966 2036 967 2036 969 2037 1000 2037 1001 2010 1001 1961 991 1953 989 1953 988 1953 987 1953 923 1961 911 1952 910 1952 909 1952 907 1952 906 1952 880 1960 880 2008"/></Shape>
	    <String CONTENT="A.ij."
                    HPOS="879"
                    VPOS="1952"
                    WIDTH="122"
                    HEIGHT="85"
                    WC="0.9945543766021728"></String>
          </TextLine>
        </TextBlock>
      </PrintSpace>
    </Page>
  </Layout>
</alto>
