1412 2343
326.0 83.0 99.0 69.0 244

325 136 1011 78 deſcouurir le mal, ſinon apres qu’il a tout em¬

328 197 1007 78 porté, & que les ſuiets ne penſent à ſe conſer¬

325.0 262.0 1012.0 71.0 uer ſinon alors qu’ils ſont preſque ruinez, ou

321.0 348.0 1012.0 43.0 reduito tenement drentrols quiio imenpeun-¬

321.0 378.0 1011.0 72.0 ſortir par leurs propres forces, ains ſont con¬

319.0 439.0 1010.0 67.0 trains implorer le ſecours d’autruy: on demã¬

320.0 495.0 1013.0 71.0 de, ſi les Princes Chreſtiens peuuent ſelõ droit

319.0 554.0 1012.0 69.0 & raiſon & en bonne conſcience ſecourir tels

319.0 610.0 1007.0 77.0 ſuiets ſouſtenãs la cauſe de l’Egliſe ou de leur

321.0 674.0 1008.0 74.0 Royaume. Il y en a pluſieurs qui eſperans s’a¬

321.0 734.0 1008.0 73.0 grandir ou emplir leurs coffres en ſecourant

317.0 790.0 1010.0 76.0 les affligez, ont incontinent reſpondu qu’il e¬

317.0 849.0 1010.0 76.0 ſtoit loiſible de ce faire: & c’eſt ainſi que les Ro

316.0 911.0 1007.0 73.0 mains, Alexandre le Grand & pluſieurs autres,

317.0 969.0 1009.0 73.0 ſous pretexte de reprimer les tyrans ont ſouuẽ¬

319.0 1030.0 996.0 71.0 tesfois eſtendu leurs limites. Il n’y a pas long

320.0 1092.0 1004.0 69.0 temps que nous auõs veu le Roy Hẽry deuxieſ¬

319.0 1146.0 1008.0 74.0 me faire la guerre à l’Empereur Charles le

323.0 1206.0 1001.0 72.0 Quint, ſous couleur de defendre &deliurer les

316.0 1263.0 1010.0 69.0 Princes proteſtãs: comme auſſi Henri huitieſ¬

315.0 1326.0 1011.0 74.0 me, Roy d’Angleterre ſe monſtra preſt de ſe¬

313.0 1386.0 1010.0 70.0 courir les Alemãs, ſi Charles le Quint les vou¬

312.0 1444.0 1011.0 73.0 loit moleſter. Mais s’il y a quelque apparence

312.0 1506.0 1010.0 72.0 de danger ou de petit profit, alors on orra plu

313.0 1563.0 1010.0 73.0 ſieurs Princes diſputer s’il eſt loiſible ou non

313.0 1625.0 1010.0 64.0 de donner ſecours. Et comme ceux-là cou¬

312.0 1683.0 1011.0 69.0 uroyent leur ambition ou auarice du voile de

311.0 1742.0 1009.0 73.0 pieté, ceux ci au contraire appellent leur laſ¬

308.0 1801.0 1008.0 72.0 cheté iuſtice: encores que la pieté, ſoigneuſe

308.0 1861.0 1007.0 68.0 du bien d’autruy, ne conſeillaſt aucunement

314.0 1917.0 994.0 90.0 ceux-là: & que la iuſtice qui regarde entiere¬

654.0 80.0 453.0 64.0 QVATRIESME

1161.0 1985.0 138.0 57.0 ment
