1436 2338
93 140 1010 84 leuts ſuiets à leur plaiſir, ains auſsi ſe donnent

93.0 202.0 1009.0 81.0 licence de commander aux conſciences, ce qui

92.0 276.0 1008.0 68.0 appartient entierement à Ieſus Chriſt: & n’é¬

90.0 327.0 1009.0 76.0 ſtimans pas la terre aſſez grãde pour eux, veu¬

90.0 381.0 1012.0 80.0 Ient eſcheller & conquerir le ciel meſme. Le

96.0 444.0 1006.0 80.0 peuple d’autre part ſuit les cõmandemens mau

94.0 501.0 1006.0 79.0 uais quand il s’accorde auec les Princes qui lui

94.0 562.0 1008.0 79.0 commandent quelque choſe contre la Loy de

94.0 623.0 1017.0 75.0 Dieu, & par maniere de dire encenſe & adore

94.0 679.0 1001.0 79.0 ces Dieux de terre: & au lieu de leur reſiſter,

97.0 739.0 1007.0 81.0 quand il en a les moyens, leur laiſſe vſurper la

97.0 801.0 1005.0 75.0 place de Dieu, & ne fait conſcience de ren¬

97.0 862.0 1002.0 75.0 dre à Ceſar ce qui apartient à Dieu propre¬

98.0 922.0 1005.0 76.0 ment. Or il n’y a perſonne qui ne voye cela. Si

100.0 981.0 1003.0 76.0 quelqu’vn n’obeit à vn Prince commandant

97.0 1034.0 861.0 76.0 choſes meſchantes, incontinent il eſt

97.0 1092.0 1007.0 77.0 rebelle, traiſtre, criminel de leſe Maieſté. Ie¬

98.0 1154.0 1010.0 77.0 ſus Chriſt, les Apoſtres, tous les Chreſtiens de

98.0 1217.0 1007.0 81.0 la primitiue Egliſe eſtoyent chargez de telles

98.0 1275.0 1009.0 79.0 calomnies. Si quelqu’vn, à l’exẽple d’Eſdras ou

99.0 1330.0 1001.0 80.0 Nehemie, ſe diſpoſe pour baſtir le temple du

100.0 1400.0 1011.0 74.0 Seigneur, on dira qu’il aſpire à la couronne,

101.0 1458.0 1012.0 75.0 qu’il machine quelque nouueauté, & veut ren¬

101.0 1519.0 1016.0 72.0 uerſer l’eſtat. Puis incontinent vous verrez vn

102.0 1579.0 1013.0 75.0 milliõ de marmouſets & flattereaux venir cor¬

101.0 1634.0 1014.0 77.0 ner aux oreilles des Rois, Si vne fois ce temple

102.0 1696.0 1011.0 71.0 eſt rebaſti, c’eſt fait de voſtre royaume: ne pẽ¬

102.0 1756.0 1009.0 74.0 ſez plus receuoir tailles ni impoſts de ces gens.

102.0 1814.0 1006.0 75.0 Mais quelle fureur eſt cela? Il n’y a eſtats que

103.0 1872.0 1010.0 68.0 lon doyue eſtimer fermes, ſinõ ceux au milieu

103 1930 1008 84 deſquels le tẽple de Dieu eſt baſti, & qui ſont

413.0 97.0 399.0 54.0 QVES IYON.

1050 87 39 66 17

1122 1334 142 90 Nehe.5.7

861.0 1986.0 95.0 93.0 B.j.
