1412 2338
159 142 156 72 De l'al¬

158 207 161 59 liance en¬

157 255 161 60 tre le Roy

158 303 160 63 & le peu¬

155 351 78 62 ple.

333.0 77.0 95.0 78.0 184

378 145 962 79 Novs auons dit qu’en l’eſtabliſſement du

333.0 210.0 1004.0 75.0 Roy, deux alliances auoyent eſté contractees:

335.0 271.0 1002.0 75.0 la premiere entre Dieu, le Roy, & le peuple,

332.0 326.0 1009.0 79.0 dequoy a eſté parlé ci deſſus: la ſeconde entre

327 379 1010 86 le Roy & le peuple, dont il faut dire quelque

327.0 438.0 1012.0 88.0 choſe maintenant. Apres que Saul fut eſtabli

329.0 507.0 1007.0 73.0 Roy, la loy Royale luy fut baillee, ſelon la¬

327.0 563.0 1008.0 78.0 quelle il deuoit commander. Dauid traite al¬

329.0 623.0 1006.0 84.0 liance en Hebron deuant le Seigneur, c’eſt à

327 679 1003 76 dire, prenant Dieu pour teſmoin, auec tous les

327.0 738.0 1001.0 80.0 Anciens d’Iſrael, qui repreſentoyent le corps

326.0 804.0 1006.0 76.0 du peuple: quoy fait il eſt ſacré Roy. Ioas fit

319.0 867.0 1007.0 72.0 auſsi alliance auec tout le peuple de la terre,

315.0 920.0 1016.0 77.0 en la maiſon du Seigneur, Ioiadas Souuerain

314.0 981.0 1018.0 76.0 Sacrificateur portant la parole: & dit l’hiſtoire

315.0 1044.0 1015.0 76.0 que le teſmoignage (que pluſieurs expoſent e¬

310.0 1101.0 1022.0 78.0 ſtre la Loy de Dieu) luy fut impoſé auec la cou

307.0 1161.0 1021.0 72.0 rõne. Sẽblablement Ioſias promet d’obſeruer

309.0 1222.0 1015.0 75.0 les commandemens, teſmoignages & ſtatuts

309.0 1278.0 1015.0 76.0 cõprins au liure de l’Alliance: & par ces mots

306.0 1339.0 1020.0 68.0 ſont entendues toutes choſes apartenãtes à la

305.0 1398.0 1022.0 73.0 conſeruation de la premiere & ſeconde table

301.0 1459.0 1018.0 74.0 de la Loy de Dieu. En tous les paſſages ſuſmen

298.0 1518.0 1026.0 74.0 tionnez de l’Hiſtoire ſaincte, il eſt dit qu’Al¬

297.0 1580.0 1022.0 77.0 liance a eſté traitee auec tout le peuple, auec

297.0 1641.0 1022.0 69.0 toute la multitude, auec tous les anciens, auec

296.0 1698.0 1015.0 73.0 tous les hommes de Iuda: afin que nous ſa¬

296.0 1758.0 1017.0 73.0 chions, comme auſsi cela eſt exprimé, que non

288.0 1815.0 1020.0 74.0 ſeulement les chefs des lignees, mais auſsi tous

293.0 1875.0 1012.0 73.0 les Milleniers, Centeniers & Magiſtrats ſub¬

290 1937 1006 82 alternes ſe trouuerent là au nom des villes,

157 403 158 58 Deut.17.

161 449 133 52 1.Sam.

158 500 114 54 10.25.

155 540 155 63 1.Chron.

153 594 87 51 11.3.

662.0 93.0 435.0 60.0 TROISTESME

150 642 165 61 2. Rois i1

152 695 163 53 17, & 12.

151 740 155 57 2.Chron.

155 787 86 58 233.

149 835 161 65 2.Rois 23

154 882 31 92 3

1180.0 2000.0 113.0 83.0 cha¬
