1426 2338
81 153 1010 88 teux en ſes membres. Quelle venptaner pen¬

80.0 222.0 1009.0 79.0 ſons-nous que Dieu fera d’vne telle impieté?

78.0 272.0 1008.0 90.0 Moyſe compare ceux qui abandonnent leurs

80.0 346.0 1008.0 68.0 freres, aux rebelles de Cadesbarné. Or nul d’i¬

78.0 397.0 1008.0 86.0 ceux, par ſentence de Dieu, n’entra en la terre

81.0 459.0 1005.0 74.0 de Chanaan. Que ceux-là donc ne preten¬

78.0 514.0 1008.0 84.0 dent rien en la Chanaan celeſte, qui ne veu¬

78.0 570.0 1008.0 86.0 lent tendre la main à Chriſt crucifié, mourant

78.0 635.0 1008.0 80.0 tous les iours mille fois en ſes membres, &

83.0 695.0 1003.0 74.0 (par maniere de dire) leur allant demander

78.0 750.0 1008.0 83.0 l’auſmoſne de porte en porte. Le Fils de Dieu

80.0 815.0 1013.0 83.0 adiuge, par arreſt de ſa bouche, au feu eternel

83.0 874.0 1007.0 84.0 ceux qui ne l’ont logé quand il eſtoit eſtran¬

85.0 940.0 1008.0 75.0 ger, qui ne ſe ſont ſouciez de le reſchaufer, ve¬

80.0 993.0 1010.0 85.0 ſtir, nourrir & viſiter, le voyans tranſi de froid,

81.0 1052.0 1013.0 87.0 nud, diſetteux, malade & captif. Et pourtant

85.0 1118.0 1004.0 78.0 que ceux-là attendent les ſupplices perdura¬

83.0 1174.0 1007.0 80.0 bles à iamais qui font la ſourde oreille, oyans

83.0 1230.0 1005.0 80.0 Ieſus Chriſt ſouffrant toutes ces choſes iour¬

80.0 1293.0 1009.0 82.0 nellement en ſes membres: combien qu’au re¬

81.0 1354.0 1010.0 82.0 ſte ils ayent vne belle apparence & facent les

84.0 1413.0 1006.0 80.0 grands Chreſtiens: leur condition ſera beau¬

84.0 1474.0 1007.0 82.0 coup plus griefue que celle des autres infide¬

83.0 1531.0 1001.0 87.0 les. Car quoy? Sont-ce proprement les Iuifs,

83.0 1588.0 1006.0 86.0 les Scribes, & les Phariſiens qui crucifient le¬

83.0 1648.0 1003.0 87.0 ſus Chriſt? Faut-il dire le meſme des Payens,

85.0 1710.0 1008.0 83.0 des Turcs, & de quelques Chreſtiens, qui le

88.0 1774.0 1003.0 78.0 perſecutent, tourmentent & ſaccagent en ſes

83.0 1831.0 1007.0 77.0 membres? Non certes.! Les Iuifs ont creu &

88.0 1888.0 1000.0 83.0 proteſté qu’il eſtoit ſeducteur, les Payens l’e¬

84.0 1948.0 1005.0 87.0 ſtiment mal-faiteur, les Turcs infidele, les au¬

368.0 103.0 381.0 66.0 QVESTION.

1024.0 114.0 56.0 65.0 255

1102 301 146 71 Nom. 32.

1098 773 160 90 Matt.25.
