1436 2338
344.0 81.0 91.0 82.0 128

353.0 154.0 1007.0 78.0 peuple Romain a condamné les capitaines &

350.0 220.0 1011.0 72.0 chefs d’armee pour auoir capitulé à leur deſ¬

348.0 285.0 1012.0 69.0 auantage auec les ennemis, quoy que la neceſ¬

345.0 337.0 1016.0 70.0 ſité les y amenaſt, & qu’ils fuſſent ſur le poinct

346.0 400.0 1010.0 71.0 de tout perdre, & n’a voulu demeurer obligé

345.0 459.0 1013.0 73.0 à garder telle capitulation: moins encores vn

349.0 514.0 1007.0 75.0 peuple libre ſera-il tenu ſouffrir le ioug qui

348.0 579.0 1006.0 75.0 luy a eſté mis ſus par ceux qui le pouuoyent ſe¬

350.0 639.0 1002.0 70.0 couër, & qui l’y ont laiſſé mettre volontaire¬

348.0 701.0 1003.0 70.0 ment & pour leur profit particulier, ſans y e¬

348.0 758.0 521.0 66.0 ſtre forcez ni menaſſez.

644.0 102.0 434.0 59.0 TROISTESME

178.0 883.0 141.0 59.0 le fin les

179.0 930.0 139.0 54.0 Rois ont

181.0 978.0 137.0 75.0 eſté creex

416 822 928 66 OR puis que les Rois ont eſté eſtablis par

181.0 816.0 161.0 74.0 Pour que

350.0 883.0 1002.0 69.0 le peuple, & qu’on leur a donné quelques ad¬

348.0 942.0 1003.0 65.0 ioints pour les contenir en deuoir, leſquels

346.0 997.0 999.0 64.0 adioints cõſiderez vn par vn ſont au deſſous,

344.0 1062.0 1004.0 64.0 & tous enſemble en vn corps ſont par deſſus

343.0 1119.0 1000.0 64.0 le Roy: il nous faut voir conſequemment,

344.0 1176.0 999.0 72.0 pourquoy premierement ils ont eſté eſtablis,

339.0 1239.0 1006.0 67.0 & quel eſt principalement leur deuoir. On e¬

337.0 1292.0 1008.0 73.0 ſtime vne choſe iuſte & bonne, quand elle

339.0 1357.0 1004.0 70.0 paruient à la fin pourquoy elle eſt ordonnee.

336.0 1413.0 1007.0 71.0 En premier lieu, chaſcun eſt d’accord que les

332.0 1472.0 1010.0 72.0 hommes, aimans de nature la liberté, hayſſans

331.0 1533.0 1007.0 75.0 la ſeruitude, nais pluſtoſt pour commander

333.0 1601.0 1005.0 65.0 que pour obeir, n’ont volontairement acce¬

332.0 1658.0 1001.0 72.0 pté d’eſtre gouuernez par autruy, que pour

332.0 1718.0 1006.0 70.0 quelque grand profit qu’ils en eſperoyent, &

331.0 1780.0 1003.0 64.0 que pour obeir aux loix d’vn tiers ils ont par

328.0 1837.0 1006.0 63.0 maniere de dire, renoncé à ce que nature leur

327.0 1893.0 1008.0 70.0 conſeille. Car, comme dit Æſope, le cheual qui

331.0 1953.0 1002.0 78.0 parauant couroit à ſon abandon, n’euſt iamais

1187.0 2017.0 146.0 74.0 receu
