1421 2338
79.0 154.0 1006.0 81.0 force, que le Prince qui la viole par orgueil eſt

75.0 219.0 1003.0 73.0 tyran, & le peuple qui la rompt de fait d’auis,

75.0 281.0 856.0 68.0 merite vrayement le nom de ſeditieux.

134.0 348.0 938.0 57.0 IVSQVES ici nous auons parlé du Roy, il

72.0 393.0 1000.0 74.0 nous reſte de deſcrire le tyran vn peu plus exa¬

74.0 458.0 1006.0 68.0 ctement. Nous auons dit celuy-là eſtre Roy

77.0 520.0 1004.0 67.0 qui regit & gouuerne legitimement le Royau¬

75.0 578.0 1004.0 67.0 me à luy cõmis & eſcheu par ſucceſsion ou par

76.0 635.0 1009.0 68.0 election. Il s’enſuit donc que lon doit reputer

72.0 691.0 1009.0 78.0 tyran, & cõme oppoſé au Roy, celuy qui s’eſt

76.0 750.0 1005.0 78.0 emparé du Royaume par violẽce & mauuaiſes

85.0 817.0 972.0 70.0 pratiques: ou qui gouuerne le Royaume à lu

81.0 868.0 1000.0 74.0 deuolu par ſucceſsiõ ou electiõ, tout autremẽt

77.0 925.0 1004.0 72.0 que le droit & l’equité ne lerequierent, & con¬

80.0 991.0 1011.0 64.0 tre les loix & conuentions à l’obſeruation deſ¬

84.0 1048.0 1008.0 74.0 quelles il s’eſt eſtroitement obligé. Tout cela

88.0 1107.0 1004.0 69.0 peut eſcheoir en vn ſeul & meſme homme. Le

83.0 1169.0 1005.0 68.0 premier eſt communémẽt appellé Tyran ſans

81.0 1227.0 1013.0 77.0 titre, l’autre Tyran par exercice. Or il ſe peut

84.0 1289.0 1012.0 73.0 faire que celuy qui aura occupé par violence

84.0 1348.0 1013.0 74.0 vn Royaume le gouuernera iuſtemẽt, & qu’vn

83.0 1406.0 1017.0 72.0 autre à qui il aura eſté deuolu à iuſte titre, le

89.0 1466.0 1009.0 73.0 gouuerne iniuſtement. Mais dautant que le

84.0 1524.0 1014.0 76.0 Royaume eſt pluſtoſt vn droit qu’vn herita¬

90.0 1585.0 1012.0 77.0 ge, & vne charge qu’vne poſſeſsion: celuy qui

84.0 1648.0 1016.0 70.0 s’acquitte mal de ſa charge ſemble plus meri¬

84.0 1706.0 1016.0 73.0 ter le nom de tyran que celuy qui n’eſt entré

88.0 1761.0 1013.0 78.0 en ceſte charge par telle porte qu’il faloit. En

89.0 1821.0 1011.0 76.0 ce ſens dit-on que lePape qui s’eſt inſinué par

90.0 1882.0 1014.0 75.0 mauuais moyens, s’eſt intrus, & que celuy qui

98.0 1941.0 1003.0 90.0 gouuerne mal, abuſe. Pythagoras diſoit qu’vn

391 105 382 52 QVESTION.

999 105 73 72 195

1087 329 125 85 Des ty¬

1085 403 84 70 rans.

1097 674 111 91 Aviſt.

1095 736 156 78 .1o.lib.5

1097 794 93 59 Polit.

1097 849 150 56 Bartol. in

1095 890 131 60 tract.de

1095 939 160 93 yrannide.

814.0 1997.0 121.0 82.0 N.ij.
