1421 2338
167 136 156 68 Yenoph.

168.0 196.0 156.0 58.0 au 8.li. de

167.0 238.0 146.0 60.0 l’instru¬

166.0 292.0 143.0 52.0 ction de

163.0 341.0 135.0 64.0 Cyrus.

337.0 85.0 87.0 59.0 186

341 132 998 92 tous Eſtats bien reiglez. Apres les ſacrifices

335 206 1008 73 deuëment paracheuez, les Perſes traitent auec

337 266 1002 73 Cyrus l’accord qui s’enſuit. En premier lieu

331.0 321.0 1006.0 82.0 veux-tu, toy Cyrus, promettre d’employer

328.0 410.0 1012.0 49.0 toutes tes lorces poul lerouiil le pays, li quel¬

331.0 445.0 1009.0 75.0 qu’vn veut faire la guerre aux Perſes? L’ayant

327.0 506.0 1012.0 73.0 promis, ils adiouſtent incontinent, Auſsi nous

322.0 568.0 1021.0 71.0 Perſes promettons te tenir main forte pour

323.0 626.0 1020.0 71.0 reprimer quiconque ne te voudra obeir quãd

326.0 685.0 1011.0 74.0 tu garderas le pays. Xenophon appelle ceſt ac¬

326.0 745.0 1009.0 66.0 cord confederation, comme auſsi Iſocrates ap

328.0 802.0 1009.0 74.0 pelle harangue de confederation ce qu’il a eſ¬

327.0 862.0 1008.0 69.0 crit du deuoir des ſuiets enuers leur Prince.

335.0 913.0 1000.0 74.0 L’alliance ou confederation ſe renouuelloit

329.0 978.0 1011.0 75.0 tous les mois entre les Rois & Ephores de

329.0 1037.0 1006.0 78.0 Sparte, encores que les Rois fuſſent ſortis de

325 1100 1006 69 la race de Hercules. Et commeces Rois pro¬

325.0 1155.0 1006.0 76.0 mettoyent ſolennellement de regner ſelon les

325.0 1213.0 1006.0 82.0 loix du pays: les Ephores iuroyent auſsi qu’ils

327.0 1282.0 1008.0 74.0 entretiendroyent le Royaume en la main des

315.0 1336.0 1010.0 74.0 Rois, tandis qu’iceux tiendroyent leur pro¬

314.0 1398.0 1013.0 72.0 meſſe. Semblablement au Royaume de Ro¬

313.0 1459.0 1018.0 69.0 me, il y eut alliance entre Romulus, le Senat

311.0 1517.0 1019.0 75.0 & le peuple, telle qui s’enſuit: c’eſt aſauoir que

311.0 1578.0 1011.0 74.0 le peuple feroit les loix, leſquelles le Roy gar¬

313.0 1640.0 1013.0 69.0 deroit: le peuple decerneroyent la guerre, le

325.0 1691.0 996.0 81.0 Roy la feroit. Or combien que pluſieurs Em¬

314.0 1759.0 1012.0 69.0 pereurs, pluſtoſt par violence & ambition que

311.0 1813.0 1012.0 75.0 de droit aucun, ſe ſoyent ſaiſis de l’Empire Ro

313.0 1880.0 1011.0 67.0 main, & que par vne loy ſurnommee Royale

311.0 1934.0 1008.0 87.0 ils ſe ſoyent attribué vne puiſſance abſolue:

619.0 94.0 435.0 60.0 TROISSTESME

163 907 152 88 Xenoph.

162.0 978.0 149.0 50.0 au traité

161.0 1024.0 153.0 60.0 de la Re¬

158.0 1070.0 142.0 67.0 pub. des

161 1116 141 64 Lacede¬

161 1167 143 81 moniens.

1210.0 2004.0 113.0 69.0 tou¬
