1436 2338
120 122 1000 94 roit? Dauãtage, ie demãde, ſi la dignité Royale

111 201 1011 70 eſt vn heritage ou vne charge? Si c’eſt vne char

119.0 261.0 1001.0 70.0 ge, qu’a elle de cõmun auec vne proprieté? Si

110.0 342.0 1010.0 45.0 c’eſt vn nerſtage, eſten pas tel, qu’auinoinsil

110.0 380.0 1011.0 72.0 demeure en propre au peuple lequel en a fait

111.0 433.0 1014.0 72.0 bail? Brief, ſi le Domaine de l’eſtat public eſt

111.0 494.0 1011.0 73.0 appellé douaire, & à bõ droit, &tel douaire que

114.0 553.0 1010.0 71.0 ſi on le diuiſe & diſſipe, c’eſt ruiner l’eſtat, le

113.0 614.0 1011.0 73.0 Royaume & le Roy: en vertu de quelle loy ſera

113.0 671.0 1009.0 73.0 il loiſible d’aliener ce douaire? Que l’Empereur

119.0 732.0 1003.0 72.0 VVẽceſlas ſoit vn ſot, le Roy Charles ſixieſme

116.0 792.0 1008.0 71.0 deuiene inſẽſé, puis vẽde ou dõne le Royaume

116.0 853.0 1002.0 70.0 de Frãce ou vne partie d’iceluy aux Anglois:

124.0 907.0 1000.0 76.0 q̃ Malcolme Roy d’Eſcoſſe eſpuiſe le domaine

119.0 971.0 1001.0 69.0 & les finances: que s’enſuiura-il de tout cela?

122.0 1027.0 1006.0 75.0 Ceux qui ont eſleu le Roy pour repouſſer les

119.0 1089.0 1009.0 64.0 aſſaux des ennemis de dehors, deuiendront

120.0 1148.0 1008.0 74.0 ſeruiteurs d’iceux ennemis par la folie du Roy:

123.0 1209.0 1005.0 63.0 & les riches qui ont voulu aſſeurer leurs biens

124.0 1267.0 1005.0 76.0 par telle election ſeront expoſez en proye à

123.0 1326.0 1006.0 75.0 tout le monde: ce qu’vn particulier aura oſté

123.0 1385.0 1006.0 77.0 à ſoy-meſmes & à ſes pupilles, cõme il ſe pra¬

123.0 1443.0 1008.0 79.0 tiqua en Eſcoſſe, pour enrichir le public il ne

123.0 1505.0 1010.0 74.0 faudra qu’vn maquereau & courratier de ſales

126.0 1567.0 1007.0 74.0 voluptez pour attraper & engloutir tout cela.

123.0 1622.0 1006.0 75.0 Mais ſi cõme nous auõs deſia dit maintesfois,

124.0 1680.0 1014.0 78.0 les Rois ſõt creez pour l’vſage du peuple, quel

124.0 1741.0 1011.0 77.0 ſera ceſt vſage, ſi au lieu d’iceluy, l’abus eſt per¬

124.0 1800.0 1013.0 79.0 mis? Quel biẽ peuuẽt apporter tãt de maux, &

124.0 1860.0 1011.0 77.0 quel profit peut reuenir de tant de dõmages &

132.0 1919.0 1006.0 87.0 dãgers? Si, di-ie, en voulãt pouruoir à ma liberté

401.0 77.0 382.0 65.0 QVESTION.

1042.0 75.0 74.0 69.0 163

877.0 1979.0 109.0 82.0 L.ij.
