<?xml version="1.0" encoding="UTF-8"?>
<alto xmlns:xsi="http://www.w3.org/2001/XMLSchema-instance"
      xmlns="http://www.loc.gov/standards/alto/ns-v4#"
      xsi:schemaLocation="http://www.loc.gov/standards/alto/ns-v4# http://www.loc.gov/standards/alto/v4/alto-4-2.xsd">
  <Description>
    <MeasurementUnit>pixel</MeasurementUnit>
    <sourceImageInformation>
      <fileName>page_00213.png</fileName>
    </sourceImageInformation>
  </Description>
  <Tags>
    <OtherTag ID="BT7" LABEL="CustomZone" DESCRIPTION="block type CustomZone"/><OtherTag ID="BT8" LABEL="DamageZone" DESCRIPTION="block type DamageZone"/><OtherTag ID="BT9" LABEL="DigitizationArtefactZone" DESCRIPTION="block type DigitizationArtefactZone"/><OtherTag ID="BT10" LABEL="DropCapitalZone" DESCRIPTION="block type DropCapitalZone"/><OtherTag ID="BT11" LABEL="GraphicZone" DESCRIPTION="block type GraphicZone"/><OtherTag ID="BT12" LABEL="MainZone" DESCRIPTION="block type MainZone"/><OtherTag ID="BT13" LABEL="MarginTextZone" DESCRIPTION="block type MarginTextZone"/><OtherTag ID="BT14" LABEL="MusicZone" DESCRIPTION="block type MusicZone"/><OtherTag ID="BT15" LABEL="NumberingZone" DESCRIPTION="block type NumberingZone"/><OtherTag ID="BT17" LABEL="QuireMarksZone" DESCRIPTION="block type QuireMarksZone"/><OtherTag ID="BT18" LABEL="RunningTitleZone" DESCRIPTION="block type RunningTitleZone"/><OtherTag ID="BT19" LABEL="SealZone" DESCRIPTION="block type SealZone"/><OtherTag ID="BT20" LABEL="StampZone" DESCRIPTION="block type StampZone"/><OtherTag ID="BT21" LABEL="TableZone" DESCRIPTION="block type TableZone"/><OtherTag ID="BT22" LABEL="TitlePageZone" DESCRIPTION="block type TitlePageZone"/><OtherTag ID="BT100001" LABEL="MainZone-Head" DESCRIPTION="block type MainZone-Head"/><OtherTag ID="BT100011" LABEL="MainZone-Entry" DESCRIPTION="block type MainZone-Entry"/><OtherTag ID="BT100005" LABEL="MainZone-P" DESCRIPTION="block type MainZone-P"/><OtherTag ID="BT100008" LABEL="MainZone-Sp" DESCRIPTION="block type MainZone-Sp"/><OtherTag ID="BT100006" LABEL="MainZone-Continued" DESCRIPTION="block type MainZone-Continued"/><OtherTag ID="BT100009" LABEL="MarginTextZone-Notes" DESCRIPTION="block type MarginTextZone-Notes"/><OtherTag ID="BT100007" LABEL="MarginTextZone-ManuscriptAddendum" DESCRIPTION="block type MarginTextZone-ManuscriptAddendum"/><OtherTag ID="BT100013" LABEL="StampZone-Sticker" DESCRIPTION="block type StampZone-Sticker"/><OtherTag ID="BT100014" LABEL="MainZone-ListItem" DESCRIPTION="block type MainZone-ListItem"/>
    <OtherTag ID="LT7" LABEL="CustomLine" DESCRIPTION="line type CustomLine"/><OtherTag ID="LT8" LABEL="DefaultLine" DESCRIPTION="line type DefaultLine"/><OtherTag ID="LT9" LABEL="DropCapitalLine" DESCRIPTION="line type DropCapitalLine"/><OtherTag ID="LT10" LABEL="HeadingLine" DESCRIPTION="line type HeadingLine"/><OtherTag ID="LT11" LABEL="InterlinearLine" DESCRIPTION="line type InterlinearLine"/><OtherTag ID="LT12" LABEL="MusicLine" DESCRIPTION="line type MusicLine"/><OtherTag ID="LT747" LABEL="default" DESCRIPTION="line type default"/>
  </Tags>
  <Layout>
    <Page WIDTH="1412"
          HEIGHT="2338"
          PHYSICAL_IMG_NR="212"
          ID="eSc_dummypage_">
      <PrintSpace HPOS="0"
                  VPOS="0"
                  WIDTH="1412"
                  HEIGHT="2338">
        <TextBlock HPOS="79.0"
                   VPOS="160.0"
                   WIDTH="1041.0"
                   HEIGHT="1856.0"
                   ID="block_1"
                   TAGREFS="BT100006">
          <Shape><Polygon POINTS="1098 167 1120 2006 855 2008 815 2007 804 2014 97 2016 79 168 869 160"/></Shape>
          <TextLine ID="line_2"
                    TAGREFS="LT8"
                    BASELINE="87 211 1100 202" 
                    HPOS="85"
                    VPOS="149"
                    WIDTH="1015"
                    HEIGHT="83">
            <Shape><Polygon POINTS="87 211 87 224 216 232 218 232 284 224 294 231 296 231 297 231 298 232 370 232 370 231 371 231 372 231 383 223 385 222 400 223 439 227 440 227 500 222 527 220 532 222 542 227 544 227 545 227 575 222 585 220 597 222 648 228 649 228 687 222 700 219 711 220 746 227 748 227 749 227 761 220 765 219 778 220 809 224 810 224 857 220 883 218 891 220 909 226 910 226 911 226 913 226 930 219 936 218 944 219 963 224 965 224 966 224 1098 218 1100 202 1096 163 1058 163 1054 162 1031 149 1030 149 1028 149 893 150 892 150 891 150 883 157 867 151 866 151 865 151 863 151 862 151 849 161 848 161 844 161 772 158 771 158 770 158 769 158 766 161 758 166 727 161 705 157 704 157 702 157 692 161 675 167 591 167 558 159 548 157 546 157 545 157 544 157 536 159 507 170 462 170 448 158 442 154 441 154 440 154 414 154 413 154 411 154 410 154 405 158 388 168 358 163 357 163 355 163 327 170 258 157 245 155 244 155 175 157 153 158 151 158 150 158 136 167 85 157 87 211"/></Shape>
	    <String CONTENT="legitimement ſous l’aueu &amp; autorité du Roy"
                    HPOS="85"
                    VPOS="149"
                    WIDTH="1015"
                    HEIGHT="83"
                    WC="0.9975638445033583"></String>
          </TextLine>
          <TextLine ID="line_4"
                    TAGREFS="LT8"
                    BASELINE="85 270 718 263 1091 266" 
                    HPOS="81"
                    VPOS="210"
                    WIDTH="1009"
                    HEIGHT="78">
            <Shape><Polygon POINTS="83 268 83 288 1088 288 1090 264 1088 222 1055 210 994 222 953 212 936 224 916 212 906 212 887 224 686 212 672 222 569 214 544 224 495 214 382 227 358 218 280 227 195 216 183 229 136 229 95 216 87 216 81 220 83 268"/></Shape>
	    <String CONTENT="Ezechias à Sennacherib Aſſyrien qui vouloit"
                    HPOS="81"
                    VPOS="210"
                    WIDTH="1009"
                    HEIGHT="78"
                    WC="0.9844840494069186"></String>
          </TextLine>
          <TextLine ID="line_5"
                    TAGREFS="LT8"
                    BASELINE="87 327 1091 317" 
                    HPOS="83"
                    VPOS="270"
                    WIDTH="1007"
                    HEIGHT="78">
            <Shape><Polygon POINTS="85 325 85 348 1088 344 1090 315 1088 284 1062 272 1012 282 986 270 979 270 963 280 883 270 842 284 784 272 778 272 768 284 745 272 739 272 713 286 505 286 489 274 481 274 431 288 419 276 339 276 325 288 310 276 300 276 280 290 267 278 189 278 167 290 150 278 144 278 83 292 85 325"/></Shape>
	    <String CONTENT="empieter la Paleſtine: au contraire Sedecias &amp;"
                    HPOS="83"
                    VPOS="270"
                    WIDTH="1007"
                    HEIGHT="78"
                    WC="0.9967058754485586"></String>
          </TextLine>
          <TextLine ID="line_6"
                    TAGREFS="LT8"
                    BASELINE="87 387 1092 380" 
                    HPOS="85.0"
                    VPOS="339.0"
                    WIDTH="1007.0"
                    HEIGHT="70.0">
            <Shape><Polygon POINTS="87 387 87 401 270 409 271 409 332 400 337 400 344 400 393 407 394 407 396 407 424 400 426 400 440 400 753 405 754 405 852 397 853 397 878 405 879 405 880 405 1091 394 1092 380 1089 348 1033 341 1032 341 950 348 949 348 922 339 920 339 919 339 918 339 896 349 876 349 837 349 836 349 800 339 798 339 797 339 796 339 794 339 778 349 778 350 769 350 746 350 689 339 688 339 687 339 665 349 653 340 652 340 650 340 613 340 611 340 610 340 609 340 592 351 570 351 487 351 484 351 419 341 418 341 416 341 415 341 403 351 372 351 361 344 359 344 358 344 287 341 285 341 284 341 283 341 283 342 271 353 240 342 239 342 237 342 198 349 183 342 181 342 180 342 179 342 157 353 124 342 123 342 122 342 120 342 85 354 87 387"/></Shape>
	    <String CONTENT="tous ſes ſuiets ſont condamnez, de ce qu’apres"
                    HPOS="85.0"
                    VPOS="339.0"
                    WIDTH="1007.0"
                    HEIGHT="70.0"
                    WC="0.9995487682197405"></String>
          </TextLine>
          <TextLine ID="line_7"
                    TAGREFS="LT8"
                    BASELINE="87 446 650 443 1101 440" 
                    HPOS="83.0"
                    VPOS="391.0"
                    WIDTH="1016.0"
                    HEIGHT="76.0">
            <Shape><Polygon POINTS="85 444 85 467 1098 465 1099 438 1098 401 1082 391 1080 391 1078 391 1076 391 897 401 834 391 832 391 830 391 805 401 577 393 575 393 491 403 477 393 475 393 473 393 471 393 470 393 434 405 156 395 154 395 152 395 150 395 138 405 91 397 89 397 87 397 85 397 85 399 83 399 85 444"/></Shape>
	    <String CONTENT="auoir fait hommage à Nebuchadnezar ils ſe"
                    HPOS="83.0"
                    VPOS="391.0"
                    WIDTH="1016.0"
                    HEIGHT="76.0"
                    WC="0.9888296595641545"></String>
          </TextLine>
          <TextLine ID="line_8"
                    TAGREFS="LT8"
                    BASELINE="88 507 1105 501" 
                    HPOS="87.0"
                    VPOS="457.0"
                    WIDTH="1018.0"
                    HEIGHT="71.0">
            <Shape><Polygon POINTS="88 507 88 520 188 520 218 528 219 528 220 528 222 528 223 528 237 519 264 526 266 526 267 526 341 518 355 516 367 518 467 527 468 527 470 527 513 516 516 515 519 515 544 526 545 526 546 527 585 527 585 526 587 526 588 526 600 518 619 526 620 526 622 527 679 527 679 526 680 526 705 514 706 514 783 514 810 523 811 523 813 523 883 515 915 523 917 523 918 523 1002 515 1043 522 1044 522 1105 510 1105 501 1104 470 1069 457 1067 457 1066 457 1065 457 1033 468 984 461 983 461 982 461 980 461 970 468 969 470 900 470 891 468 872 463 871 463 870 463 846 467 835 470 828 467 804 458 802 458 801 458 800 458 767 467 756 470 731 467 672 459 671 459 670 459 668 459 659 466 652 471 615 466 591 463 589 463 588 463 576 466 555 471 549 466 541 459 540 459 539 459 537 459 536 459 519 466 506 470 468 466 467 466 433 472 87 463 88 507"/></Shape>
	    <String CONTENT="ſouſleuent contre luy qui ne leur en auoit"
                    HPOS="87.0"
                    VPOS="457.0"
                    WIDTH="1018.0"
                    HEIGHT="71.0"
                    WC="0.9953314605213347"></String>
          </TextLine>
          <TextLine ID="line_9"
                    TAGREFS="LT8"
                    BASELINE="89 566 1104 561" 
                    HPOS="88.0"
                    VPOS="516.0"
                    WIDTH="1016.0"
                    HEIGHT="72.0">
            <Shape><Polygon POINTS="89 566 89 579 288 588 289 588 322 580 327 580 396 581 559 584 561 584 572 581 597 576 630 583 635 583 636 583 644 583 694 576 709 583 713 584 714 584 715 584 717 584 723 583 748 576 781 583 796 585 797 585 798 585 804 583 820 576 843 583 846 584 848 584 849 584 857 583 915 575 940 584 941 584 943 584 944 585 1021 585 1021 584 1022 584 1052 575 1101 584 1104 561 1102 524 1089 516 1088 516 1087 516 1033 516 1032 516 995 526 993 526 974 516 972 516 971 516 970 516 944 526 943 526 940 526 902 519 901 519 900 519 883 526 880 527 876 526 858 518 857 518 856 518 854 518 827 524 758 518 757 518 756 518 754 518 745 526 740 529 646 529 640 526 631 522 630 522 628 522 627 522 611 526 593 531 494 531 466 526 433 520 432 520 396 526 366 529 359 526 352 519 350 519 349 519 348 519 303 520 302 520 290 526 277 531 264 526 253 520 252 520 250 520 249 520 236 526 219 532 148 532 137 526 131 520 129 520 128 520 127 520 88 524 89 566"/></Shape>
	    <String CONTENT="donné quelconque occaſion. Car apres que la"
                    HPOS="88.0"
                    VPOS="516.0"
                    WIDTH="1016.0"
                    HEIGHT="72.0"
                    WC="0.9976937201890078"></String>
          </TextLine>
          <TextLine ID="line_10"
                    TAGREFS="LT8"
                    BASELINE="89 624 1104 619" 
                    HPOS="88.0"
                    VPOS="575.0"
                    WIDTH="1016.0"
                    HEIGHT="71.0">
            <Shape><Polygon POINTS="89 624 89 639 288 646 289 646 327 640 344 637 361 640 387 644 388 644 445 640 489 637 528 640 584 645 585 645 587 645 601 640 615 636 633 640 646 644 648 644 649 645 758 645 758 644 759 644 767 641 781 636 822 641 848 644 849 644 850 644 859 641 880 635 896 641 897 641 898 641 900 641 904 641 953 635 970 641 974 642 975 642 976 642 995 641 1074 635 1100 641 1104 619 1101 588 1015 580 1014 580 1013 580 992 587 989 587 987 587 931 575 930 575 865 585 846 589 713 589 705 584 693 576 692 576 691 576 689 576 657 584 650 585 642 584 615 576 614 576 613 576 611 576 610 576 601 584 592 590 558 590 549 583 542 578 541 578 540 578 539 578 488 579 487 579 476 583 458 589 365 589 355 581 350 578 349 578 348 578 346 578 314 581 280 585 255 580 242 579 241 579 240 579 239 579 237 580 224 590 198 590 176 581 175 581 88 580 89 624"/></Shape>
	    <String CONTENT="foy a eſté donnee il n’eſt plus temps de ſe re¬"
                    HPOS="88.0"
                    VPOS="575.0"
                    WIDTH="1016.0"
                    HEIGHT="71.0"
                    WC="0.9963582331935564"></String>
          </TextLine>
          <TextLine ID="line_11"
                    TAGREFS="LT8"
                    BASELINE="90 688 1104 678" 
                    HPOS="89.0"
                    VPOS="632.0"
                    WIDTH="1015.0"
                    HEIGHT="75.0">
            <Shape><Polygon POINTS="90 688 90 707 250 700 259 706 261 706 262 706 263 706 264 706 266 706 276 700 344 705 348 705 349 705 350 705 352 705 363 697 553 697 581 702 589 703 591 703 592 703 593 703 594 702 602 697 1104 697 1104 678 1102 644 1067 632 1066 632 983 632 982 632 980 632 949 644 937 633 936 633 935 633 933 633 848 645 833 635 832 635 831 635 830 635 828 635 801 645 757 635 756 635 698 646 674 636 672 636 671 636 585 646 492 637 491 637 489 637 467 649 381 644 380 644 300 650 274 640 272 640 271 640 270 640 250 650 167 645 166 645 164 645 151 652 127 642 126 642 124 642 123 642 89 653 90 688"/></Shape>
	    <String CONTENT="pentir: &amp; comme és batailles chaſcun doit fai¬"
                    HPOS="89.0"
                    VPOS="632.0"
                    WIDTH="1015.0"
                    HEIGHT="75.0"
                    WC="0.9958600363832839"></String>
          </TextLine>
          <TextLine ID="line_12"
                    TAGREFS="LT8"
                    BASELINE="90 745 1101 736" 
                    HPOS="89.0"
                    VPOS="692.0"
                    WIDTH="1012.0"
                    HEIGHT="75.0">
            <Shape><Polygon POINTS="90 745 92 766 107 759 133 766 142 767 144 767 163 765 207 759 293 763 365 766 366 766 367 766 378 762 388 758 415 761 446 765 448 765 468 761 485 757 500 759 519 765 520 765 522 765 561 759 585 755 589 758 596 763 597 763 598 763 600 763 658 758 694 754 719 757 767 762 769 762 822 755 843 753 869 754 954 761 956 761 997 753 1004 752 1009 752 1046 759 1048 759 1100 750 1101 736 1098 706 1065 706 1043 692 1041 692 1040 692 972 692 971 692 970 692 969 692 946 706 889 693 888 693 887 693 885 693 869 706 727 694 726 694 724 694 697 709 648 709 622 697 620 697 619 697 618 697 617 697 600 710 558 710 527 696 526 696 524 696 429 710 411 697 410 697 409 697 378 697 376 697 335 698 333 698 306 711 216 702 215 702 214 702 181 713 89 714 90 745"/></Shape>
	    <String CONTENT="re preuue de ſa vaillãce, mais ſi lon eſt priſon¬"
                    HPOS="89.0"
                    VPOS="692.0"
                    WIDTH="1012.0"
                    HEIGHT="75.0"
                    WC="0.9868032598495483"></String>
          </TextLine>
          <TextLine ID="line_13"
                    TAGREFS="LT8"
                    BASELINE="92 805 1105 797" 
                    HPOS="90.0"
                    VPOS="752.0"
                    WIDTH="1015.0"
                    HEIGHT="74.0">
            <Shape><Polygon POINTS="92 805 92 817 257 823 258 823 259 823 261 823 261 822 266 818 267 817 270 818 296 826 297 826 298 826 300 826 326 818 332 817 345 818 409 826 410 826 411 826 439 818 441 818 446 818 489 824 491 824 492 824 507 818 513 817 519 818 535 823 536 823 537 823 539 823 552 818 558 817 600 819 662 822 663 822 665 822 672 819 684 814 706 819 715 820 717 820 727 819 753 814 767 819 775 822 776 822 778 822 779 822 789 819 813 813 840 819 853 822 854 822 876 819 928 813 1104 819 1105 797 1104 761 1076 752 1075 752 1074 752 1031 761 1017 763 958 761 767 753 766 753 765 753 763 753 750 762 744 767 667 767 662 763 652 754 650 754 649 754 610 754 609 754 607 754 606 754 593 763 587 767 553 763 522 761 520 761 498 765 478 767 474 765 463 757 462 757 461 757 459 757 405 765 402 765 400 765 371 757 370 757 368 757 367 757 352 765 344 768 292 768 287 766 271 757 270 757 268 757 181 766 142 770 90 767 92 805"/></Shape>
	    <String CONTENT="nier il faut tenir promeſſe: auſsi eſt-il requis"
                    HPOS="90.0"
                    VPOS="752.0"
                    WIDTH="1015.0"
                    HEIGHT="74.0"
                    WC="0.9828791332741579"></String>
          </TextLine>
          <TextLine ID="line_14"
                    TAGREFS="LT8"
                    BASELINE="94 862 1108 857" 
                    HPOS="93.0"
                    VPOS="820.0"
                    WIDTH="1015.0"
                    HEIGHT="67.0">
            <Shape><Polygon POINTS="94 862 94 887 150 879 190 885 192 885 193 885 194 885 203 878 213 884 214 884 215 884 216 884 252 878 261 885 262 885 263 885 264 887 301 887 301 885 302 885 306 884 328 878 350 884 353 884 354 884 355 884 357 884 358 884 372 876 476 881 526 884 527 884 528 884 529 884 535 881 544 876 639 879 741 883 743 883 744 883 765 878 776 875 824 876 935 881 936 881 937 881 939 881 946 875 948 874 1014 874 1021 874 1083 881 1084 881 1085 881 1108 872 1108 857 1104 820 93 826 94 862"/></Shape>
	    <String CONTENT="que le peuple maintiene ſes droits par tous"
                    HPOS="93.0"
                    VPOS="820.0"
                    WIDTH="1015.0"
                    HEIGHT="67.0"
                    WC="0.9925531897433969"></String>
          </TextLine>
          <TextLine ID="line_15"
                    TAGREFS="LT8"
                    BASELINE="92 923 1108 917" 
                    HPOS="90.0"
                    VPOS="871.0"
                    WIDTH="1018.0"
                    HEIGHT="75.0">
            <Shape><Polygon POINTS="92 923 92 937 146 937 168 946 170 946 171 946 267 937 290 946 292 946 293 946 357 937 380 945 381 945 383 945 384 945 410 937 454 945 455 945 504 936 514 944 515 944 516 944 518 945 572 945 572 944 574 944 606 935 609 935 610 935 628 944 630 944 631 944 688 935 701 933 754 933 758 935 771 941 772 941 774 941 775 941 793 936 802 942 804 942 805 942 806 942 807 942 822 935 824 933 826 935 844 942 845 942 846 942 901 935 918 932 1056 932 1062 933 1087 941 1088 941 1089 941 1091 941 1108 933 1108 917 1105 871 1015 871 1014 871 1013 871 1011 871 985 883 919 872 906 871 905 871 904 871 897 872 867 881 765 875 731 872 730 872 728 872 722 875 701 884 680 875 676 874 675 874 619 874 618 874 617 874 611 876 592 887 448 887 436 878 435 878 433 878 384 875 383 875 381 875 380 875 376 879 366 887 353 879 352 879 350 879 349 879 344 879 292 888 90 883 92 923"/></Shape>
	    <String CONTENT="moyens poſsibles: mais s’il auient qu’il ait eſté"
                    HPOS="90.0"
                    VPOS="871.0"
                    WIDTH="1018.0"
                    HEIGHT="75.0"
                    WC="0.9778053653240204"></String>
          </TextLine>
          <TextLine ID="line_16"
                    TAGREFS="LT8"
                    BASELINE="92 983 1106 976" 
                    HPOS="90.0"
                    VPOS="933.0"
                    WIDTH="1016.0"
                    HEIGHT="72.0">
            <Shape><Polygon POINTS="92 983 94 1005 102 998 189 1004 222 1005 223 1005 224 1005 226 1005 227 1004 233 998 384 1002 483 1004 484 1004 563 1002 565 1002 566 1002 568 1000 574 996 594 1000 609 1002 610 1002 635 1000 666 996 697 998 720 1001 722 1001 723 1001 724 1001 727 998 735 994 787 994 792 998 794 1001 796 1001 797 1001 798 1001 800 1001 801 1001 805 998 810 994 832 997 858 1001 859 1001 1105 994 1106 976 1104 942 949 933 948 933 946 933 918 944 917 945 804 946 800 945 779 935 778 935 700 935 698 935 697 935 696 935 680 946 678 948 666 946 585 936 584 936 583 936 581 936 567 948 566 949 507 949 506 948 442 937 441 937 440 937 439 937 424 949 423 949 416 949 345 944 344 944 285 950 281 950 263 939 262 939 261 939 259 939 193 945 154 939 153 939 90 952 92 983"/></Shape>
	    <String CONTENT="reduit à ce poinct que de s’aſſuiettir au vouloir"
                    HPOS="90.0"
                    VPOS="933.0"
                    WIDTH="1016.0"
                    HEIGHT="72.0"
                    WC="0.9956006383895875"></String>
          </TextLine>
          <TextLine ID="line_17"
                    TAGREFS="LT8"
                    BASELINE="94 1043 1105 1035" 
                    HPOS="93.0"
                    VPOS="991.0"
                    WIDTH="1012.0"
                    HEIGHT="72.0">
            <Shape><Polygon POINTS="94 1043 94 1057 216 1055 224 1057 261 1063 262 1063 315 1062 316 1062 329 1055 332 1054 357 1055 420 1059 422 1059 423 1059 432 1054 437 1053 449 1054 481 1061 483 1061 575 1054 592 1053 600 1053 640 1059 641 1059 683 1053 694 1052 707 1053 766 1059 767 1059 849 1052 869 1049 953 1049 958 1050 974 1057 975 1057 976 1057 978 1057 992 1050 993 1050 995 1050 1019 1057 1021 1057 1022 1057 1104 1049 1105 1035 1102 1005 992 1005 956 991 954 991 953 991 952 991 920 1005 919 1005 918 1005 870 996 869 996 867 996 850 1005 826 997 824 997 823 997 822 997 793 1005 752 993 750 993 645 993 644 993 642 993 602 1006 596 1009 522 1009 519 1006 502 994 501 994 500 994 498 994 463 1001 450 994 449 994 448 994 446 994 445 994 431 1005 414 996 413 996 368 996 367 996 366 996 341 1007 337 1009 207 1007 161 1007 141 997 140 997 106 997 105 997 103 997 102 997 93 1004 94 1043"/></Shape>
	    <String CONTENT="d’autruy, c’eſt raiſon qu’il ſupporte douce¬"
                    HPOS="93.0"
                    VPOS="991.0"
                    WIDTH="1012.0"
                    HEIGHT="72.0"
                    WC="0.9992384287444028"></String>
          </TextLine>
          <TextLine ID="line_18"
                    TAGREFS="LT8"
                    BASELINE="93 1101 1108 1096" 
                    HPOS="92.0"
                    VPOS="1052.0"
                    WIDTH="1016.0"
                    HEIGHT="68.0">
            <Shape><Polygon POINTS="93 1101 93 1120 159 1114 245 1114 252 1119 253 1120 254 1120 255 1120 257 1120 297 1118 372 1114 483 1115 597 1118 598 1118 600 1118 601 1118 606 1114 611 1111 678 1113 819 1118 820 1118 850 1111 857 1110 862 1111 892 1117 893 1117 895 1117 919 1110 922 1110 931 1110 1089 1117 1091 1117 1092 1117 1108 1107 1108 1096 1105 1065 952 1052 950 1052 949 1052 948 1052 928 1065 904 1065 888 1053 887 1053 885 1053 884 1053 883 1053 882 1053 869 1063 839 1057 837 1057 752 1065 648 1053 646 1053 645 1053 644 1053 624 1065 572 1054 571 1054 570 1054 568 1054 553 1067 448 1067 419 1054 418 1054 384 1054 383 1054 333 1066 320 1055 319 1055 318 1055 316 1055 264 1065 253 1055 252 1055 250 1055 249 1055 201 1063 157 1055 155 1055 92 1068 93 1101"/></Shape>
	    <String CONTENT="ment la domination du victorieux. Ainſi Pom"
                    HPOS="92.0"
                    VPOS="1052.0"
                    WIDTH="1016.0"
                    HEIGHT="68.0"
                    WC="0.9900715642197188"></String>
          </TextLine>
          <TextLine ID="line_19"
                    TAGREFS="LT8"
                    BASELINE="96 1163 1108 1154" 
                    HPOS="94.0"
                    VPOS="1110.0"
                    WIDTH="1014.0"
                    HEIGHT="75.0">
            <Shape><Polygon POINTS="96 1163 96 1185 142 1178 214 1184 216 1184 218 1184 219 1184 241 1175 354 1183 365 1183 366 1183 367 1183 368 1183 392 1174 444 1180 445 1180 533 1172 668 1172 684 1179 685 1179 687 1179 688 1179 693 1179 723 1172 863 1176 931 1178 932 1178 933 1178 941 1175 963 1169 1105 1172 1108 1154 1105 1124 1070 1124 1050 1110 1049 1110 1048 1110 1046 1110 1045 1110 1017 1118 993 1110 992 1110 991 1110 989 1110 988 1110 971 1123 917 1122 897 1111 896 1111 817 1111 815 1111 814 1111 763 1126 744 1114 743 1114 741 1114 740 1114 739 1114 706 1127 655 1127 652 1127 632 1114 631 1114 630 1114 628 1114 528 1128 526 1128 524 1128 432 1115 431 1115 429 1115 428 1115 406 1130 392 1130 381 1130 378 1130 239 1117 237 1117 236 1117 210 1131 207 1131 110 1123 109 1123 107 1123 106 1123 94 1128 96 1163"/></Shape>
	    <String CONTENT="pee, Caton, Ciceron &amp; autres faiſoyent de¬"
                    HPOS="94.0"
                    VPOS="1110.0"
                    WIDTH="1014.0"
                    HEIGHT="75.0"
                    WC="0.9973583349159786"></String>
          </TextLine>
          <TextLine ID="line_20"
                    TAGREFS="LT8"
                    BASELINE="96 1220 1110 1215" 
                    HPOS="94.0"
                    VPOS="1171.0"
                    WIDTH="1016.0"
                    HEIGHT="70.0">
            <Shape><Polygon POINTS="96 1220 96 1233 344 1241 345 1241 441 1240 442 1240 444 1240 453 1233 832 1239 833 1239 835 1239 854 1231 857 1231 858 1231 878 1237 879 1237 880 1237 1110 1230 1110 1215 1106 1172 1061 1178 1011 1172 988 1171 987 1171 985 1171 980 1174 959 1183 849 1175 805 1172 804 1172 802 1172 796 1176 787 1180 762 1176 759 1176 758 1176 757 1176 756 1176 745 1185 715 1185 702 1178 696 1172 694 1172 693 1172 658 1172 657 1172 655 1172 654 1172 646 1178 633 1185 589 1187 502 1187 493 1180 487 1174 485 1174 484 1174 483 1174 481 1174 480 1174 471 1180 461 1187 320 1187 315 1181 306 1175 305 1175 303 1175 229 1175 228 1175 227 1175 226 1175 215 1183 211 1187 202 1183 177 1175 176 1175 175 1175 174 1175 141 1184 135 1185 94 1185 96 1220"/></Shape>
	    <String CONTENT="uoir de bons patriotes, lors qu’ils prindrent"
                    HPOS="94.0"
                    VPOS="1171.0"
                    WIDTH="1016.0"
                    HEIGHT="70.0"
                    WC="0.9950968888070848"></String>
          </TextLine>
          <TextLine ID="line_21"
                    TAGREFS="LT8"
                    BASELINE="94 1282 1108 1274" 
                    HPOS="93.0"
                    VPOS="1230.0"
                    WIDTH="1015.0"
                    HEIGHT="72.0">
            <Shape><Polygon POINTS="94 1282 94 1294 209 1302 210 1302 305 1293 314 1293 320 1293 381 1301 383 1301 429 1293 436 1292 459 1292 579 1297 580 1297 581 1297 605 1291 609 1291 618 1298 619 1298 620 1298 622 1300 769 1300 769 1298 923 1289 933 1297 935 1297 936 1297 937 1297 939 1297 966 1288 967 1288 969 1288 979 1296 980 1296 982 1296 983 1296 1106 1287 1108 1274 1104 1241 970 1241 966 1240 937 1230 936 1230 935 1230 933 1230 909 1240 901 1243 893 1240 866 1231 865 1231 796 1231 794 1231 793 1231 792 1231 779 1240 778 1240 772 1240 733 1232 732 1232 731 1232 730 1232 720 1239 713 1244 601 1239 487 1233 485 1233 484 1233 483 1233 475 1239 463 1245 413 1240 411 1240 340 1246 301 1237 297 1237 296 1237 294 1237 293 1237 267 1248 197 1248 167 1237 163 1236 162 1236 161 1236 93 1236 94 1282"/></Shape>
	    <String CONTENT="les armes contre Ceſar qui aboliſſoit le gou¬"
                    HPOS="93.0"
                    VPOS="1230.0"
                    WIDTH="1015.0"
                    HEIGHT="72.0"
                    WC="0.9986652308040195"></String>
          </TextLine>
          <TextLine ID="line_22"
                    TAGREFS="LT8"
                    BASELINE="96 1340 1109 1333" 
                    HPOS="94.0"
                    VPOS="1289.0"
                    WIDTH="1015.0"
                    HEIGHT="65.0">
            <Shape><Polygon POINTS="96 1340 96 1354 1108 1352 1109 1333 1106 1289 1037 1289 1036 1289 1035 1289 1033 1289 1000 1301 958 1294 957 1294 956 1294 939 1301 917 1296 915 1296 914 1296 774 1302 726 1294 704 1291 702 1291 666 1292 665 1292 663 1292 659 1294 646 1304 607 1296 592 1293 591 1293 589 1293 588 1293 584 1296 571 1304 539 1304 528 1297 520 1292 519 1292 518 1292 516 1292 376 1293 375 1293 374 1293 367 1300 358 1306 176 1306 159 1302 136 1296 135 1296 133 1296 94 1302 96 1340"/></Shape>
	    <String CONTENT="uernement de l’Eſtat: &amp; ne ſauroit-on excuſer"
                    HPOS="94.0"
                    VPOS="1289.0"
                    WIDTH="1015.0"
                    HEIGHT="65.0"
                    WC="0.9912055757310655"></String>
          </TextLine>
          <TextLine ID="line_23"
                    TAGREFS="LT8"
                    BASELINE="96 1400 1110 1393" 
                    HPOS="94.0"
                    VPOS="1348.0"
                    WIDTH="1016.0"
                    HEIGHT="74.0">
            <Shape><Polygon POINTS="96 1400 96 1415 261 1422 262 1422 263 1422 281 1414 284 1414 290 1414 337 1420 339 1420 372 1414 385 1411 388 1414 397 1420 398 1420 400 1420 401 1422 463 1422 463 1420 465 1420 479 1413 483 1411 541 1411 544 1413 553 1419 554 1419 555 1419 557 1419 558 1419 559 1419 570 1413 572 1410 620 1410 631 1411 665 1419 666 1419 667 1419 668 1419 679 1411 683 1409 735 1409 743 1411 765 1418 766 1418 767 1418 769 1418 793 1410 800 1409 804 1410 818 1418 819 1418 820 1418 822 1418 849 1410 856 1409 862 1410 900 1418 901 1418 902 1418 904 1418 914 1410 917 1409 930 1410 1015 1417 1017 1417 1109 1407 1110 1393 1108 1362 975 1348 974 1348 914 1358 900 1349 898 1349 897 1349 817 1349 815 1349 814 1349 813 1349 794 1361 775 1353 774 1353 772 1353 771 1353 741 1362 662 1350 661 1350 659 1350 630 1363 605 1350 604 1350 602 1350 524 1357 514 1350 513 1350 511 1350 510 1350 509 1350 479 1365 479 1366 440 1366 439 1365 420 1352 419 1352 418 1352 416 1352 415 1352 385 1365 336 1366 296 1367 187 1367 187 1366 159 1354 158 1354 157 1354 94 1366 96 1400"/></Shape>
	    <String CONTENT="ceux qui par leur laſcheté ont eſté cauſe que"
                    HPOS="94.0"
                    VPOS="1348.0"
                    WIDTH="1016.0"
                    HEIGHT="74.0"
                    WC="0.9825097550737097"></String>
          </TextLine>
          <TextLine ID="line_24"
                    TAGREFS="LT8"
                    BASELINE="96 1459 1110 1452" 
                    HPOS="94.0"
                    VPOS="1410.0"
                    WIDTH="1016.0"
                    HEIGHT="72.0">
            <Shape><Polygon POINTS="96 1459 96 1474 193 1480 194 1480 196 1480 197 1480 207 1474 248 1482 249 1482 318 1472 324 1472 335 1472 440 1479 441 1479 509 1471 513 1471 514 1471 533 1479 535 1479 536 1480 602 1480 602 1479 604 1479 624 1470 627 1470 636 1470 719 1478 720 1478 779 1469 785 1469 787 1469 797 1476 798 1476 800 1476 801 1476 835 1470 871 1476 872 1476 874 1476 875 1476 888 1469 902 1475 904 1475 905 1475 906 1475 923 1469 1074 1475 1075 1475 1076 1475 1110 1466 1110 1452 1108 1419 962 1419 959 1418 917 1410 915 1410 850 1418 837 1419 835 1418 824 1410 823 1410 822 1410 776 1410 775 1410 774 1410 754 1418 752 1418 749 1418 718 1411 717 1411 715 1411 714 1411 705 1418 701 1420 691 1418 668 1411 667 1411 666 1411 628 1418 600 1422 514 1417 433 1413 432 1413 431 1413 429 1413 424 1417 416 1422 406 1417 400 1414 398 1414 264 1414 263 1414 262 1414 257 1417 240 1426 171 1426 94 1417 96 1459"/></Shape>
	    <String CONTENT="les conſeils de Pompee &amp; des ſiens n’ont pas"
                    HPOS="94.0"
                    VPOS="1410.0"
                    WIDTH="1016.0"
                    HEIGHT="72.0"
                    WC="0.9807091626253995"></String>
          </TextLine>
          <TextLine ID="line_25"
                    TAGREFS="LT8"
                    BASELINE="97 1519 1110 1511" 
                    HPOS="96.0"
                    VPOS="1469.0"
                    WIDTH="1014.0"
                    HEIGHT="72.0">
            <Shape><Polygon POINTS="97 1519 97 1532 129 1541 131 1541 132 1541 170 1532 172 1532 176 1532 252 1540 253 1540 254 1540 283 1531 285 1531 293 1531 380 1540 381 1540 383 1540 384 1540 396 1531 396 1530 436 1530 439 1530 454 1539 455 1539 457 1539 458 1539 485 1530 488 1530 489 1530 522 1539 523 1539 524 1539 566 1530 567 1530 722 1537 723 1537 785 1530 911 1533 913 1533 946 1526 950 1526 952 1526 970 1535 971 1535 972 1535 974 1535 996 1528 1054 1535 1056 1535 1109 1524 1110 1511 1108 1480 984 1472 983 1472 932 1479 918 1480 915 1479 902 1469 901 1469 900 1469 898 1469 841 1478 827 1480 810 1478 753 1470 752 1470 750 1470 731 1478 720 1483 691 1483 684 1478 674 1470 672 1470 671 1470 670 1470 576 1471 575 1471 559 1476 541 1483 519 1476 500 1471 498 1471 437 1471 436 1471 411 1476 371 1484 310 1483 301 1475 297 1472 296 1472 294 1472 293 1472 271 1475 213 1484 180 1475 179 1475 177 1475 176 1475 148 1482 96 1475 97 1519"/></Shape>
	    <String CONTENT="heureuſement ſuccedé. Auguſte meſme repri¬"
                    HPOS="96.0"
                    VPOS="1469.0"
                    WIDTH="1014.0"
                    HEIGHT="72.0"
                    WC="0.9996344973874647"></String>
          </TextLine>
          <TextLine ID="line_26"
                    TAGREFS="LT8"
                    BASELINE="97 1579 1111 1572" 
                    HPOS="96.0"
                    VPOS="1527.0"
                    WIDTH="1015.0"
                    HEIGHT="74.0">
            <Shape><Polygon POINTS="97 1579 97 1592 171 1592 174 1592 193 1601 194 1601 196 1601 292 1598 293 1598 307 1592 313 1591 379 1591 381 1592 392 1600 393 1600 394 1600 396 1600 431 1592 441 1591 446 1592 463 1600 465 1600 466 1600 575 1592 610 1591 627 1592 670 1598 671 1598 672 1598 687 1592 696 1589 707 1592 715 1595 717 1595 718 1595 735 1592 767 1588 785 1592 802 1597 804 1597 805 1598 805 1597 806 1597 823 1592 841 1588 861 1592 871 1595 872 1595 889 1592 931 1587 1109 1592 1111 1572 1109 1539 1052 1528 1050 1528 980 1539 963 1527 962 1527 961 1527 907 1527 906 1527 905 1527 883 1539 863 1532 862 1532 861 1532 798 1540 783 1528 781 1528 780 1528 733 1528 732 1528 731 1528 704 1541 702 1541 697 1541 588 1530 587 1530 585 1530 584 1530 568 1543 470 1543 455 1543 441 1536 440 1536 439 1536 437 1536 436 1536 427 1543 414 1532 413 1532 411 1532 378 1532 376 1532 375 1532 374 1532 359 1544 335 1544 279 1532 277 1532 276 1532 275 1532 259 1545 211 1545 198 1535 197 1535 196 1535 155 1532 154 1532 96 1545 97 1579"/></Shape>
	    <String CONTENT="ma (ce dit-on) vn quidã qui diſoit mille maux"
                    HPOS="96.0"
                    VPOS="1527.0"
                    WIDTH="1015.0"
                    HEIGHT="74.0"
                    WC="0.9949701156305231"></String>
          </TextLine>
          <TextLine ID="line_27"
                    TAGREFS="LT8"
                    BASELINE="98 1637 1111 1631" 
                    HPOS="97.0"
                    VPOS="1587.0"
                    WIDTH="1014.0"
                    HEIGHT="72.0">
            <Shape><Polygon POINTS="98 1637 98 1653 123 1659 124 1659 189 1653 203 1652 210 1653 241 1659 242 1659 281 1652 287 1652 292 1652 337 1658 339 1658 340 1658 355 1652 359 1650 518 1650 519 1650 536 1657 537 1657 539 1657 583 1650 589 1649 591 1650 605 1657 606 1657 607 1658 705 1658 705 1657 835 1648 844 1648 846 1648 876 1656 878 1656 879 1656 880 1656 913 1648 918 1646 926 1648 974 1654 975 1654 1110 1645 1111 1631 1108 1587 1049 1597 1028 1591 1027 1591 1026 1591 933 1597 882 1588 880 1588 879 1588 878 1588 876 1588 863 1597 840 1589 839 1589 837 1589 836 1589 835 1589 824 1598 769 1598 744 1588 743 1588 741 1588 740 1588 739 1588 737 1588 722 1595 671 1589 670 1589 668 1589 667 1589 666 1589 649 1600 535 1593 533 1593 532 1593 500 1601 457 1591 455 1591 454 1591 453 1591 423 1601 363 1591 358 1591 357 1591 355 1591 354 1591 339 1602 296 1602 244 1592 242 1592 188 1592 187 1592 185 1592 184 1592 164 1602 145 1593 144 1593 97 1593 98 1637"/></Shape>
	    <String CONTENT="de Caton, ſouſtenant qu’iceluy s’eſtoit porté"
                    HPOS="97.0"
                    VPOS="1587.0"
                    WIDTH="1014.0"
                    HEIGHT="72.0"
                    WC="0.9923834450866865"></String>
          </TextLine>
          <TextLine ID="line_28"
                    TAGREFS="LT8"
                    BASELINE="100 1698 1113 1692" 
                    HPOS="98.0"
                    VPOS="1646.0"
                    WIDTH="1015.0"
                    HEIGHT="67.0">
            <Shape><Polygon POINTS="100 1698 100 1713 1070 1713 1070 1711 1113 1704 1113 1692 1110 1657 991 1646 989 1646 988 1646 987 1646 972 1658 970 1659 867 1659 865 1658 853 1649 852 1649 850 1649 789 1648 788 1648 787 1648 763 1658 715 1648 714 1648 713 1648 711 1648 711 1649 701 1658 667 1659 657 1652 655 1652 654 1652 653 1652 652 1652 633 1661 632 1661 631 1661 588 1649 587 1649 585 1649 584 1649 583 1649 566 1662 492 1662 491 1662 475 1650 474 1650 472 1650 381 1650 380 1650 379 1650 378 1650 358 1662 287 1657 285 1657 284 1657 270 1663 249 1654 248 1654 246 1654 203 1663 189 1652 188 1652 187 1652 185 1652 150 1658 127 1652 126 1652 124 1652 123 1652 98 1663 100 1698"/></Shape>
	    <String CONTENT="en homme de bien, &amp; treſ-affectionné à la"
                    HPOS="98.0"
                    VPOS="1646.0"
                    WIDTH="1015.0"
                    HEIGHT="67.0"
                    WC="0.9880331574484359"></String>
          </TextLine>
          <TextLine ID="line_29"
                    TAGREFS="LT8"
                    BASELINE="102 1756 1111 1749" 
                    HPOS="101.0"
                    VPOS="1705.0"
                    WIDTH="1010.0"
                    HEIGHT="77.0">
            <Shape><Polygon POINTS="102 1756 102 1782 158 1771 432 1778 497 1779 498 1779 510 1776 544 1770 554 1776 555 1778 557 1778 558 1778 559 1778 594 1776 726 1767 750 1774 759 1776 761 1776 762 1776 779 1774 811 1767 843 1772 853 1774 854 1774 867 1772 910 1766 1002 1766 1009 1770 1013 1774 1014 1774 1015 1774 1017 1774 1018 1774 1026 1770 1032 1767 1037 1770 1044 1775 1045 1775 1046 1775 1048 1775 1110 1769 1111 1749 1108 1714 1017 1718 1011 1714 1000 1705 998 1705 997 1705 920 1705 919 1705 918 1705 897 1714 888 1706 887 1706 885 1706 835 1706 833 1706 832 1706 800 1717 792 1721 568 1721 566 1721 545 1708 544 1708 542 1708 541 1708 485 1721 480 1722 478 1721 454 1709 453 1709 452 1709 383 1715 344 1709 342 1709 341 1709 340 1709 319 1723 285 1723 264 1723 229 1710 228 1710 227 1710 226 1710 209 1719 183 1711 181 1711 180 1711 179 1711 138 1722 129 1714 128 1714 127 1714 126 1714 124 1714 101 1723 102 1756"/></Shape>
	    <String CONTENT="grandeur de ſa patrie, en ce qu’il s’eſtoit op¬"
                    HPOS="101.0"
                    VPOS="1705.0"
                    WIDTH="1010.0"
                    HEIGHT="77.0"
                    WC="0.9967111184241924"></String>
          </TextLine>
          <TextLine ID="line_30"
                    TAGREFS="LT8"
                    BASELINE="102 1817 1113 1809" 
                    HPOS="101.0"
                    VPOS="1766.0"
                    WIDTH="1012.0"
                    HEIGHT="73.0">
            <Shape><Polygon POINTS="102 1817 103 1839 133 1831 339 1836 340 1836 341 1836 367 1830 415 1836 429 1837 431 1837 432 1837 436 1836 449 1828 505 1835 518 1836 519 1836 627 1835 628 1835 630 1835 631 1834 641 1827 731 1832 769 1835 770 1835 856 1832 857 1832 858 1832 858 1831 866 1826 872 1831 875 1834 876 1834 878 1834 879 1834 914 1831 993 1824 1004 1830 1006 1831 1008 1831 1009 1831 1113 1828 1113 1809 1111 1778 1080 1767 1079 1767 1078 1767 1076 1767 1044 1776 949 1766 948 1766 946 1766 945 1766 933 1775 848 1767 846 1767 772 1780 705 1780 691 1769 689 1769 688 1769 687 1769 685 1769 642 1779 511 1772 510 1772 509 1772 507 1772 493 1782 436 1783 407 1783 392 1771 390 1771 389 1771 388 1771 387 1771 363 1782 339 1771 337 1771 336 1771 272 1772 271 1772 245 1782 172 1772 171 1772 170 1772 168 1772 153 1784 101 1784 102 1817"/></Shape>
	    <String CONTENT="poſé au changement que lon vouloit faire en"
                    HPOS="101.0"
                    VPOS="1766.0"
                    WIDTH="1012.0"
                    HEIGHT="73.0"
                    WC="0.9960751113566485"></String>
          </TextLine>
          <TextLine ID="line_31"
                    TAGREFS="LT8"
                    BASELINE="100 1875 1111 1870" 
                    HPOS="98.0"
                    VPOS="1827.0"
                    WIDTH="1013.0"
                    HEIGHT="70.0">
            <Shape><Polygon POINTS="100 1875 101 1897 119 1888 168 1896 170 1896 210 1889 264 1896 266 1896 267 1896 268 1896 281 1888 359 1893 361 1893 362 1893 363 1893 372 1887 396 1895 397 1895 398 1896 537 1896 571 1896 571 1895 572 1895 574 1895 587 1887 671 1892 672 1892 674 1892 675 1892 684 1885 709 1893 710 1893 711 1895 785 1895 785 1893 787 1893 788 1893 797 1887 817 1893 818 1893 819 1893 874 1884 915 1892 917 1893 917 1892 958 1884 1109 1892 1111 1870 1109 1832 1061 1827 1059 1827 1058 1827 1041 1832 1011 1841 905 1841 879 1832 865 1827 863 1827 862 1827 861 1827 859 1827 853 1832 839 1841 818 1832 815 1831 814 1831 813 1831 811 1831 810 1831 810 1832 792 1843 741 1843 676 1832 653 1828 652 1828 650 1828 644 1832 623 1841 549 1832 531 1830 529 1830 528 1830 524 1832 502 1843 431 1832 429 1832 428 1832 394 1844 235 1844 205 1832 202 1831 201 1831 200 1831 98 1831 100 1875"/></Shape>
	    <String CONTENT="l’Eſtat, veu que cela ne ſe pouuoit executer"
                    HPOS="98.0"
                    VPOS="1827.0"
                    WIDTH="1013.0"
                    HEIGHT="70.0"
                    WC="0.982657565311952"></String>
          </TextLine>
          <TextLine ID="line_32"
                    TAGREFS="LT8"
                    BASELINE="100 1935 1114 1928" 
                    HPOS="98.0"
                    VPOS="1884.0"
                    WIDTH="1016.0"
                    HEIGHT="73.0">
            <Shape><Polygon POINTS="100 1935 100 1949 155 1957 157 1957 287 1949 289 1949 292 1949 444 1956 445 1956 539 1948 553 1947 566 1947 655 1954 657 1954 658 1954 659 1954 668 1947 670 1947 679 1947 828 1953 830 1953 831 1953 852 1945 854 1945 856 1945 874 1952 875 1952 876 1952 878 1952 879 1952 887 1945 888 1945 896 1945 1019 1952 1021 1952 1054 1945 1097 1952 1098 1952 1100 1952 1114 1944 1114 1928 1111 1896 1049 1884 1048 1884 1046 1884 1013 1895 1011 1896 931 1896 930 1895 917 1888 915 1888 914 1888 913 1888 911 1888 911 1889 905 1895 904 1897 802 1897 798 1895 780 1885 779 1885 778 1885 743 1893 733 1896 728 1893 709 1885 707 1885 706 1885 705 1885 683 1893 671 1897 645 1893 600 1887 598 1887 597 1887 579 1893 566 1897 550 1893 527 1887 526 1887 524 1887 491 1893 458 1900 409 1900 393 1892 383 1888 381 1888 302 1888 301 1888 300 1888 284 1892 255 1900 98 1892 100 1935"/></Shape>
	    <String CONTENT="ſans troubler grands &amp; petis &amp; mettre tout en"
                    HPOS="98.0"
                    VPOS="1884.0"
                    WIDTH="1016.0"
                    HEIGHT="73.0"
                    WC="0.9902526338895162"></String>
          </TextLine>
          <TextLine ID="line_33"
                    TAGREFS="LT8"
                    BASELINE="101 1995 1114 1988" 
                    HPOS="100.0"
                    VPOS="1943.0"
                    WIDTH="1014.0"
                    HEIGHT="79.0">
            <Shape><Polygon POINTS="101 1995 101 2014 301 2022 302 2022 350 2013 353 2013 363 2021 365 2021 366 2021 367 2021 368 2021 385 2014 504 2021 505 2021 545 2011 549 2011 554 2011 628 2019 630 2019 631 2019 655 2011 844 2018 845 2018 846 2018 848 2018 858 2009 863 2009 910 2009 915 2009 962 2017 963 2018 1096 2018 1096 2017 1097 2017 1114 2008 1114 1988 1111 1957 1079 1957 1061 1943 1059 1943 1058 1943 941 1943 940 1943 939 1943 937 1943 922 1954 904 1947 902 1947 901 1947 900 1947 874 1957 826 1944 824 1944 823 1944 702 1958 680 1945 679 1945 678 1945 676 1945 675 1945 646 1960 609 1960 572 1945 571 1945 570 1945 568 1945 567 1945 554 1956 502 1961 472 1961 449 1948 448 1948 446 1948 445 1948 444 1948 427 1961 389 1961 376 1952 375 1952 374 1952 372 1952 333 1954 307 1947 306 1947 305 1947 303 1947 268 1957 237 1948 236 1948 235 1948 133 1952 132 1952 100 1962 101 1995"/></Shape>
	    <String CONTENT="combuſtion. Au reſte, lon ne ſauroit iuſte¬"
                    HPOS="100.0"
                    VPOS="1943.0"
                    WIDTH="1014.0"
                    HEIGHT="79.0"
                    WC="0.9982365314350572"></String>
          </TextLine>
        </TextBlock>
        <TextBlock HPOS="413.0"
                   VPOS="101.0"
                   WIDTH="395.0"
                   HEIGHT="54.0"
                   ID="block_3"
                   TAGREFS="BT18">
          <Shape><Polygon POINTS="808 101 808 155 413 155 413 101"/></Shape>
          <TextLine ID="line_0"
                    TAGREFS="LT8"
                    BASELINE="423 135 809 135" 
                    HPOS="421.0"
                    VPOS="103.0"
                    WIDTH="386.0"
                    HEIGHT="58.0">
            <Shape><Polygon POINTS="421 134 421 161 807 153 807 134 807 103 421 103 421 134"/></Shape>
	    <String CONTENT="QVESTION."
                    HPOS="421.0"
                    VPOS="103.0"
                    WIDTH="386.0"
                    HEIGHT="58.0"
                    WC="0.9997497399648031"></String>
          </TextLine>
        </TextBlock>
        <TextBlock HPOS="1031.0"
                   VPOS="98.0"
                   WIDTH="80.0"
                   HEIGHT="63.0"
                   ID="block_0"
                   TAGREFS="BT15">
          <Shape><Polygon POINTS="1111 98 1111 161 1031 161 1031 98"/></Shape>
          <TextLine ID="line_1"
                    TAGREFS="LT8"
                    BASELINE="1038 131 1102 133" 
                    HPOS="1035.0"
                    VPOS="99.0"
                    WIDTH="66.0"
                    HEIGHT="72.0">
            <Shape><Polygon POINTS="1096 99 1076 99 1057 99 1037 99 1037 130 1035 161 1098 171 1101 132 1099 99 1096 99"/></Shape>
	    <String CONTENT="213"
                    HPOS="1035.0"
                    VPOS="99.0"
                    WIDTH="66.0"
                    HEIGHT="72.0"
                    WC="0.9999866485595703"></String>
          </TextLine>
        </TextBlock>
        <TextBlock HPOS="1100.0"
                   VPOS="231.0"
                   WIDTH="178.0"
                   HEIGHT="153.0"
                   ID="block_2"
                   TAGREFS="BT100009">
          <Shape><Polygon POINTS="1278 231 1278 384 1100 384 1100 231"/></Shape>
          <TextLine ID="eSc_line_95b70d69"
                    TAGREFS="LT8"
                    BASELINE="1104 266 1267 267" 
                    HPOS="1101"
                    VPOS="198"
                    WIDTH="164"
                    HEIGHT="84">
            <Shape><Polygon POINTS="1103 264 1101 280 1261 282 1265 266 1265 208 1191 198 1189 198 1187 198 1154 216 1148 220 1103 220 1103 264"/></Shape>
	    <String CONTENT="2.Rois24."
                    HPOS="1101"
                    VPOS="198"
                    WIDTH="164"
                    HEIGHT="84"
                    WC="0.9400467177232107"></String>
          </TextLine>
          <TextLine ID="eSc_line_ba014154"
                    TAGREFS="LT8"
                    BASELINE="1104 317 1209 316" 
                    HPOS="1103"
                    VPOS="268"
                    WIDTH="104"
                    HEIGHT="71">
            <Shape><Polygon POINTS="1103 315 1103 329 1205 339 1207 315 1207 282 1103 268 1103 315"/></Shape>
	    <String CONTENT="&amp; 25."
                    HPOS="1103"
                    VPOS="268"
                    WIDTH="104"
                    HEIGHT="71"
                    WC="0.9958016157150269"></String>
          </TextLine>
          <TextLine ID="line_3"
                    TAGREFS="LT8"
                    BASELINE="1106 363 1269 359" 
                    HPOS="1105.0"
                    VPOS="323.0"
                    WIDTH="164.0"
                    HEIGHT="62.0">
            <Shape><Polygon POINTS="1106 363 1106 377 1148 385 1149 385 1267 377 1269 359 1266 324 1117 323 1115 323 1114 323 1113 323 1105 327 1106 363"/></Shape>
	    <String CONTENT="Ierem.37."
                    HPOS="1105.0"
                    VPOS="323.0"
                    WIDTH="164.0"
                    HEIGHT="62.0"
                    WC="0.9986104766527811"></String>
          </TextLine>
        </TextBlock>
        <TextBlock HPOS="826.0"
                   VPOS="2014.0"
                   WIDTH="130.0"
                   HEIGHT="63.0"
                   ID="block_4"
                   TAGREFS="BT17">
          <Shape><Polygon POINTS="956 2014 956 2077 826 2077 826 2016"/></Shape>
          <TextLine ID="line_34"
                    TAGREFS="LT8"
                    BASELINE="826 2054 953 2052" 
                    HPOS="823.0"
                    VPOS="2010.0"
                    WIDTH="130.0"
                    HEIGHT="74.0">
            <Shape><Polygon POINTS="826 2054 826 2079 952 2084 953 2052 949 2021 887 2022 883 2021 867 2010 866 2010 865 2010 840 2010 839 2010 837 2010 836 2010 823 2017 826 2054"/></Shape>
	    <String CONTENT="O.iii."
                    HPOS="823.0"
                    VPOS="2010.0"
                    WIDTH="130.0"
                    HEIGHT="74.0"
                    WC="0.9823919435342153"></String>
          </TextLine>
        </TextBlock>
      </PrintSpace>
    </Page>
  </Layout>
</alto>
