1412 2338
333.0 109.0 62.0 72.0 70

336.0 161.0 1003.0 77.0 en vn corps, faiſoit la meſme promeſſe à

332.0 227.0 1005.0 75.0 Dieu, ſtipulant par le Souuerain Sacrifica¬

331.0 282.0 119.0 74.0 teur.

341.0 348.0 994.0 67.0 OR nous diſons maintenant que toutes

331.0 449.0 1003.0 22.0 deo vinieoy e done leo ſasntratod lecHea vie

328.0 465.0 1002.0 74.0 les, qui ſont parts & portions du royaume,

328.0 527.0 1007.0 69.0 promettoyent chaſcun d’eux pour ſon re¬

333.0 581.0 1002.0 73.0 gard, & en termes expres faire le meſme: ce

336.0 641.0 999.0 66.0 que toutes villes & communautez Chreſtien¬

333.0 695.0 1000.0 72.0 nes ont fait auſsi, encores que c’ait eſté ſans

333 754 1000 72 narler. Ioſué eſtant fort vieil & prochain de

332.0 819.0 1003.0 70.0 la mort, aſſemble tout Iſrael en Sichem en la

329.0 879.0 1005.0 69.0 preſence de Dieu, c’eſt à dire deuant l’Arche

328.0 935.0 1006.0 74.0 de l’Alliance du Seigneur qui eſtoit là. Il eſt

326.0 993.0 1006.0 77.0 dit que les Anciens du peuple, les chefs des

326.0 1057.0 1004.0 73.0 lignees, les Iuges & gouuerneurs, & tous

326.0 1119.0 1005.0 72.0 ceux qui auoyent quelques charges publiques

324.0 1176.0 1006.0 68.0 és villes d’Iſrael s’y trouuerent, où ils iure¬

324.0 1232.0 1006.0 72.0 rent- d’obſeruer la Loy du Seigneur, & ac¬

326.0 1297.0 1002.0 69.0 cepterent volontairement le ioug de Dieu

323.0 1356.0 1003.0 67.0 tout-puiſſant. Dont il appert aſſez, que ces

322.0 1411.0 1005.0 71.0 Magiſtrats s’obligerent au nom des villes &

323.0 1475.0 1001.0 65.0 communautez qui les enuoyoyent de don¬

323.0 1535.0 1003.0 69.0 ner ordre que Dieu ſeroit ſerui par tout le

326.0 1592.0 996.0 69.0 pays ſelon ce qu’il auoit declairé par ſa

327 1642 995 82 Loy. Quant à Ioſué, ayant contracté ceſte

316.0 1708.0 994.0 67.0 ſaincte Alliance entre Dieu & le peuple,

320.0 1766.0 995.0 70.0 & dreſſé acte de tout ce qui s’eſtoit fait,

316.0 1827.0 1002.0 70.0 pour memorial perpetuel de la choſe, eſle¬

315.0 1888.0 1004.0 77.0 ua incontinent vne pierre. S’il faut faire

676.0 105.0 316.0 62.0 SECONDE

167 740 148 117 toſuér4

154 1636 165 107 Ioſué 24.

163 1714 48 87 15.

1182.0 1949.0 135.0 85.0 venir
