1407 2338
48.0 153.0 1002.0 78.0 Iuriſconſultes modernes. Car la Loy n’appel¬

50.0 218.0 1002.0 78.0 loit pas les femmes au gouuernement du roy¬

53.0 283.0 992.0 67.0 aume de Iuda. Dauantage, ceſte tyrannie e¬

53.0 341.0 1009.0 69.0 ſtoit en vigueur & exercice: car Athalia auoit

58.0 400.0 1003.0 68.0 par vne meſchanceté du tout desbordee en¬

54.0 459.0 1008.0 68.0 uahi la couronne de ſes neueux, elle commet¬

54.0 516.0 1010.0 69.0 toit vne infinité de maux, & qui eſtoit le pis a¬

55.0 578.0 1014.0 64.0 uoit reietté le vray Dieu pour adorer & faire

55.0 635.0 1014.0 74.0 adorer Baal. Ainſi donc elle a eſté iuſtement

61.0 701.0 1010.0 66.0 punie, & par celuy qui auoit legitime charge

58.0 757.0 1015.0 66.0 & autorité de ce faire. Car Ioiadas n’eſtoit

62.0 813.0 1013.0 74.0 point vn homme priué & particulier, ains ſou

62.0 875.0 1012.0 71.0 uerain Sacrificateur, à qui lors apartenoit la

59.0 932.0 1015.0 73.0 conoiſſance des cauſes ciuiles. En apres il a¬

63.0 993.0 1011.0 70.0 uoit pour adioints les principaux du royau¬

64.0 1048.0 1010.0 76.0 me, les Leuites, & eſtoit parẽt & allié du Roy.

66.0 1110.0 1009.0 71.0 Or quant à ce qu’il n’aſſemble les Eſtats en

62.0 1167.0 1011.0 69.0 Mizpat, à la maniere acouſtumee, il n’en eſt

66.0 1228.0 1004.0 76.0 pas reprins, ni d’auoir conſulté & conſpiré ſe¬

66.0 1291.0 1005.0 70.0 crettement: pource que s’il euſt tenu quelque

66.0 1348.0 1004.0 72.0 autre procedure, l’afaire n’euſt pas bien ſucce¬

64.0 1400.0 1003.0 69.0 dé, ains s’en fuſt allee au vent. Vne coniura¬

62.0 1463.0 1005.0 76.0 tion eſt bonne ou mauuaiſe, ſelõ que la fin où

66.0 1522.0 995.0 71.0 elle viſe eſt bonne ou mauuaiſe, & ſelon auſsi

67.0 1582.0 991.0 76.0 que ſont affectionnez ceux qui la font. Nous

64.0 1640.0 1006.0 74.0 diſons donc que les Princes de Iuda ont bien

67.0 1701.0 1004.0 75.0 fait, & qu’en ſuiuant vne autre procedure ils

67.0 1759.0 1006.0 75.0 euſſent mal fait. Car tout ainſi que le tuteur

67.0 1818.0 1008.0 80.0 doit prendre garde que les biens de ſon pu¬

72 1879 1008 74 pille ne deperiſſent, & s’il n’en tient conte, on

70 1937 1009 85 luy en peut demander & faire rendre conte:

359.0 105.0 388.0 56.0 QVESITOR.

999 105 49 66 65

1065 161 158 68 Bartol. de

1062 212 154 68 Tyrãnid.

1064.0 270.0 146.0 70.0 Deut.17.

1062 313 52 78 15.

1075 1389 162 93 Bartol au

1071 1469 166 68 traité des

1077.0 1513.0 135.0 62.0 Guelſes

1069 1562 168 80 & Gibel-

1071.0 1611.0 78.0 68.0 lins.

826.0 2001.0 99.0 85.0 E.j.
