1407 2338
83 141 1003 86 de ceux qui ſont tranſportez de paſsion, que

81 206 1007 79 de ceux que la raiſon gouuerne: & pourtant la

83.0 263.0 1008.0 81.0 tyrannie a touſiours plus de ſeruiteurs que la

81.0 313.0 1012.0 96.0 Republique. Rome eſt, ce dit Pompee, là où

88.0 383.0 1005.0 71.0 eſt le Senat: & le Senat ſe trouue là où ſe trou¬

89.0 440.0 1007.0 78.0 uent la reuerence des loix, l’amour de liberté,

89.0 503.0 1007.0 76.0 le deſir de conſeruer la patrie. Par quoy, enco¬

92.0 558.0 1003.0 75.0 res que Brennus ſemble s’eſtre ſaiſi de Rome,

93.0 616.0 1006.0 82.0 Rome eſt à Veies cependant auec Camillus

97.0 681.0 1002.0 80.0 qui ſe prepare pour deliurer Rome de ſerui¬

97.0 737.0 1005.0 80.0 tude. Il faut donc que les cheualiers & ſoldats

97.0 797.0 1005.0 81.0 Romains s’en aillent à Veies, pour aider Ca¬

97.0 858.0 1004.0 78.0 millus en toutes ſortes à eux poſsibles. Com¬

100.0 915.0 1005.0 77.0 bien que Themiſtocles laiſſe Athenes, & mõ¬

100.0 978.0 1008.0 75.0 te ſur la mer auec tous les gens de bien de la

105.0 1037.0 1001.0 74.0 ville, s’enfermans en vne flotte de deux cens

107.0 1098.0 1002.0 74.0 galeres, pas vn d’eux n’eſt pourtant forclos ni

105.0 1149.0 994.0 92.0 banni d’Athenes: ains pluſtoſt, comme reſpõd

1118.0 1141.0 160.0 94.0 Plutar, en

111.0 1209.0 988.0 80.0 Themiſtocles, Ces deux cens galeres nous ſer¬

1116 1217 144 65 la vie de

107.0 1270.0 995.0 87.0 uent autant que la plus grande ville de toute

1116.0 1270.0 160.0 72.0 Themiss.

110.0 1335.0 1000.0 78.0 la Grece: pource qu’elles ſont armees afin de

110.0 1396.0 1002.0 71.0 defendre tous ceux qui veulent maintenir le

113.0 1456.0 1001.0 76.0 public en ſon entier. Et pour venir à d’autres

114.0 1513.0 1005.0 76.0 exemples, il ne s’enſuiura pas que l’Egliſe de

114.0 1571.0 1003.0 73.0 Dieu ſoit incontinent en vn lieu où ſera l’ar¬

115.0 1631.0 1008.0 77.0 che de l’Alliance: car les Philiſthins peuuent

116.0 1691.0 1007.0 79.0 emporter ceſte arche iuſques dedans le temple

118.0 1749.0 1005.0 79.0 de leur idole. Si toſt que lon verra les enſei¬

120.0 1810.0 1005.0 81.0 gnes & legions Romaines, il ne s’enſuiura pas

122.0 1870.0 997.0 88.0 que ce ſoit l’armee de la Republique: mais ce¬

407.0 91.0 380.0 57.0 QVESTION.

1015.0 83.0 68.0 68.0 215

818.0 1934.0 148.0 72.0 O.iiij.
