1440 2338
81.0 158.0 1010.0 79.0 ment mieux ſe tirer arriere & changer de pays.

81.0 218.0 1009.0 78.0 Ainſi Dauid s’eſt retiré aux montagnes, & n’a

80.0 277.0 1010.0 77.0 rien attenté contre le tyran Saul, pource qu’il

79.0 339.0 1013.0 71.0 n’eſtoit pas l’vn des gouuerneurs declairez du

85.0 397.0 1007.0 75.0 peuple: Ieſus Chriſt, le Royaume duquel n’eſt

88.0 455.0 1003.0 81.0 pas de ce monde s’en eſt fuy en Egypte, & s’eſt

81.0 514.0 1008.0 79.0 tiré arriere des pattes de la tyrannie: & ſainct

81.0 574.0 1008.0 79.0 Paul traitant du deuoir d’vn chaſcun Chre¬

83.0 635.0 1006.0 80.0 ſtien & non point des magiſtrats, enſeigne

85.0 693.0 735.0 75.0 qu’il faut obeir à Neron. Rom.13.

368.0 91.0 374.0 70.0 QVESTION.

144.0 763.0 945.0 70.0 MAIS ſi tous les principaux Officiers, ou

85.0 811.0 1007.0 80.0 pluſieurs, ou l’vn d’iceux ſe met en effort de re¬

85.0 878.0 1005.0 74.0 primer vne tyrannie manifeſte, ou qu’vn ma¬

85.0 930.0 1007.0 81.0 giſtrat taſche de la chaſſer loin de la prouince

85.0 996.0 1006.0 75.0 ou portion du Royaume laquelle eſt en ſa

83.0 1055.0 1008.0 80.0 charge, & que ce magiſtrat ſous ce pretexte

83.0 1115.0 1007.0 74.0 n’ameine point quelque autre tyrannie nou¬

85.0 1172.0 1005.0 76.0 uelle en auant: alors il faut que tous en trou¬

88.0 1233.0 1003.0 77.0 pe & à qui mieux mieux ſe ioignent pour pren

84.0 1291.0 1010.0 75.0 dre les armes, & qu’ils aſsiſtent de leurs biens &

88.0 1349.0 1007.0 78.0 perſonnes, cõme ſi Dieu auoit denõcé du ciel

88.0 1410.0 1008.0 78.0 qu’il veut donner bataille aux tyrans, & qu’ils

84.0 1469.0 1007.0 79.0 s’eſſayent de deliurer l’Eſtat public & le Roy¬

85.0 1532.0 1011.0 77.0 aume de la tyrannie qui l’oppreſſe. Car Dieu

84.0 1592.0 1014.0 78.0 chaſtie les tyrans par le peuple, comme il

87.0 1652.0 1005.0 75.0 fouëtte le peuple par les mains des tyrans:

88.0 1710.0 1006.0 75.0 & c’eſt vne ſentence veritable en tous temps,

95.0 1759.0 990.0 93.0 Que Dieu tranſporte les Royaumes d’vne na¬

83.0 1823.0 1004.0 78.0 tion à l’autre, à cauſe des iniquitez, violences

1098 1850 57 76 10.

87.0 1889.0 1008.0 73.0 & meſchancetez des Princes: mais que la ty¬

84.0 1949.0 1015.0 74.0 rannie ne ſubſiſte pas lõguement. Les Cente¬

84.0 2013.0 1012.0 80.0 niers & genſdarmes executẽt de franc courage

1003.0 103.0 76.0 72.0 239

1098.0 1789.0 160.0 85.0 Eccleſiaſt.
