1436 2338
344.0 101.0 65.0 67.0 16

346 148 1006 88 pour le iourdhuy pluſieurs Princes, ſe diſans

345 211 1007 85 Chreſtiens, qui s’attribuent audacieuſement

343.0 270.0 1011.0 87.0 vne puiſſance deſmeſuree & ſur laquelle Dieu

340.0 350.0 1012.0 65.0 meſmes n’a que voir: & qu’ils n’ont pas faute

341.0 389.0 1013.0 83.0 de flagorneurs qui les adorent comme dieux

340.0 455.0 1011.0 78.0 en terre: pluſieurs auſsi qui par crainte, ou par

340.0 506.0 1014.0 79.0 autre cõtrainte ſemblent eſtre d’auis, ou meſ¬

344.0 568.0 1012.0 81.0 mes eſtiment que lon doiue obeir aux Princes

345.0 631.0 1009.0 83.0 en tout & par tout. Dauãtage, veu que le mal¬

344.0 685.0 1012.0 86.0 heur de noſtre temps eſt tel qu’il n’y a rien ſi

345.0 744.0 1009.0 85.0 ferme, certain & pur, que lon n’esbranſle, deſ¬

345.0 806.0 1007.0 88.0 mente & pollue: ie crain bien que quiconque

345.0 863.0 1006.0 86.0 conſiderera le tout de bien pres, ne cõfeſſe ce¬

349.0 927.0 1006.0 80.0 ſte Queſtion eſtre non ſeulement vtile, mais

348.0 983.0 1008.0 88.0 auſsi du tout neceſſaire en ce temps. Quant à

348.0 1040.0 1007.0 90.0 moy, lors que ie conſidere la cauſe de tant de

346.0 1098.0 1006.0 89.0 calamitez dont la Chreſtiẽté a eſté battue de¬

348.0 1159.0 1008.0 91.0 puis quelques ans, il me ſouuient de ce que dit

354 1217 996 94 le Prophete Oſee, Les Princes de Iuda ont e¬

343.0 1279.0 1009.0 87.0 ſté comme ceux qui tranſpoſent la borne: &

345.0 1346.0 1010.0 84.0 pourtant ie reſpandray ſur eux mon courroux

343.0 1397.0 1009.0 90.0 comme eau. Ephraim ſouffre iniure & eſt caſſé

343.0 1463.0 1008.0 86.0 en iugement, pource qu’il a commencé d’aller

343.0 1520.0 1009.0 86.0 apres le commandemẽt mauuais. Vous voyez

341.0 1578.0 1011.0 84.0 ici le peché des Princes & du peuple deſcrit en

345.0 1640.0 1003.0 84.0 deux mots. Les Princes trãſpoſent les bornes,

348.0 1698.0 1004.0 86.0 qui ne ſe contẽtans pas de l’autorité que Dieu

348.0 1757.0 1000.0 87.0 tout bon & tout puiſſant leur a donnee, taſ¬

346.0 1815.0 1006.0 83.0 chent d’vſurper la ſouueraineté qu’iceluy s’eſt

345.0 1878.0 1006.0 84.0 reſeruee ſur tous hommes: quãd ils ne ſe con¬

346.0 1936.0 1008.0 96.0 tentent pas de faire des corps & des biens de

653.0 88.0 359.0 67.0 PREMIERE

175 1196 160 136 ofes.1e

1231.0 1993.0 117.0 61.0 leurs
