1407 2338
32 167 1015 74 dautant que la dominatiat. eyramaque ne ſe

35 229 1009 76 rãge point à procurer le bien public, ains ſeu¬

33.0 289.0 1014.0 69.0 lement le particulier du dominateur, elle n’eſt

40.0 349.0 1005.0 71.0 plus iuſte, & la troubler ce n’eſt point eſmou¬

36.0 416.0 1012.0 63.0 uoir ſedition. Auſſi les officiers du Royaume

37.0 468.0 1008.0 73.0 ne ſeront pas coulpables du crime de leſe Ma¬

35.0 522.0 1005.0 83.0 ieſté. Ce crime ne ſe commet ſinon quand on

33.0 582.0 1007.0 84.0 s’attache au Prince legitime, lequel n’eſt autre

37.0 648.0 1003.0 72.0 choſe ſinon vne Loy parlante. Parquoy, veu

44.0 710.0 999.0 71.0 que celuy qui aneantit les loix entãt qu’en ſoy

40.0 770.0 1008.0 74.0 eſt, ne peut auoir ce nom: ceux qui prendront

37.0 826.0 1011.0 76.0 les armes contre luy ne peuuent eſtre chargez

38.0 880.0 1008.0 68.0 de tel forfait. Auſſi ce crime s’adreſſe à la Re¬

38.0 941.0 1008.0 72.0 publique: mais pource qu’il n’y a point de Re¬

44.0 1004.0 997.0 76.0 publique ſinon là où les loix ſont en vigueur,

40.0 1066.0 1008.0 74.0 non pas où vn tyran engloutit l’Eſtat à ſon

44.0 1123.0 1007.0 75.0 plaiſir, c’eſt le tyran qui eſt coulpable du cri¬

41.0 1183.0 1008.0 73.0 me de leſe Maieſté, & ceux-là protecteurs du

48.0 1241.0 1001.0 74.0 public qui en vertu de leur authorité & ſelon

41.0 1302.0 1011.0 76.0 leur deuoir courent ſus au tyran. Et en cela il

46.0 1362.0 1006.0 75.0 ne faut pas eſtimer que ce ne ſont pas les par¬

45.0 1419.0 1008.0 79.0 ticuliers & ſuiets qui s’en meſlent ains le corps

46.0 1480.0 1010.0 77.0 du peuple, c’eſt à dire la ſeigneurie ou ſouue¬

49.0 1544.0 1007.0 75.0 raineté qui demande compte à ſon procureur

46.0 1600.0 1014.0 78.0 de ſon adminiſtration. On ne peut non plus

50.0 1656.0 1016.0 81.0 eſtimer perfides les officiers du Royaume, qui

49.0 1721.0 1012.0 77.0 s’acquitteront ainſi du deu de leur charge. Il

55.0 1784.0 1007.0 72.0 y a en tous lieux entre le Prince & le peuple v¬

51.0 1839.0 1013.0 76.0 ne obligation mutuelle & reciproque. L’vn

54.0 1900.0 1007.0 73.0 promet d’eſtre bon Prince, l’autre, d’obeir

51.0 1961.0 1010.0 93.0 moyennant qu’on le gouuerne comme de rai¬

311.0 111.0 386.0 56.0 QVESTION.

962.0 116.0 80.0 59.0 221

1056 531 165 82 L.1.D.ad

1058 592 124 76 leg. Iul.

1056.0 646.0 117.0 61.0 maieſt.

1050 888 169 66 Cice. Pa¬

1054 941 111 68 rad.4.
