1426 2338
165 270 145 76 Ioſués.

165 331 164 72 24.&24.

170 392 131 66 20,&6.

345 92 70 69 48

335 142 1019 78 aux obſeruateurs & menaçans de toutes ſortes

336 207 1019 76 de maux aux infracteurs d’icelle. Et tout le peu

327 263 1026 85 ple reſpondra, Amen: ce qui fut depuis execu¬

337 325 1010 74 té par Ioſué entrant en la terre de Chanaan,

330 393 1023 70 & quelques iours auant ſa mort. Nous voyons

335 448 1014 72 par cela que tout le peuple eſtoit obligé à

331 507 1013 73 maintenir la Loy de Dieu, conſeruer l’Egliſe,

332 567 1016 72 & au contraire exterminer les idoles du pays

334 627 1015 73 de Chanaan: ſtipulation qui ne peut aparte¬

335 688 1014 71 nir aux particuliers, ains ſeulement à tout le

334 744 1014 79 corps du peuple. A quoy auſsi ſemble ſe rap¬

336 809 1010 72 porter ce que toutes les lignees campoyent

334 863 1012 76 autour de l’Arche du Seigneur, afin que tous

335 926 1011 74 conſeruaſſent ce qui eſtoit commis à la garde

337 991 194 59 de tous.

669 81 325 70 SECONDE

400 1037 948 83 QVANT à l’vſage & pratique de ceſte al¬

335 1104 1010 74 liance, nous en pouuons produire des exem¬

340 1161 1006 76 ples. Les habitans de Gabaa de la lignee de

341 1215 1001 80 Beniamin forcent la femme d’vn Leuite, la¬

336 1283 1008 71 quelle meurt par leur violence. Le Leuite fait

330 1359 1014 58 douze pieces du corps de ſa femme, & les en¬

330 1405 1014 71 uoye aux douze lignees, afin que tout le peuple

326 1458 1015 70 enſemble efface ceſt horrible forfait commis

326 1519 1015 74 en Iſrael. Tout le peuple ſe trouue en Maſpha

323 1582 1018 70 & demande aux Beniamites qu’ils ayent à li¬

324 1646 1014 68 urer les coulpables d’vn tel crime pour en e¬

322 1697 1016 77 ſtre chaſtiez. Iceux font refus de cela, à cauſe

324 1759 1009 73 dequoy, du conſentement de Dieu meſmes,

324 1819 1013 76 les eſtats du peuple ordonnent d’vn commun

326 1882 1010 70 conſentement que lon fera la guerre aux Ben¬

326 1937 1007 86 iamites: & par ainſi la ſeconde table de la Loy

163 1179 158 73 Iuges 19.

163 1243 156 72 & 20.

1257 1996 83 65 fut
