1445 2338
100.0 154.0 1027.0 70.0 n'ait cu de Dieu laucomtonte pumnce de ſe

105.0 201.0 1020.0 79.0 garantir de periure & d’empeſcher la ruine de

102.0 258.0 1020.0 87.0 l’Egliſe? Car dequoy ſeruiroit de faire pro¬

101.0 316.0 1026.0 86.0 mettre au peuple d’eſtre peuple de Dieu, s’il

102.0 377.0 1023.0 81.0 endure, ou s’il eſt tenu d’endurer que les Rois

101.0 437.0 1025.0 85.0 Ie tirent apres les dieux eſtranges? Si le peuple

102.0 496.0 1024.0 84.0 n’eſt autre choſe que ſerf, pourquoy luy eſt-il

101.0 554.0 1026.0 82.0 commandé de donner ordre que Dieu ſoit

102.0 615.0 1022.0 83.0 purement adoré, ſi ainſi eſt qu’il ne puiſſe s’o¬

102.0 671.0 1016.0 86.0 bliger à Dieu? Et s’il ne luy eſt loiſible de te¬

102.0 739.0 1193.0 83.0 nir la main à l’entretenement de ſa promeſſe, D. de reg

105.0 798.0 1091.0 83.0 dirons-nous que Dieu ait fait alliance auec iur.

105.0 857.0 1022.0 76.0 celuy qui n’a eu droit de promettre ni de tenir

106.0 914.0 1025.0 83.0 promeſſe? Mais au contraire en traitant allian

109.0 974.0 1020.0 79.0 ce auec le peuple, & pourchaſſant ceſt afaire,

106.0 1035.0 1029.0 82.0 Dieu a voulu monſtrer tout ouuertement

110.0 1094.0 1025.0 84.0 que le peuple a droit de faire, tenir, & entrete¬

107.0 1153.0 1028.0 84.0 nir promeſſe. Car ſi lon ſe moque, & ſi lon ne

111.0 1214.0 1023.0 78.0 veut ouir en iuſtice celuy qui aura contracté

109.0 1272.0 1025.0 81.0 auec vn eſclaue ou vn fils de famille: ſeroit-ce

114.0 1333.0 1023.0 78.0 pas auoir perdu toute honte d’imputer à Dieu

115.0 1395.0 1019.0 79.0 qu’il euſt voulu contracter auec celuy qui ne

115.0 1454.0 669.0 78.0 auroit puiſſance quelconque?

437.0 94.0 373.0 56.0 QVESTTON.

1056 72 69 81 55

1131.0 644.0 172.0 74.0 L. quod at

1130.0 707.0 151.0 58.0 tinet.32.

171.0 1508.0 968.0 79.0 MAIS de là vient que quand les Rois ont

113.0 1567.0 1027.0 79.0 enfraint l’alliance, les Prophetes s’adreſſent

113.0 1627.0 1029.0 79.0 touſiours à la maiſon de Iuda & de Iacob, & à

111.0 1687.0 1027.0 79.0 Sa marie, pour les auertir de leur deuoir.

116.0 1745.0 1022.0 82.0 Outreplus ils requierent le peuple qu’il ne ſe

113.0 1805.0 1021.0 82.0 deporte pas ſeulement de ſacrifier à Baal,

114.0 1862.0 1024.0 81.0 mais auſsi qu’il briſe l’idole & extermine les

115.0 1941.0 1022.0 78.0 lacriſſcateursſaamees, maugre le ſeeymeſme.

857.0 1987.0 148.0 75.0 D.iiij.
