1426 2338
1006.0 128.0 82.0 68.0 245

388.0 119.0 378.0 66.0 QVESTION.

71.0 177.0 1010.0 82.0 ment à ſoulager le prochain n’incitaſt ceux-ci

72.0 251.0 1009.0 67.0 à ſe refroidir. Donques ſans nous arreſter ni

74.0 309.0 1003.0 68.0 aux vns ni aux autres voyons ce que la vraye

77.0 363.0 999.0 76.0 pieté & iuſtice cõſeillent au fait de la Religiõ.

138.0 442.0 938.0 52.0 PREMIEREMENT tous ſont d’ac¬

76.0 516.0 1001.0 41.0 cord ence pomet, Qunj a ine leule Ephejde

75.0 539.0 1003.0 77.0 laquelle Ieſus Chriſt eſt le chef, & dõt les mẽ¬

77.0 601.0 1007.0 74.0 bres ſont tellemẽt vnis & conioints que le plus

81.0 661.0 1003.0 75.0 petit d’entre eux ne peut eſtre offenſé, que les

80.0 724.0 1001.0 67.0 autres n’en ſentent le coup & la douleur, com¬

81.0 780.0 1005.0 73.0 me toute l’Eſcriture Saincte en fait foy. Et

85.0 840.0 1001.0 74.0 pourtant l’Egliſe eſt comparee à vn corps. Or

81.0 904.0 1008.0 70.0 il auient ordinairement que le corps perit non

84.0 958.0 1007.0 74.0 ſeulemẽt par quelque grand’ playe du bras ou

87.0 1019.0 1001.0 72.0 de la cuiſſe, mais auſſi eſt grandement intereſ¬

85.0 1079.0 1004.0 77.0 ſé & par fois meurt par vn mal ſuruenu au pe¬

88.0 1139.0 1003.0 71.0 tit doigt. En vain donques vn homme ſe van¬

89.0 1200.0 1001.0 70.0 tera que la conſeruatiõ de ce corps luy eſt re¬

90.0 1257.0 1001.0 71.0 commandee, s’il laiſſe deſchirer & deſpecer ce

93.0 1315.0 998.0 76.0 qu’il pouuoit conſeruer entierement. L’Egliſe

93.0 1375.0 1001.0 73.0 eſt comparee à vn edifice. De quelque coſté

96.0 1433.0 998.0 68.0 qu’vn edifice ſoit miné, il tombe ſouuentesfois

96.0 1495.0 999.0 74.0 entieremẽt par terre: & à quelconque plãcher

98.0 1554.0 1000.0 69.0 que la flamme s’attache, toute la maiſon eſt en

98.0 1613.0 1001.0 74.0 danger. Et pourtant celuy-là ſeroit digne de

98.0 1671.0 1003.0 76.0 moquerie, qui differeroit d’aller eſteindre le

101.0 1734.0 998.0 71.0 feu eſprins au toict de la maiſon, pource que

101.0 1789.0 1002.0 76.0 luy demeureroit en la caue. Qui ne tiendroit

102.0 1853.0 999.0 70.0 compte d’eſuenter vne mine, ſous pretex¬

105.0 1909.0 998.0 75.0 te qu’elle ſeroit dreſſee pour abattre ceſte

106.0 1969.0 998.0 79.0 muraille-ci, & non pas ceſte-là, chaſcun le

835.0 2022.0 108.0 86.0 Q.iij
