1450 2338
337 118 50 57 50

320 151 1033 78 lites deça & delà le Iordain auoyent touſiours

322 218 1035 76 fait & faiſoyent profeſsion d’vne ſeule & meſ¬

324 279 1036 76 me Religion. Au reſte, toutes & quantesfois

327 340 1029 71 qu’ils ſe ſont monſtrez laſches à maintenir le

327 400 1029 76 ſeruice de Dieu, nous voyons comme ils en

327 458 1028 74 ont eſté chaſtiez. C’eſt la vraye cauſe pour¬

331 519 1025 69 quoy ils perdirent deux batailles contre les

328 576 1028 78 Beniamites, ſelon qu’il appert par la fin du li¬

328 636 1025 71 ure des Iuges: car en voulant ſe meſler de pu¬

328 697 1025 75 nir vn rapt & l’outrage fait à vn particulier,

330 754 1026 73 ils eſtoyent conuaincus d’ailleurs d’eſtre ſi la¬

330 817 1027 74 ſches à maintenir le droit de Dieu, que tous

330 875 1026 74 les iours ils laiſſoyent impunies vne infinité

332 935 1021 79 de paillardiſes corporelles & ſpirituelles. Il y

333 997 1022 74 eut donc premierement telle alliance entre

333 1048 419 85 Dieu & le peuple.

667 89 323 72 SECONDE

165 1088 165 96 Aliance

163 1170 173 50 entre Dieu

166 1218 162 66 & le peu¬

165 1265 76 65 ple.

396 1115 960 73 OR apres que les Rois eurent eſté donnez

345 1172 1011 77 au peuple, ce pact au lieu d’eſtre reſcindé fut

341 1236 1015 68 renouuellé & confermé pour iamais. Nous a¬

166 1289 1189 82 2. RoiSHI. uons dit qu’au ſacre du Roy ſe traitoit double

166 1353 1189 75 17, & 23. alliance, aſauoir entre Dieu & le Roy, & en¬

339 1443 1018 45 tre Dleute le peuple. Dintramanice le traieure

337 1472 1016 76 entre le Souuerain Sacrificateur, le peuple,

337 1531 1022 78 (qui eſt nommé le premier au 23. chapitré du

335 1588 1021 79 2.liure des Chroniques) & le Roy. La fin d’i¬

333 1648 1022 76 celle eſtoit que le peuple fuſt peuple de Dieu,

331 1705 1026 83 c’eſt à dire, que ce peuple fuſt l’Egliſe de Dieu.

333 1767 1026 77 Nous auons monſtré ci-deuant à quelle fin

332 1824 1025 78 Dieu traitoit alliance auec le Roy. Conſide¬

332 1887 1027 74 rons maintenant pourquoy il s’allioit auſsi a¬

335 1945 1024 90 uec le peuple. C’eſt choſe toute certaine que

161 1412 43 62 3.

168 1458 158 68 2.Chron.

172 1513 107 63 23.6.

1230 2006 130 74 Dieu
