1388 2338
315.0 91.0 84.0 66.0 210

315 142 1010 80 auſſi qu’il n’y a raiſon aucune qui nous puiſſe

318 210 1005 69 perſuader le contraire. Il n’entreuient ſermẽt,

317 268 1008 72 conuention, ni obligation publique ou par¬

318.0 328.0 1007.0 73.0 ticuliere qui nous doyue retenir: par ainſi, cas

317.0 383.0 1006.0 76.0 auenant qu’vne tyrannie ſe vouluſt fourrer en

323.0 440.0 1000.0 76.0 vn Eſtat, il eſt permis au moindre du peuple

322.0 503.0 1003.0 72.0 de repouſſer telle vſurpation. La loy Iulia qui

328.0 563.0 995.0 72.0 condamne à mort ceux qui ſe ſouſleuent con¬

319.0 626.0 1006.0 67.0 tre la patrie ou contre le Prince n’a point ici

317.0 680.0 1004.0 73.0 de lieu: car celuy-là n’eſt pas Prince qui ſans

313.0 742.0 1011.0 73.0 aucun titre legitime s’empare de l’Eſtat ou

315.0 800.0 1005.0 74.0 des pays d’autruy: ni n’eſt rebelle celuy qui de¬

311.0 865.0 1013.0 70.0 fend ſa patrie auec les armes au poing. Au

311.0 922.0 1010.0 71.0 contraire, c’eſt à cela qu’il faut rapporter le

310.0 979.0 1013.0 73.0 ſerment que tous les ieunes hommes Atheniẽs

313.0 1039.0 1003.0 75.0 ſouloyent preſter au temple d’Aglaura: Ie

311.0 1100.0 1005.0 72.0 combatray pour la Religion, pour les loix,

314.0 1159.0 1003.0 73.0 pour les autels & fouyers, ou ſeul ou auec plu¬

310.0 1226.0 1006.0 62.0 ſieurs, & employeray tous mes moyens pour

314.0 1275.0 1002.0 73.0 laiſſer à la poſterité la patrie en auſſi bon E¬

323 1332 996 80 ſtat pour le moins que ie l’ay receuë. Les loix

325 1393 990 79 faites contre les ſeditieux ne peuuent nõ plus

318.0 1457.0 1002.0 71.0 eſtre ici alleguees à propos. Celuy eſt ſeditieux

317.0 1515.0 1000.0 74.0 qui entreprend de defendre le peuple contre

310.0 1571.0 1006.0 75.0 l’ordre & diſcipline publique. Or celuy qui re¬

311.0 1632.0 1006.0 73.0 prime le deſtructeur de la patrie & de la diſci¬

313.0 1692.0 997.0 77.0 pline publique n’eſmeut point de ſedition,

311.0 1754.0 1005.0 64.0 ains au contraire l’abolit. Au contraire c’eſt

313.0 1811.0 997.0 71.0 ici qu’eſt receuable la Loy des Tyrannicides,

313.0 1871.0 998.0 73.0 laquelle honnore les viuans par grandes re¬

313.0 1931.0 999.0 83.0 compenſes, & les morts par epitaphes & ſta¬

149.0 502.0 161.0 59.0 L.vlt.D

149.0 546.0 165.0 57.0 adleg. Iul.

148.0 597.0 166.0 86.0 maieſtatis.

592.0 87.0 449.0 66.0 TROISIESME

146 1317 165 87 Bartol. au

142 1396 169 61 traité des

146.0 1446.0 142.0 59.0 Guelph.

148.0 1495.0 160.0 64.0 & Gibel.

1190.0 1995.0 118.0 75.0 tues,
