1407 2338
42.0 173.0 1008.0 64.0 met embuſches à la vie de tous, eſt periure à

42.0 220.0 1004.0 76.0 l'ẽdroit de tous, & viole la ſaincteté des ſermẽs

41.0 284.0 1007.0 71.0 ſolennels. Pourtant il ſurpaſſe en meſchanceté

41.0 346.0 1008.0 73.0 Ies plus horribles voleurs, brigãds, meurtriers

44.0 403.0 1005.0 77.0 & ſacrileges que lon ſauroit penſer, autãt que

42.0 463.0 1007.0 76.0 c’eſt vn crime beaucoup plus grief d’offenſer

41.0 526.0 1007.0 74.0 tout le corps d’vn peuple, que quelques mem¬

41.0 581.0 1012.0 74.0 bres d’iceluy. Si les brigands & ſacrileges ſont

42.0 642.0 1005.0 71.0 eſtimez infames, ſi on les fait mourir pour

41.0 702.0 1010.0 76.0 leurs malefices, ſauroit-on inuẽter vn ſupplice

41.0 765.0 732.0 71.0 aſſez grand au crime de tyrannie?

321.0 109.0 380.0 60.0 QVESTION.

101.0 822.0 948.0 71.0 DAVANTAGE, nous auons prouué que

44.0 880.0 1004.0 73.0 tous Rois reçoiuent leur dignité Royale de la

42.0 941.0 1006.0 76.0 main du peuple: que tout le peuple conſideré

45.0 1004.0 1004.0 70.0 en vn corps eſt par deſſus & plus grand que le

42.0 1070.0 1009.0 63.0 Roy: qu’iceluy Roy eſt tant ſeulement premier

45.0 1119.0 1006.0 73.0 & ſouuerain gouuerneur & ſeruiteur du Roy¬

42.0 1180.0 1010.0 73.0 aume, qui n’a pour maiſtre & vray Seigneur

46.0 1240.0 1010.0 71.0 que le peuple. Il s’enſuit donc que le tyran of¬

42.0 1297.0 1014.0 72.0 fenſant le peuple commet felonnie contre le

44.0 1356.0 1016.0 72.0 Seigneur du fief, bleſſe la ſacree Maieſté du

44.0 1419.0 1014.0 70.0 Royaume, eſt rebelle: & pourtant merite la pu

42.0 1482.0 1014.0 63.0 nition ordonnee par les loix, voire encores

44.0 1533.0 1006.0 78.0 plus grãde. Pourtãt, ce dit Bartole, il pourra e¬

1067 1531 158 76 Au traité

44.0 1587.0 1006.0 86.0 ſtre depoſé par le Seigneur ſouuerain, ou iu¬

1067 1593 160 70 de la tyrã

40.0 1648.0 1010.0 76.0 ſtement puni, ſuiuant la loy Iulia condamnant

44.0 1717.0 1000.0 70.0 ceux qui font violence au public. Le ſouuerain

44.0 1771.0 1006.0 76.0 c’eſt tout le peuple, ou ceux qui le repreſen¬

1065 1788 151 68 Republi¬

44.0 1831.0 1006.0 76.0 tent, comme ceux que nous appellons Ele¬

1067 1850 73 63 que.

46.0 1895.0 1012.0 61.0 cteurs, Palatins, Pairs, Eſtats & autres. Que ſi

45.0 1956.0 1011.0 81.0 le tyran s’eſt auancé iuſques là qu’on ne le

960.0 105.0 84.0 60.0 219

1065.0 1652.0 164.0 54.0 nie, & du

1065.0 1695.0 162.0 68.0 gouuerne¬

1065.0 1745.0 160.0 65.0 mẽt de la
