1431 2343
85.0 114.0 1016.0 86.0 gneur. Mais cela eſt du tout indigne des oreil¬

85.0 212.0 1019.0 44.0 les d’vn Prince Chreſtien, & de la Douene des

84.0 222.0 1020.0 102.0 bõs ſuiets. Ceſte ſentẽce de Dieu tout puiſſant

85.0 295.0 1023.0 79.0 demeure touſiours ferme, Ie ne dõneray point

85.0 352.0 1024.0 87.0 ma gloire à vn autre: c’eſtadire perſõne n’aura

87.0 412.0 1035.0 85.0 telle puiſſãce, que ie ne demeure touſiours ſou

88.0 471.0 1023.0 86.0 uerain. Dieu ne ſe deſpouille iamais de ſa puiſſã

89.0 527.0 1011.0 91.0 ce & autorité. Il tient vn ſceptre en vne main

93.0 583.0 1013.0 100.0 pour reprimer & rõpre la teſte aux Rois qui ſe

91.0 650.0 1015.0 80.0 mutinẽt cõtre luy. En l’autre il porte vne balã¬

92.0 717.0 1023.0 78.0 ce pour cõtroller ceux qui n’adminiſtrẽt pas iu

92.0 773.0 1022.0 71.0 ſtice cõme il apartiẽt. Or lõ ne ſauroit mõſtrer

96.0 833.0 1019.0 83.0 pl9 certaines marques d’Empire ſouuerain que

95.0 892.0 1019.0 80.0 celles là. Que ſi l’Empereur en creant quelque

96.0 950.0 1018.0 83.0 Roy reſerue touſiours la ſouueraineté Impe¬

96.0 1010.0 1021.0 84.0 riale: ou qu’vn Roy, cõme celuy de Frãce, en dõ

97.0 1071.0 1018.0 79.0 nãt le gouuernemẽt ou la poſſeſſiõ d’vne pro¬

97.0 1132.0 1028.0 79.0 uince à vn eſtrãger, ou meſmes à ſon frere ou à

98.0 1191.0 1027.0 79.0 ſõ fils, retiẽt touſiours & a vers ſoy les cas roy¬

98.0 1246.0 1029.0 76.0 aux, la conoiſſãce de certaines choſes reſeruees

101.0 1305.0 1026.0 85.0 à ſa Maieſté royale, & la ſouueraineté, leſquel¬

101.0 1371.0 1025.0 77.0 les ſont eſtimees de droit eſtre exceptees, en¬

102.0 1425.0 1028.0 81.0 cor que mẽtion n’en ait eſté faite au formulai

102.0 1485.0 1026.0 78.0 re de l’inueſtiture & feauté promiſe: à combiẽ

104.0 1545.0 1024.0 74.0 meilleure raiſon Dieu doit-il auoir ceſte ſou¬

105.0 1608.0 1025.0 77.0 ueraine puiſſance ſur tous Rois, ſes ſeruiteurs

108.0 1666.0 1026.0 80.0 & officiers, veu que nous liſons en tant de paſ

108.0 1726.0 1023.0 82.0 ſages de l’Eſcriture qu’il les apellera à com¬

110.0 1785.0 1021.0 81.0 pte, & les punira, s’ils ne s’acquittent de leur

111.0 1841.0 1028.0 78.0 deuoir? Ainſi donc les Rois ſont vaſſaux du

110 1901 1022 94 Roy des Rois, inueſtis par le glaiue, qui eſt

389.0 72.0 392.0 56.0 QVESTTON.

1040 54 60 61 23

1110 216 166 84 Iſa.48.11.

1116 533 135 62 rſe.2.9.

1116 579 129 71 Sapien.

1121.0 641.0 69.0 74.0 6.4.

822.0 1959.0 138.0 88.0 B.iiij.
