1412 2338
78 153 1006 71 tues, comme Harmodius & Ariſtogiton en la

85 212 999 74 ville d’Athenes, Brutus & Caſſius en Grece,

80.0 276.0 1005.0 73.0 Aratus deSycione auſſi. A tels par decret public

79.0 329.0 1005.0 76.0 furent dreſſees des ſtatues, pour auoir deliuré

81.0 389.0 1003.0 74.0 leurs pays de la tyrannie de Piſiſtratus, de Ce¬

83.0 452.0 1001.0 68.0 ſar & de Nicocles. Ce que les anciens ont tãt

1092 487 2 17 1

81.0 510.0 1001.0 74.0 aprouué, que Xerxes meſmes s’eſtant rendu

81.0 568.0 1001.0 74.0 maiſtre de la ville d’Athenes, fit emporter au

87.0 633.0 991.0 70.0 Royaume de Perſe les ſtatues d’Harmodius &

87.0 692.0 989.0 74.0 d’Ariſtogiton: depuis Seleucus les fit rapor¬

85.0 750.0 997.0 68.0 ter en leur premiere place, & comme elles fuſ¬

85.0 806.0 997.0 78.0 ſent arriuees au port de Rhodes, ceux de la vil¬

89.0 874.0 989.0 63.0 le firent vn banquet ſolennel aux commiſſai¬

91.0 931.0 991.0 72.0 res, & durant iceluy mirent repoſer ces ſtatues

87.0 983.0 995.0 82.0 ſur les oreillers de leurs dieux. Mais la Loy des

93.0 1053.0 1002.0 70.0 deſerteurs & traiſtres fait entierement contre

94.0 1111.0 1001.0 73.0 ceux qui ne ſont ſouciez de leur patrie op¬

93.0 1170.0 1004.0 74.0 preſſee, les condamnant à meſme ſupplice

94.0 1228.0 1001.0 74.0 que les ſoldats de cœur failli, qui pour ne ſe

96.0 1292.0 1006.0 67.0 trouuer aux coups contrefont les malades ou

94.0 1349.0 1007.0 66.0 iettẽt bas leurs armes & s’enfuyent. Il faut dõc

98.0 1410.0 999.0 72.0 que tous en general & chaſcun en particulier

94.0 1469.0 1002.0 72.0 crient apres ce mal comme au feu, qu’ils y

97.0 1530.0 999.0 71.0 courent auec crochets & autres engins pro¬

97.0 1582.0 991.0 77.0 pres, qu’ils y portent de l’eau. Il ne faut point

93.0 1650.0 995.0 66.0 attendre que le capitaine du guet ſoit eſueil¬

97.0 1702.0 991.0 72.0 lé, ni que le preuoſt de la ville ſorte en rues

99.0 1759.0 989.0 80.0 que chaſcun puiſe de l’eau, & monte ſur le

97.0 1817.0 991.0 72.0 toict, car il faut eſtaindre le feu. Car ſi tan¬

100.0 1882.0 1000.0 80.0 dis que les Gaulois eſchellent d’emblec

403.0 101.0 369.0 62.0 QVESTION.

1019.0 105.0 69.0 52.0 211

1090 146 158 80 Pline. liu.

1090 208 33 74 4

1096.0 254.0 157.0 57.0 Alexand,

1095.0 306.0 157.0 60.0 d’Alexã¬

1090 350 162 66 drie au li.

1092 407 138 68 6.cha.4.

1096 516 148 72 Xiphilin

1096 572 159 59 en la vie

1094.0 615.0 161.0 76.0 d’Auguſte

1096.0 674.0 140.0 56.0 Plut. in

1094.0 724.0 119.0 53.0 Arato.

1096 808 107 66 Valer.

1094.0 843.0 161.0 78.0 Max.l.2:

1094.0 907.0 150.0 84.0 chap.ult.

1103 1595 156 76 L.3. & l.

1103 1658 156 58 omne deli

1105 1712 158 60 ctũ. S.vlt.

1103.0 1755.0 139.0 64.0 D. de re

1105.0 1808.0 94.0 76.0 milit.

849.0 1949.0 114.0 79.0 O.ij.
