1412 2338
44.0 154.0 1026.0 79.0 mont domihation quuiconque, ni aucun droit

46.0 210.0 1020.0 79.0 de deſgainer l’eſpee. Et pourtant, comme

45.0 263.0 1021.0 90.0 Dieu n’a point mis le glaiue en la main des

49.0 324.0 1013.0 89.0 particuliers, auſſi ne requiert il pas d’eux qu’ils

48.0 381.0 1007.0 82.0 le facent trancher. Il leur eſt dit, Remets ton

45.0 441.0 1014.0 91.0 eſpee au fourreau. Au contraire, l’Apoſtre dit

44.0 496.0 1018.0 94.0 des Magiſtrats, Ils ne portent pas le glaiue

42.0 561.0 1019.0 85.0 ſans cauſe. Si les particuliers le deſgainent, ils

42.0 619.0 1023.0 88.0 ſont coulpables: ſi les Magiſtrats ſont pareſ¬

42.0 680.0 1020.0 91.0 ſeux à le deſgainer, quand il en eſt temps, ils

44.0 746.0 1015.0 80.0 commettent vne grand’ faute. Mais vous me

42.0 801.0 1020.0 86.0 direz, Dieu a-il pas fait alliance auec les parti¬

44.0 858.0 1019.0 84.0 culiers auſſi bien qu’auec le general? auec les

44.0 919.0 1019.0 90.0 plus petis autant qu’auec les Magiſtrats? A

46.0 979.0 1017.0 86.0 quel propos a-il ordonné la Circonciſion &

44.0 1041.0 1018.0 83.0 le Bapteſme? que veut dire ceſte frequente re¬

45.0 1100.0 1018.0 85.0 petition de l’alliance en tant de paſſages de

44.0 1156.0 1018.0 85.0 I’Eſcriture ſaincte? Tout cela eſt vray, mais

42.0 1217.0 1016.0 80.0 la conſideration en eſt diuerſe en toutes ſor¬

44.0 1276.0 1021.0 85.0 tes. Car tout ainſi que tous les ſuiets d’vn bon

42.0 1336.0 1024.0 87.0 Prince, en quelque degré qu’ils ſoyent, ſont

44.0 1404.0 1021.0 74.0 tenus luy obeir: mais quelques vns d’entre eux

44.0 1457.0 1022.0 80.0 ont vn deuoir particulier en cela, comme les

42.0 1515.0 1021.0 86.0 Magiſtrats qui doyuent procurer que les au¬

44.0 1574.0 1019.0 84.0 tres obeiſſent: ſemblablement tous hom¬

42.0 1634.0 1023.0 80.0 mes ſont tenus de ſeruir à Dieu, mais les

45.0 1692.0 1020.0 82.0 vns auec leur plus haut eſtat ont auſſi re¬

44.0 1753.0 1021.0 86.0 ceu plus grande charge, tellement qu’ils

41.0 1808.0 1024.0 84.0 ſont comptables de la faute des autres, s’ils

42 1869 1021 89 ne veillent ſoigneuſement. Les Rois, les

365.0 101.0 387.0 54.0 QVES ITORS

996 89 63 61 83

1066 374 150 68 Matt.26.

1068 420 49 69 25

1070 510 152 86 Rom.13.4

806.0 1928.0 107.0 78.0 F.ij.
