1397 2333
310.0 75.0 88.0 64.0 216

319.0 139.0 1013.0 86.0 ſte armee eſt là où ſont aſſemblez ceux qui

319.0 206.0 1009.0 79.0 maintienent la liberté du pays contre la ty¬

317.0 266.0 1009.0 81.0 rannie, qui afranchiſſent le peuple de ſeruitu¬

319.0 322.0 1009.0 81.0 de, qui repriment l’audace des femmes, qui fa¬

316.0 384.0 1010.0 72.0 cent iuſtice des flatteurs abuſans de la beſtiſe

316.0 441.0 1008.0 81.0 du Prince pour fouler ſes ſuiets en toute ſor¬

315.0 504.0 1008.0 76.0 te, & qui facent demeurer l’ambition dedans

317.0 561.0 1003.0 84.0 quelques limites. Ce que deſſus ſoit dit tou¬

311.0 623.0 584.0 69.0 chant les tyrans ſans titre.

618.0 89.0 448.0 62.0 TROISIE SME

138.0 701.0 173.0 59.0 Des tyrãs

131.0 800.0 142.0 55.0 & quel

129.0 847.0 169.0 73.0 droit on a

132.0 896.0 137.0 69.0 ſur eux.

361.0 692.0 954.0 75.0 MAIS quant aux tyrans d’exercice, ſoit que

130.0 746.0 181.0 70.0 d’exercice,

321.0 738.0 994.0 78.0 premierement ils ſoyent paruenus de droit

315.0 795.0 998.0 91.0 ou par force au gouuernement de l’Eſtat, il

307.0 857.0 1004.0 82.0 nous faut dextrement manier ceſte queſtion.

307.0 915.0 1002.0 86.0 En premier lieu, ſouuenons nous que tous

299.0 978.0 1011.0 77.0 Princes ſont nez hommes: tellement que lon

297.0 1039.0 1010.0 74.0 ne ſauroit ſeparer la raiſon d’auec la paſsion

298.0 1104.0 1006.0 76.0 en eux, non plus que l’ame ne peut eſtre ſepa¬

291.0 1158.0 1013.0 79.0 ree du corps tandis que l’homme vit. Il ne faut

290.0 1218.0 1013.0 76.0 donc pas pretendre d’auoir des Princes eſ¬

290.0 1277.0 1011.0 76.0 quels il n’y ait rien à redire: pluſtoſt eſtimons

287.0 1345.0 1011.0 69.0 que tout va bien pour nous, ſi ceux qui nous

289.0 1402.0 1010.0 71.0 gouuernent ſont moyennement bons. Et

286.0 1462.0 1011.0 71.0 pourtant, encores que le Prince ne tiene pas

281.0 1513.0 1012.0 81.0 meſure en quelques afaires, ſi quelquesfois il

281.0 1574.0 1010.0 77.0 n’obtempere à la raiſon, s’il luy auient d’eſtre

280.0 1633.0 1008.0 76.0 laſche à maintenir le bien public, ou de ne fai¬

277.0 1695.0 1011.0 72.0 re pas briefue iuſtice, ou de ne repouſſer vail¬

274.0 1753.0 1011.0 75.0 lamment les ennemis: il ne ſera pas inconti¬

272.0 1815.0 1012.0 74.0 nent tyran pour cela. Certainement, puis que

272.0 1872.0 1009.0 77.0 c’eſt vn homme de meſme chair & ſang que

271.0 1933.0 1007.0 83.0 les autres, qui commande à des hommes non

1134.0 2011.0 139.0 64.0 point
