1436 2338
332.0 75.0 89.0 80.0 114

335 132 1016 83 grands brigandages qu’Empires) il n’y en a

335.0 200.0 1015.0 71.0 pas vn qui ne ſoit ou qui n’ait eſté iadis gou¬

332.0 276.0 1019.0 53.0 uerne en la Iaçon que nous auons ueicrite.Et

330.0 313.0 1017.0 77.0 ſi par la faute & laſcheté des principaux Offi¬

328.0 374.0 1020.0 74.0 ciers il eſt auenu que les ſucceſſeurs ont receu

327.0 431.0 1019.0 76.0 l’Eſtat en autre eſtat qu’il ne faloit, ceux qui

327.0 493.0 1018.0 77.0 ſont pour le preſent és charges publiques ſont

324.0 557.0 1018.0 66.0 neant moins tenus, entant qu’en eux eſt, de ra¬

322.0 611.0 1020.0 72.0 mener toutes choſes à leur ancien eſtat. En

323.0 668.0 1015.0 76.0 l’Empire d’Alemagne, qui eſt conferé par ele¬

322.0 726.0 1016.0 75.0 ction, il y a les Electeurs & Princes Laics &

318.0 785.0 1017.0 78.0 Eccleſiaſtiques, les Comtes, Barons, villes Im¬

319.0 852.0 1014.0 67.0 periales auec leurs deputez: & comme tous

319.0 907.0 1015.0 74.0 ceux-là en leur endroit veillent pour le bien

319.0 965.0 1013.0 74.0 du public, ſemblablement ils repreſentent és

318.0 1023.0 1014.0 73.0 iournees la Maieſté de l’Empire, eſtans obli¬

322.0 1085.0 1008.0 69.0 gez d’auiſer alors que par les haines ou autres

314.0 1144.0 1015.0 75.0 affections particulier es de l’Empereur, l’Eſtat

313.0 1205.0 1013.0 71.0 ne ſoit aucunement intereſſé. Pour ceſte cauſe

311.0 1263.0 1010.0 69.0 l’Empire a ſon Chancellier comme l’Empe¬

311.0 1320.0 1010.0 72.0 reur a le ſien: l’vn & l’autre a ſes Officiers, ſes

309.0 1382.0 1012.0 68.0 finances, ſes threſoriers diſtinguez les vns des

310.0 1441.0 1010.0 73.0 autres. Et c’eſt choſe ſi notoire que l’Empire

309.0 1500.0 1012.0 74.0 eſt preferé à l’Empereur, que tous diſent com

306.0 1559.0 1011.0 76.0 munément que l’Empereur fait hommage à

307.0 1618.0 1010.0 73.0 l’Empire. Semblablement au Royaume de

309.0 1678.0 1006.0 74.0 Pologne, il y a pour officiers de la couronne

306.0 1732.0 1007.0 73.0 les Eueſques, les Palatins, les Caſtellans, la

309.0 1795.0 1002.0 71.0 Nobleſſe, les deputez des villes & Prouinces

305.0 1856.0 1006.0 92.0 aſſemblez extraordinairement, deuant leſ¬

617.0 79.0 451.0 62.0 TROISTESME

1182.0 1924.0 130.0 82.0 quels
