1402 2338
313 103 98 81 102

315 176 1011 79 moyens. Ce qui fut cauſe lõgtepe apres qu¬

315 237 1011 74 Iulés Ceſar, qui auoit enuahi l’Eſtat par vio¬

314 300 1015 70 Ience, neantmoins pour endormir le monde

313 354 1013 74 ſous quelque couleur d’equité, vouloit que lõ

313 414 1012 74 creuſt qu’il auoit eſté eſtabli Empereur par le

311 476 1013 76 peuple & par le Senat. Auguſte ſon adopté, ia¬

310 536 1012 70 mais ne ſe porta pour heritier de l’Empire, en¬

310 593 1011 73 cores qu’il fuſt declairé tel par teſtament: ains

310 654 1004 72 declaira qu’il le tenoit du peuple & du Senat,

309 711 1011 74 comme firent auſsi Caligula, Tibere & Clau¬

309 771 1009 74 dius. Quãt à Neron, qui enuahit l’Empire par

309 832 1007 73 force & par meſchanceté, ſans aucune appa¬

306 888 980 73 rence de droit, il fut condamné par le Senat.

609 123 433 54 TROISIESME

366 949 947 70 EN ſomme, puis qu’il n’y eut iamais hom¬

304 1007 1007 72 me, qui naſquiſt auec la couronne ſur la teſte,

304 1065 1009 75 & le ſceptre en la main, que nul ne peut eſtre

302 1127 1010 75 Roy de par ſoy ni regner ſans peuple: & qu’au

304 1188 1008 71 contraire le peuple puiſſe eſtre peuple ſans

302 1246 1009 74 Roy, & ait eſté long temps auant qu’auoir des

301 1304 1007 74 Rois, c’eſt choſe treſaſſeuree, que tous Rois

298 1367 1005 65 ont eſté premierement eſtablis par le peuple.

297 1422 998 75 Et combiẽ que les fils & deſcẽdans des Rois,

296 1485 1005 71 en ſuiuant les vertus de leurs peres, ſemblent

293 1543 1003 68 auoir rendu les royaumes hereditaires à leurs

291 1604 1007 66 races, & qu’en quelques royaumes & pays le

289 1658 1007 73 droit libre de l’election ſemble eſtre aucune¬

287 1719 1005 72 ment amorti: ſi eſt-ce qu’en tous royaumes

284 1778 1008 66 bien dreſſez ceſte couſtume eſt touſiours de¬

281 1837 1011 72 meuree, que les fils n’ont point ſuccedé à leurs

276 1902 1015 71 peres, que premierement le peuple ne les euſt

272 1957 1014 69 eſtablis de nouueau, ni n’eſtoyent reconus

266 2013 1012 87 Rois en qualité d’heritiers des defuncts, ains
