1383 2338
364.0 114.0 90.0 71.0 222

356.0 171.0 1001.0 74.0 ſon. Ainſi donc le peuple eſt obligé au Prince

355.0 224.0 1002.0 79.0 ſous condition: le Prince au peuple purement

353.0 282.0 1004.0 74.0 & ſimplement. Pourtant ſi le Prince ne tient

353.0 337.0 1002.0 89.0 pas promeſſe, le peuple eſt en ſa liberté, le con¬

348.0 400.0 1009.0 81.0 tract reſcindé, & de droit l’obligatiõ eſt nulle.

356.0 457.0 1001.0 82.0 Donques ſi le Roy regne iniuſtement il eſt

356.0 519.0 1002.0 84.0 perfide, & le peuple pareillement s’il n’obeit à

353.0 581.0 1006.0 77.0 celuy qui luy commande choſes raiſonnables.

354.0 640.0 1003.0 82.0 Mais le peuple n’eſt coulpable de quelconque

357.0 700.0 1001.0 76.0 deſloyauté s’il renonce tout ouuertement à

356.0 759.0 1001.0 80.0 celuy qui commande l’eſpee au poing, ou s’il

354.0 818.0 1001.0 80.0 taſche de le repouſſer auec les armes, lors qu’il

362.0 880.0 548.0 74.0 ſe maintient ſelon Dieu.

708.0 109.0 431.0 54.0 TROISIESME

409.0 944.0 940.0 76.0 IL ſera donc permis aux officiers du Roy¬

360.0 993.0 991.0 84.0 aume ou à tous, ou à bõ nombre d’iceux pour

358.0 1052.0 995.0 89.0 le moins de reprimer le tyran. Et non ſeule¬

181.0 1122.0 162.0 68.0 L.160.D

358.0 1106.0 982.0 96.0 ment cela leur eſt loiſible, mais auſsi leur de¬

358.0 1169.0 987.0 89.0 uoir le requiert ſi expreſſement, que s’ils ne le

356.0 1229.0 993.0 90.0 font il n’y a excuſe quelconque qui puiſſe cou¬

345.0 1285.0 1002.0 88.0 urir leur laſcheté. Car il ne faut pas que les E¬

351.0 1350.0 1000.0 83.0 lecteurs, Palatins, Pairs & autres Officiers no¬

345.0 1404.0 1006.0 86.0 tables penſent auoir eſté eſtablis ſeulement a¬

345.0 1467.0 1008.0 89.0 fin de faire leurs monſtres, eſtans habillez à

348.0 1530.0 1010.0 85.0 l’antique lors qu’on ſacre le Roy, comme s’il

347.0 1591.0 1011.0 79.0 faloit iouër vne farce, & que ce iour-là ils re¬

345.0 1646.0 1012.0 88.0 preſentaſſent ſur vn eſchaffaut Roland, Oli¬

345.0 1710.0 1009.0 81.0 uier, Renaud & tels autres perſonnages, pour

345.0 1770.0 1009.0 79.0 ramener en memoire & contrefaire les cheua¬

345.0 1825.0 1004.0 88.0 liers de la table ronde: puis apres que le mon¬

349.0 1884.0 1004.0 76.0 de s’eſt retiré, & que l’vn d’entre eux aura tiré

343.0 1941.0 1014.0 103.0 le rideau, ils eſtiment auoir fort bien ioué leur

189.0 991.0 152.0 66.0 L.1.D. de

183.0 1043.0 123.0 58.0 æg.iur.

185.0 1176.0 159.0 65.0 de reg.iur.

1177.0 2000.0 176.0 75.0 roolle,
