1450 2343
351.0 74.0 78.0 61.0 26

333 132 1021 76 s’affuiettir premierement à Dieu. Il appert de

337 200 1017 68 cela que le Roy & le peuple, comme obligez à

338.0 257.0 1016.0 72.0 promettre, s’obligeoyent par ſerment ſolen¬

336.0 339.0 1020.0 38.0 nel de lerui à vieu adaiit toutescuoies. Et de

336.0 373.0 1016.0 68.0 faict incontinent apres auoir iuré l’alliance,

337.0 429.0 1016.0 70.0 Ioſias & Ioas ruinerent l’idolatrie de Baal &

337.0 490.0 1016.0 72.0 reſtablirent le pur ſeruice de Dieu. Les poincts

337.0 553.0 1012.0 73.0 principaux de l’alliance eſtoyent tels en ſom¬

336.0 613.0 1016.0 70.0 me, Que le Roy meſme & tout le peuple fuſ¬

336.0 672.0 1018.0 71.0 ſent ſoigneux d’honnorer & ſeruir Dieu ſelon

334.0 730.0 1018.0 71.0 ſa volonté declaree en la Loy: en quoy faiſant

334.0 790.0 1016.0 62.0 Dieu leur aſsiſteroit & maintiendroit leur e¬

333.0 847.0 1019.0 73.0 ſtat. S’ils faiſoyent le contraire il les abandon¬

334.0 915.0 1014.0 66.0 neroit & extermineroit: comme il appert par

333.0 968.0 1019.0 75.0 la conference de pluſieurs paſſages de l’Eſcri¬

343 1025 1007 70 ture. Moyſe venant à mourir propoſe ces con

340.0 1083.0 1004.0 76.0 ditions d’alliance à tout le peuple: & à l’in¬

338.0 1146.0 1008.0 78.0 ſtant commande que la Loy, c’eſt à dire les ar¬

334.0 1209.0 1014.0 73.0 ticles preſentez par le Seigneur ſoyent depo¬

333.0 1265.0 1012.0 73.0 ſez & gardez en l’Arche de l’Alliance. Apres

334.0 1323.0 1013.0 73.0 Ie treſpas de Moyſe, Ioſué fut eſtabli chef &

332.0 1387.0 1015.0 72.0 conducteur du peuple de Dieu. Suiuant cela

336.0 1440.0 1008.0 79.0 le Seigneur meſme l’admonneſte de ne s’eſlon

343.0 1503.0 1001.0 80.0 gner aucunement de la Loy, s’il veut auoir

332.0 1564.0 1012.0 72.0 heureux ſucces en ſes affaires. Ioſué de ſa part

338.0 1620.0 1000.0 76.0 voulant faire entendre aux Iſraelites à quelle

332.0 1683.0 1006.0 72.0 condition Dieu leur auoit donné le pays de

328.0 1742.0 1013.0 72.0 Chanaan, ſi toſt qu’ils y furent entrez, & apres

325.0 1804.0 1016.0 71.0 les ſacrifices deuëment paracheuez, leut la

329.0 1866.0 1008.0 72.0 Loy en preſence de tout le peuple, promet¬

326.0 1921.0 1015.0 83.0 tant tous biens de par le Seigneur s’ils y obeiſ¬

672.0 74.0 358.0 65.0 PREMIERE

162 1040 162 67 Deut.29.

169.0 1101.0 134.0 57.0 30.31

165 1149 151 57 Deut.31.

166 1196 64 52 26.

164 1368 130 80 Ioſué I.

164.0 1540.0 146.0 63.0 Deut.27

164.0 1586.0 77.0 55.0 26.

169 1629 131 67 Ioſués,

169 1692 113 52 & 24.

1175.0 1973.0 168.0 90.0 ſoyent,
