1450 2338
81 118 1008 92 En Frãce ſur tout, les dons du Roy ne ſont val¬

72.0 201.0 1019.0 70.0 lables ſans le conſentement de la chambre des

74.0 271.0 1018.0 66.0 contes. De là ſont nees les poſtilles de la cham

75.0 323.0 1017.0 65.0 bre ordinaire en la reddition des contes du

72.0 380.0 1019.0 75.0 temps des Rois prodigues, Trop donné: Soit re¬

74.0 440.0 1017.0 73.0 peté. Ceſte meſme chambre, iure ſolennelle¬

71.0 500.0 1019.0 76.0 ment de ne paſſer rien qui preiudicie au Roy¬

72.0 558.0 1019.0 77.0 aume & à l’Eſtat public, quelques lettres que

72.0 615.0 1019.0 78.0 le Roy luy en eſcriue. Mais elle ne ſe ſouuient

75.0 675.0 1013.0 80.0 pas touſiours de ce ſerment, ſi bien qu’il ſeroit

71.0 735.0 1017.0 78.0 à deſirer. En apres, la loy ne ſe ſoucie pas com¬

71.0 794.0 1013.0 78.0 ment vn vſufruictier poſſede & gouuerne ſes

71.0 855.0 1012.0 80.0 fruicts: mais au contraire elle preſcrit au Roy

72.0 914.0 1009.0 80.0 comment & à quel vſage il les doit employer.

77.0 974.0 1009.0 78.0 Voila pourquoy les anciens Rois de France e¬

71.0 1033.0 1017.0 78.0 ſtoyent tenus de faire quatre parts du reuenu

72.0 1092.0 1011.0 78.0 Royal. La premiere eſtoit employee à l’entre¬

71.0 1152.0 1012.0 72.0 tenement des miniſtres de l’Egliſe & à la nour

70.0 1211.0 1016.0 76.0 riture des pauures: la ſeconde eſtoit pour la ta¬

72.0 1270.0 1015.0 79.0 ble du Roy: la troiſieſme pour les gages de ſes

72.0 1328.0 1015.0 83.0 officiers & ſeruiteurs domeſtiques: la quatrieſ

72.0 1393.0 1015.0 76.0 me pour la reparation des ponts, chaſteaux

74.0 1449.0 1012.0 78.0 & maiſons Royales. S’il y auoit quelque re¬

72.0 1506.0 1012.0 81.0 ſte on le mettoit aux coffres de l’Eſpargne.

70.0 1560.0 1005.0 84.0 Au reſte, les hiſtoires deſcriuent amplement

70.0 1624.0 1005.0 82.0 les troubles auenus enuiron l’an mil quatre

70.0 1681.0 1005.0 86.0 cens douze, és Eſtats aſſemblez à Paris, à cauſe

77.0 1741.0 998.0 80.0 que Charles ſixieſme auoit deſpendu tout

74.0 1805.0 1014.0 80.0 l’argent du Domaine aux menus plaiſirs

74.0 1862.0 1012.0 83.0 de luy & de ſes mignons, & que les con¬

72 1917 1017 101 tes de la maiſon du Roy, qui auparauant

370.0 83.0 376.0 63.0 QVESTION.

1015 99 80 64 175

1091 1585 171 69 Monstret.

1091 1644 164 54 en la vie

1091.0 1683.0 158.0 66.0 de Char¬

1093.0 1735.0 95.0 75.0 les 6.
