1417 2338
171.0 245.0 168.0 74.0 Aimoinus

344.0 109.0 80.0 70.0 172

344.0 173.0 1002.0 74.0 le conſentement des Eſtats: teſmoin le Roy

352.0 224.0 994.0 79.0 Childebert, qui n’oſa fonder l’Abbaye de S.

173.0 294.0 166.0 78.0 bi.4.chap¬

348.0 280.0 1002.0 82.0 Vincent à Paris, ſans le cõſentement des Fran

175.0 348.0 134.0 92.0 nge

350.0 340.0 998.0 84.0 cois & Neuſtraſiens. Clouis ſecond & autres

343.0 405.0 1003.0 78.0 Rois ont obſerué le meſme. Ils ne peuuent pas

339.0 471.0 1010.0 65.0 meſme quitter le droit de regales ou la nomi¬

339.0 523.0 1009.0 80.0 natiõ des prrlats à quelque Egliſe que ce ſoit.

336.0 587.0 1009.0 74.0 Si aucuns d’entre eux l’ont fait, comme Louys

335.0 644.0 1009.0 74.0 onzieſme, Philippe quatrieſme & Philippe

332.0 706.0 1010.0 69.0 ſurnommé Auguſte l’ont fait en faueur des E¬

338.0 765.0 1007.0 71.0 gliſes de Sens, d’Auxerre & de Neuers, le Par¬

332.0 824.0 1010.0 70.0 lement a declairé tout cela nul. Quand le Roy

332.0 883.0 1008.0 71.0 eſt ſacré à Reims il iure d’obſeruer ceſte Loy:

334.0 942.0 1008.0 76.0 & s’il l’enfraint, ce qu’il fait a autant de valeur

336.0 1005.0 1006.0 67.0 que s’il contractoit pour vendre ou acheter

338.0 1063.0 1007.0 73.0 les pays du grãd Turc ou du Sophi. De là ſont

343.0 1126.0 1001.0 67.0 nees les conſtitutions ou ordonnances de Phi

336.0 1179.0 1006.0 75.0 lippe ſixieſme, de Iean ſecond, de Charles cin¬

336.0 1240.0 1006.0 73.0 quieſme, ſixieſme, huictieſme, par leſquelles

333.0 1297.0 1002.0 76.0 ils reuoquent toutes alienations faites par

332.0 1359.0 1009.0 71.0 leurs deuanciers. En l’aſſemblee des Eſtats de

333.0 1414.0 1007.0 82.0 Tours, où eſtoit en perſonne le Roy Charles

152.0 1480.0 169.0 74.0 1483.1522

329 1476 1006 67 huictieſme fur ent reſcindees pluſieurs aliena¬

152.0 1539.0 169.0 62.0 1531.549.

329 1537 1006 72 tions faites par Louys onzieſme, & oſta-on

329.0 1591.0 1006.0 84.0 aux heritiers de Tancred du Chaſtel, ſon grãd

148.0 1675.0 159.0 62.0 ſieurs ar¬

329 1652 1004 82 mignon pluſieurs places qu’il luy auoit dõnees

148.0 1714.0 159.0 68.0 reſts de la

329 1708 1004 86 de ſa propre autorité. Cela fut ratifié finale¬

321.0 1778.0 937.0 72.0 ment aux derniers Eſtats tenus à Orleans.

652.0 109.0 435.0 68.0 TROISIESME

159.0 1093.0 166.0 65.0 L.peto.69.

165.0 1143.0 158.0 66.0 S. prædus.

157.0 1193.0 165.0 69.0 D.de leg.

163.0 1241.0 48.0 55.0 2.

155.0 1278.0 164.0 81.0 L'a 1329

157.0 1340.0 104.0 57.0 1360.

156.0 1402.0 106.0 46.0 I3o iu¬

153.0 1435.0 110.0 67.0 1401.

154.0 1587.0 158.0 65.0 1560. Et

153.0 1631.0 140.0 67.0 par plu¬

153.0 1789.0 100.0 60.0 Cour¬

384.0 1835.0 948.0 75.0 VOILA quant au Domaine du Royaume.

325.0 1897.0 1011.0 68.0 Mais afin que lon voye encores mieux que le

328.0 1954.0 1007.0 85.0 Royaume eſt preferé au Roy, & qu’iceluy ne

1227.0 2019.0 109.0 68.0 peut
