1402 2333
322.0 97.0 94.0 66.0 262

326.0 152.0 996.0 81.0 gard à voſtre particulier vous monſtriez n’a¬

324.0 220.0 996.0 70.0 uoir autre but que le bien & repos de la ſocie¬

326.0 282.0 996.0 66.0 té humaine. Car puis que la iuſtice regarde

328.0 338.0 994.0 68.0 touſiours dehors, & l’iniuſtice arreſte l’hom¬

325.0 399.0 995.0 68.0 me entierement à ſoy-meſme: ce ſera fait en

325.0 462.0 995.0 62.0 homme de bien, ſi en cela vous n’auez aucun

325.0 517.0 721.0 72.0 eſgard à voſtre profit particulier.

614.0 103.0 465.0 58.0 QVATRIESME

402.0 591.0 918.0 58.0 POVR dire tout ce que deſſus en vn

320.0 633.0 998.0 64.0 mot, ſi le Prince outrepaſſe outrageuſe¬

321.0 705.0 999.0 59.0 ment les bornes de pieté & de iuſtice, le Prin¬

320.0 755.0 1002.0 69.0 ce voiſin pourra ſortir iuſtement & religieu¬

319.0 816.0 999.0 69.0 ſement hors de ſon pays, non pas pour em¬

320.0 874.0 997.0 70.0 pieter celuy d’autruy, mais pour donner or¬

320.0 933.0 1002.0 67.0 dre que l’autre ſe contiene en ſes limites: & s’il

319.0 991.0 1005.0 67.0 ne tient conte de ſon deuoir en ceſt endroit il

317.0 1049.0 1003.0 72.0 ſe monſtre inique & meſchant. Si vn Prince

319.0 1108.0 998.0 75.0 tyranniſe le peuple, le Prince voiſin doit don¬

320.0 1171.0 1000.0 70.0 ner ſecours au peuple d’auſsi franche volonté,

320.0 1232.0 996.0 69.0 qu’au Prince ſon compagnon, cas auenãt que

319.0 1290.0 999.0 69.0 le peuple ſe fuſt mutiné contre iceluy: & doit

319.0 1349.0 997.0 71.0 encores eſtre plus prompt à ſecourir le peu¬

320.0 1410.0 998.0 71.0 ple, veu qu’il y a beaucoup plus de pitié en plu

317.0 1467.0 1001.0 75.0 ſieurs affligez qu’en vn ſeul. Si Porſena remei¬

316.0 1526.0 1002.0 72.0 ne à Rome Tarquinius Superbus, Conſtantin

315.0 1586.0 1003.0 74.0 appellé par le peuple & Senat Romain aura

315.0 1648.0 1003.0 68.0 encores plus iuſte titre pour chaſſer le tyran

312.0 1704.0 1005.0 69.0 Maxentius. Brief ſi l’homme ſe fait loup con¬

311.0 1765.0 1007.0 72.0 tre ſon prochain, qui empeſche, ſuiuãt le pro¬

313.0 1823.0 1007.0 66.0 uerbe, que l’homme ne ſoit vn Dieu à l’hõme?

315.0 1880.0 1005.0 75.0 Et pourtant les anciens ont mis Hercules au

317 1942 1005 74 n des dieux, pource qu'il chastia & d

320 2006 996 93 Procrustes,
