1417 2338
369 115 91 56 230

691 110 429 52 TROISIESME

364 164 1004 78 autorité, il faut premierement, dit Balde, vſer

371 229 996 71 de verbes ou remonſtrances de paroles, ſecon

374 287 993 71 dement d’herbes, c’eſt à dire de remedes, tier¬

378 339 986 85 cement de pierres: & là où l’adreſſe de l’eſprit

383 399 985 76 n’eſt ſuffiſante, il y faut employer la force des

382 459 976 84 armes. Or ſi par l’auis de la pluſpart des do¬

380 528 988 72 cteurs par les decrets des Conciles, & par les

382 576 984 84 euenemens il appert que le Concile peut de

378 639 990 81 droit depoſer le Pape, lequel toutesfois ſe van

374 763 993 72 l'Empereur que le Soleil eſt par deſſus la Lu¬

371 826 996 65 ne, s’attribuant auſsi l’autorité de depoſer

383 874 981 88 quand bon luy ſemblera les Rois & les Empe¬

376 939 990 76 reurs: qui doutera maintenant, que l’aſſemblee

371 1005 997 70 publique d’vn Royaume ne puiſſe degrader

369 1062 999 69 non ſeulement le tyran, mais auſsi depoſer le

382 1114 980 86 Roy duquel la folie ſeroit pernicieuſe au pu¬

372 1176 97 70 blic?

425 1235 942 78 MAIS poſons le cas qu’en ceſte nauire po¬

362 1301 1005 74 litique le pilote s’enyure, la pluſpart de ſes ai¬

365 1363 1001 67 des s’endorment, ou apres auoir beu à outran

361 1419 1005 70 ce par enſemble ils s’amuſent en iouant à re¬

364 1479 1001 71 garder vn eſcueil qui menace leur vaiſſeau, le¬

362 1543 1001 66 quel au lieu de tenir la route propre au ſei¬

362 1598 1005 71 gneur d’iceluy, ſemble eſtre preſt de faire nau¬

357 1659 1010 69 frage: que doit faire alors vn ſouſmaiſtre qui

357 1721 1010 70 ſera vigilant & ſoigneux de ſa charge? Sera-ce

356 1782 1020 65 aſſez de tirer l’oreille à ceux qui dorment, ou

356 1837 1003 72 les piquer par les coſtes, ſans oſer cependant,

354 1897 1007 65 crainte qu’on ne l’eſtime vouloir faire quel¬

358 1958 1003 76 que choſe ſans commandement, ſecourir &

1197 2031 152 75 garan¬

200 174 121 57 Mart.

200 220 157 63 Laudenſ.

198 271 146 57 in tract.

197 313 156 63 de Card.

202 358 148 76 in2.4.35

210 434 125 43 Philip.

202 452 154 70 Decius in

194 506 152 59 quodã ec

197 558 170 60 filio cuius

198 603 162 59 verba fue

202 650 154 65 runt And

214 703 134 54 Barb. in

196 749 168 64 d.conſil.I.

196 804 151 50 lib.1.c.6.

197 849 169 60 Bald.in c.

204 894 139 66 olim.col.

198 946 146 71 penul.de

197 998 151 59 reſcri. in

197 1046 161 55 Decretal.

197 1093 151 63 Bonif. 8.

204 1139 144 65 de maior

194 1188 156 95 & obed.
