1407 2338
46 162 1018 67 ctement oppoſez & contraires, comme ſont

44 222 1017 67 les meſchans & iuſtes Princes: au moyen de

49.0 283.0 1012.0 67.0 quoy, tant s’en faut que ce qui eſt dit contre

46.0 354.0 1012.0 52.0 les tyrans denigre en rien les Rois, qu’au con¬

46.0 397.0 1015.0 73.0 traire plus les tyrans ſont avilis, plus la gloire

48.0 457.0 1009.0 70.0 des Rois apparoiſt magnifique: & blaſmer les

49.0 519.0 1002.0 66.0 vns c’eſt louer les autres. Quant aux tyrans,

50.0 574.0 1004.0 66.0 qu’ils diſent & penſent ce que bon leur ſem¬

48.0 639.0 1009.0 66.0 blera, ie ne m’en donne point de peine: car ce

48.0 700.0 1005.0 66.0 n’eſt pas à eux ains contre eux que i’eſcris.

48.0 754.0 1008.0 70.0 Pour le regard des Rois, ie me perſuade qu’ils

46.0 814.0 1011.0 73.0 conſentiront à ce qui eſt propoſé, veu qu’ils

50.0 878.0 1006.0 62.0 doiuent hair les tyrans & meſchans domina¬

49.0 935.0 1005.0 67.0 teurs autant que les bergers, les Medecins &

50.0 992.0 1006.0 71.0 les Prophetes hayſſent les loups, les empoi¬

49.0 1049.0 1008.0 71.0 ſonneurs & les faux docteurs. Car il faut ne¬

50.0 1110.0 1008.0 70.0 ceſſairement que la raiſon engendre és Rois

51.0 1172.0 1006.0 68.0 vne haine contre les tyrans non moins ar¬

51.0 1232.0 1009.0 70.0 dante que celle que nature a imprimee és

51.0 1291.0 1009.0 68.0 chiens contre les loups: veu que les vns vi¬

54.0 1350.0 1006.0 70.0 uent de rapt, & les autres ſont nez & empe¬

54.0 1410.0 1006.0 65.0 ſchez pour reprimer toutes rapines. Peut-e¬

55.0 1469.0 1011.0 67.0 ſtre que les flatteurs des tyrans fronceront

54.0 1527.0 1011.0 69.0 le ſourcil, au lieu que ce leur ſeroit cho¬

55.0 1583.0 1012.0 71.0 ſe trop mieux ſeante de le baiſſer & de rou¬

59.0 1645.0 1010.0 70.0 gir de honte. Ie ſçay que les amis & fide¬

57.0 1705.0 1012.0 62.0 les ſeruiteurs des Rois aprouueront & fe¬

57.0 1765.0 1010.0 69.0 ront accueil à ce diſcours, & ne crain¬

57.0 1824.0 1010.0 65.0 dront de maintenir ce qui y eſt contenu. Se¬

61.0 1882.0 1006.0 75.0 lon donc que le lecteur ſe trouuera eſmeu de

352.0 99.0 378.0 56.0 QVESTION.

993.0 101.0 59.0 70.0 95
