1455 2338
62.0 130.0 1004.0 101.0 PREMIERE QVE¬

427.0 226.0 265.0 77.0 STION,

87.0 292.0 956.0 75.0 ASAVOIR SI LES SV¬

154.0 368.0 825.0 73.0 iets ſont tenus & doyuent obeir aux

193.0 433.0 730.0 68.0 Princes, s’ils commandent quel¬

284.0 490.0 546.0 72.0 que choſe contre la Loy

448.0 546.0 211.0 72.0 de Dieu.

293.0 662.0 785.0 77.0 EVT eſtre que de prime face ce¬

297.0 722.0 783.0 72.0 ſte Queſtion ſemblera du tout ſu¬

298.0 787.0 785.0 71.0 perflue & inutile: veu que par icel¬

291.0 850.0 795.0 68.0 le il ſemble que lon reuoque en

55.0 905.0 1031.0 69.0 doute vn axiome tenu pour treſcertain entre

55.0 961.0 1034.0 74.0 les Chreſtiens, cõfermé par tant de teſmoigna

58.0 1020.0 1029.0 73.0 ges de l’Eſcriture, par tãt d’exẽples de l’hiſtoi¬

55.0 1083.0 1031.0 66.0 re de tous tẽps, & par la mort de tãt de fideles

53.0 1140.0 1035.0 75.0 Martyrs. Car d’ou ſont procedees (dira quel¬

57.0 1198.0 1025.0 72.0 qu’vn) tant d’afflictions que les Chreſtiẽs ont

54.0 1259.0 1034.0 72.0 endurees, ſinon de ce qu’ils ont touſiours eſté

55.0 1318.0 1033.0 73.0 d’auis qu’il faloit obeir à Dieu ſimplement &

54.0 1380.0 1032.0 70.0 abſoluemẽt, & aux Rois auec exception, c’eſt

51.0 1443.0 1029.0 63.0 aſauoir entant qu’ils ne cõmandent rien con¬

55.0 1498.0 1028.0 73.0 tre la Loy de Dieu? Autrement pourquoy les

50.0 1550.0 1036.0 84.0 Apoſtres auroyent-ils reſpondu qu’il faut o¬

54.0 1614.0 1021.0 78.0 beir pluſtoſt à Dieu qu’aux hõmes? Dauãtage,

55.0 1676.0 1027.0 71.0 puis que la ſeule volõté de Dieu eſt touſiours

51.0 1731.0 1032.0 71.0 iuſte, & celle des hõmes peut eſtre iniuſte bien

51.0 1791.0 1036.0 75.0 ſouuẽt: qui doute qu’il ne faille touſiours obeir

51.0 1853.0 1037.0 71.0 à Dieu ſans exception, & aux hõmes touſiours

54.0 1913.0 1033.0 97.0 auec quelque exception? Mais pource qu’il y a

148 746 62 85 P

1025 89 55 74 15

1103 1550 139 94 44.4.9
