1440 2338
130.0 187.0 1009.0 50.0 & diſtribuant tous les threſors du Royaume

129.0 242.0 1012.0 60.0 aux putains. Vindex & Galba gouuerneur des

131.0 294.0 1010.0 68.0 Gaules & des Eſpagnes quittent le parti de

132.0 354.0 1009.0 70.0 Neron ſupporté en ſa tyrannie par le Senat,

131.0 409.0 1011.0 72.0 & attirent la Gaule & l’Eſpagne à eux. Mais

132.0 467.0 1011.0 74.0 entre tous actes, l’arreſt des iuges de Sparte eſt

133.0 531.0 1009.0 70.0 notable, & doit paſſer en choſe iugee parmi

133.0 592.0 1010.0 67.0 toutes nations, eſtant procedé d’vn tel Senat

137.0 646.0 1006.0 67.0 que celuy-là. Les Spartiates eſtans maiſtres de

135.0 705.0 1009.0 74.0 la ville de Byzance, ils y eſtablirent chef & gou

136.0 768.0 1008.0 69.0 uerneur Clearchus, qui oſtoit le blé aux citoy¬

136.0 826.0 1012.0 72.0 ens pour le diſtribuer à ſes ſoldats. Cependant

137.0 887.0 1007.0 72.0 les familles des citoyens mouroyent de faim.

137.0 945.0 1013.0 70.0 Anaxilaus l’vn des principaux de la ville, indi¬

140.0 1009.0 1008.0 67.0 gné de telle tyrannie, entre en communicatiõ

139.0 1063.0 1009.0 73.0 auec Alcibiades pour luy rendre la ville, en la¬

141.0 1126.0 1005.0 74.0 quelle il eſt receu quelque temps apres. A cau¬

137.0 1184.0 1007.0 69.0 ſe de ceſte reddition Anaxilaus eſt accuſé de¬

139.0 1241.0 1007.0 76.0 uant le conſeil de Sparte, où il plaide ſa cauſe

139.0 1301.0 1002.0 75.0 & eſt abſous par les iuges: pource, diſent-ils,

140.0 1365.0 1006.0 68.0 qu’il faut faire la guerre aux ennemis, non pas

140.0 1420.0 1007.0 77.0 à nature. Or il n’y a choſe plus contre nature

141.0 1480.0 1006.0 73.0 que de voir ceux qui ſont commis à la defenſe

140.0 1544.0 1008.0 70.0 d’vne place eſtre plus cruels à l’endroit des ha

140.0 1601.0 1006.0 70.0 bitans d’icelle que les ennemis qui l’ont aſsie¬

144.0 1657.0 1006.0 75.0 gee. Tel fut l’auis des Spartiates, iuſtes domi¬

140.0 1721.0 1015.0 70.0 nateurs, & ſe trouuera peu de bons Rois qui

142.0 1780.0 1014.0 69.0 n’aprouuent ceſte ſentence d’abſolution: car

142 1835 1015 78 ceux qui deſirent regner comme il apartient

144 1897 1009 72 conſiderent bien ce que meritent les tyrans,

144 1954 1011 95 ce que le peuple & les Officiers & prinéipaux

450.0 114.0 378.0 59.0 QVESTION.

1065.0 113.0 65.0 70.0 235
