1412 2338
345.0 85.0 374.0 70.0 QVESTION.

997.0 93.0 99.0 61.0 209

70.0 145.0 1012.0 78.0 Diomedes, & n’a autre auãtage, ſinõ qu’il four

68.0 214.0 1011.0 69.0 rage à ſon plaiſir ſans pouuoir eſtre reprimé?

68.0 264.0 1014.0 75.0 Brief on peut auſſi bien faire teſte à Alexãdre

68.0 331.0 1011.0 67.0 ſaccageãt vne prouince ou renuerſant les mu¬

68.0 387.0 1010.0 72.0 railles d’vne ville, qu’à vn brigand qui vou¬

67.0 448.0 1008.0 70.0 droit rauir le manteau, ou vn voleur qui

66.0 507.0 1010.0 72.0 romproit la muraille d’vn logis pour y deſ¬

66.0 566.0 1004.0 69.0 rober. Il y a encores outre cela le droit ciuil,

66.0 624.0 1009.0 73.0 lequel reigle les ſocietez des hommes par cer¬

64.0 689.0 1008.0 68.0 taines loix, tellement que les vnes ſont gouuer

66.0 746.0 1008.0 71.0 nees d’vne ſorte, les autres d’vne autre, ou par

67.0 807.0 1008.0 69.0 vn, ou par quelque petit nombre, ou par toute

67.0 866.0 1007.0 66.0 vne communauté: aucunes deboutent les fem¬

67.0 928.0 1008.0 68.0 mes du gouuernement, d’autres les y admettẽt

66.0 983.0 1009.0 69.0 celles-ci eſliſent les Rois deſcendans de certai¬

66.0 1044.0 1006.0 69.0 ne race, celles-là les prenent tels que bon leur

64.0 1102.0 1011.0 69.0 ſemble: & ainſi conſequemment des autres di¬

64.0 1163.0 1010.0 69.0 uerſes façõs de faire pratiquees entre les peu¬

67.0 1222.0 1005.0 70.0 ples. Si quelqu’vn s’eſſaye d’abolir ce droit par

66.0 1284.0 1004.0 66.0 fraude ou violence, tous ſommes tenus de luy

63.0 1339.0 1012.0 71.0 reſiſter, veu qu’il viole la ſocieté à qui il doit

66.0 1400.0 1006.0 71.0 tout ce qu’il a, & qu’il veut ruiner la patrie, à

64.0 1461.0 1008.0 66.0 la cõſeruation de laquelle nous ſommes obli¬

70.0 1519.0 1002.0 72.0 gez par nature, par les loix, & par promeſſe ſo¬

63.0 1579.0 1011.0 71.0 Iennelle: tellement que ſi nous deuenõs laſches

64.0 1639.0 1008.0 67.0 en tel afaire, à la verité lon nous peut appeller

67.0 1696.0 1005.0 70.0 proditeurs de la patrie, deſerteurs de la ſocieté

64.0 1756.0 908.0 63.0 humaine, & contempteurs de toutes loix.

126.0 1815.0 943.0 69.0 Or comme les droits de nature & des Gẽs,

66.0 1876.0 1005.0 65.0 & les loix ciuiles nous commandent de pren¬

66.0 1936.0 1008.0 81.0 dre les armes contre tels tyrans: on peut dire

822.0 1996.0 93.0 79.0 O.j.
