1412 2338
63 155 1008 78 point à des bœufs, & que ce n’eſt point vn

58 224 1012 68 Dieu qui preſide viſiblement entre les hom¬

55.0 280.0 1016.0 69.0 mes mortels: comme vn Prince ſeroit extre¬

54.0 359.0 1017.0 50.0 mement orgueilleux qui voudroit abuſer de

53.0 398.0 1014.0 72.0 ſes ſuiets comme ſi c’eſtoyent beſtes brutes:

55.0 461.0 1012.0 71.0 auſsi le peuple ſe monſtreroit par trop deſrai¬

51.0 518.0 1018.0 63.0 ſonnable qui d’vn Prince feroit vn Dieu, &

53.0 580.0 1014.0 68.0 cercheroit quelque deité en vne nature ſi freſ¬

49.0 636.0 1018.0 70.0 Ie qu’eſt la nature humaine. Mais ſi le Prince de

50.0 698.0 1016.0 69.0 propos deliberé ruine l’Eſtat, s’il renuerſe au¬

49.0 759.0 1021.0 64.0 dacieuſement tous droits & deuoirs, s’il ne ſe

48.0 818.0 1021.0 70.0 ſoucie aucunement de garder ſa foy, s’il n’a eſ¬

50.0 879.0 1019.0 67.0 gard à conuention, ni à iuſtice, ni à pieté: s’il

46.0 936.0 1021.0 71.0 eſt ennemi de ſes ſuiets, brief s’il pratique tou

46.0 997.0 1015.0 69.0 tes les meſchãcetez que nous auons ſpecifiees,

46.0 1059.0 1023.0 64.0 ou les principales d’icelles, alors certainement

46.0 1119.0 1021.0 66.0 on le pourra iuger tyran, c’eſt à dire ennemi

46.0 1175.0 1020.0 66.0 de Dieu & des hommes. Il n’eſt donc pas ici

48.0 1235.0 1017.0 69.0 queſtion d’vn Prince qui ne ſoit pas des meil¬

44.0 1294.0 1023.0 71.0 leurs, ni des plus ſages, ni des plus grands iu¬

42.0 1353.0 1027.0 70.0 ſticiers, ni des plus vaillans, mais d’vn Prince

42.0 1411.0 1024.0 65.0 treſ-meſchant, malicieux & traiſtre, contem¬

45.0 1474.0 1022.0 70.0 pteur des loix, ennemi du peuple & fourra¬

45.0 1532.0 1022.0 69.0 geur du Royaume. La prudence d’vn Senat, la

40.0 1591.0 1026.0 72.0 droiture d’vn iuge, la prouëſſe d’vn capitaine

38.0 1650.0 1025.0 69.0 à l’auanture aidera le Prince inepte & couard:

38.0 1710.0 1019.0 72.0 mais le tyran ſouhaite aux Seigneurs du pays,

38.0 1765.0 1023.0 72.0 aux Conſeillers d’Eſtat, aux chefs de guerre v¬

36.0 1827.0 1023.0 70.0 ne ſeule teſte, laquelle il puiſſe abatre tout d’vn

36.0 1887.0 1020.0 75.0 coup, & n’y a gẽs qu’il haiſſe plus que ceux-là.

38.0 1944.0 1018.0 77.0 Ce Prince inepte & laſche peut eſtre ſupporté,

33 2008 1023 81 encores que de droit lon pourroit le depoſer:

362.0 103.0 386.0 62.0 QVESTION.

973.0 107.0 84.0 64.0 217
