1450 2343
386.0 103.0 381.0 61.0 QVESTION.

1016.0 91.0 78.0 67.0 167

99.0 156.0 1003.0 90.0 pour le peuple & nõ pour le Roy, pource que

99.0 218.0 1000.0 81.0 c’eſt aux deſpẽs du peuple que la guerre ſe fait:

97.0 273.0 1005.0 82.0 comme ce qu’acquiert le facteur, c’eſt pour ſõ

100.0 333.0 1000.0 83.0 maiſtre. Meſmes s’il obtiẽt quelque choſe par

101.0 391.0 1002.0 84.0 mariage qui ſoit purement & ſimplement à ſa

101.0 455.0 998.0 79.0 femme, c’eſt au Royaume que cela eſt acquis:

104.0 508.0 998.0 85.0 dautãt que lon preſume qu’il eſpouſe ceſte fẽ¬

104.0 572.0 1004.0 82.0 me en qualité de Roy, & nõ pas entant qu’on

105.0 628.0 999.0 85.0 Ie nomme Philippe ou Charles. A l’oppoſite,

108.0 689.0 1000.0 80.0 tout ainſi que les Roines ont part aux biẽs que

106.0 748.0 1003.0 83.0 leurs maris, non encores paruenus à la courõ¬

108.0 808.0 1005.0 84.0 ne, ont acquis durãt le mariage, elles n’ont riẽ

109.0 869.0 1006.0 83.0 à ce qui a eſté acquis ayãs eſté creezRois, pour

109.0 928.0 1004.0 82.0 ce que cela eſt eſtimé acquis des deniers pu¬

109.0 986.0 1007.0 85.0 blics, & non pas de ce qui apartient particulie¬

108.0 1043.0 1008.0 84.0 rement à la perſonne du Roy. Il en fut ainſi iu¬

113.0 1103.0 1003.0 86.0 gé en France entre Philippe de Valois &

112.0 1170.0 759.0 74.0 Ieanne de Bourgongne ſa femme.

139.0 1222.0 981.0 83.0 MAIS afin que l’argẽt ne ſoit tiré de la bour

114.0 1283.0 1006.0 87.0 ſe du peuple pour eſtre employé à vſages par¬

113.0 1344.0 1012.0 85.0 ticuliers, l’Empereur iure qu’il n’impoſera pea

117.0 1403.0 1007.0 84.0 ges ni tributs quelçonques que par l’autori¬

117.0 1460.0 1004.0 83.0 té des eſtats de l’Empire. Autant en promet¬

117.0 1520.0 1006.0 84.0 tẽt les Rois de Pologne, de Hongrie & de Da¬

117.0 1608.0 1008.0 52.0 nemarch. Ceux d’Angleterre auſſipar l’ordona

118.0 1637.0 1010.0 85.0 ce d’Edouard premier. Iadis les Rois de Frãce

119.0 1701.0 1007.0 82.0 impoſoyent les peages en l’aſſemblee des trois

119.0 1754.0 1010.0 86.0 Eſtats. De là eſt nee la Loy de Philippe de Va

122.0 1815.0 1002.0 86.0 lois, que lõ ne cottiſe le peuple à tribut aucũ,

126.0 1878.0 1003.0 83.0 qu’en biẽ grãde neceſſité & du conſentement

125.0 1934.0 1003.0 96.0 des Eſtats. Meſmes ancienement les cueil¬

879.0 1999.0 138.0 66.0 L.iiii.
