1397 2338
20 154 1005 81 nat, qu’il violoit les loix commiſes à ſa garde:

19 220 1007 73 brief, qu’il ne tenoit compte d’obſeruer les

18.0 283.0 1008.0 70.0 conuentions accordees entre les Rois prece¬

18.0 351.0 1009.0 64.0 dens & les ſeigneurs & peuple de Rome. Quãt

16.0 400.0 1013.0 74.0 aux Empereurs Romains, chaſcun ſe ſouuient

19.0 459.0 1006.0 74.0 & a deuant les yeux la ſentence prononcee par

18.0 514.0 1011.0 75.0 le Senat contre Neron iugé en icelle enne¬

18.0 574.0 1007.0 79.0 mi de la Republique &condamné à eſtre trai¬

19.0 635.0 1011.0 75.0 né à la voirie: & l’autre ſentence, en vertu de

19.0 692.0 1010.0 76.0 laquelle Vitellius fut ignominieuſement mu¬

19.0 750.0 1014.0 83.0 tilé, pourmené en miſerable eſtat par laville, &

22.0 814.0 1007.0 75.0 finalement mis à mort: vne autre contre Ma¬

22.0 870.0 1005.0 80.0 ximinus, deſpouillé de l’Empire, Maximus &

24.0 930.0 1001.0 81.0 Albinus eſtablis en ſa place par le Senat. On y

24.0 992.0 1010.0 76.0 en pourroit adiouſter d’autres recueillies des

27.0 1049.0 1003.0 78.0 plus aſſeurez hiſtoriens. L’Empereur Traian

24.0 1113.0 1005.0 74.0 ne penſoit pas eſtre exẽpt des loix, ni ne vou¬

28.0 1169.0 1003.0 81.0 loit qu’on l’eſpargnaſt s’il deuenoit tyran: car

28.0 1228.0 1003.0 83.0 en baillant l’eſpee au grand Preuoſt de l’Em¬

32.0 1291.0 1002.0 78.0 pire, ſi ie commande comme il apartient, dit¬

28.0 1349.0 1009.0 75.0 il, aide moy auec ceſte eſpee: ſi ie fais autremẽt

29.0 1407.0 1005.0 80.0 deſgaine la contre moy. Semblablement les

28.0 1466.0 1009.0 80.0 François, par l’authorité des Eſtats, & à la ſol¬

29.0 1526.0 1008.0 79.0 licitation des officiers du Royaume, chaſſerẽt

29.0 1585.0 1001.0 85.0 du throne Royal Childeric premier, Sigebert,

36.0 1643.0 999.0 84.0 Theodoric & Childeric troiſieſme, à cauſe de

31.0 1706.0 1008.0 82.0 leurs tyrannies, & en eſleurẽt d’autre race pour

37.0 1767.0 1005.0 77.0 gouuerner le Royaume. Meſmes ils en de¬

36.0 1824.0 1004.0 81.0 poſerent quelques vns, à cauſe de leur fai¬

29.0 1889.0 1007.0 84.0 neantiſe, & faute de ſens qui mettoit l’Eſtat

354.0 101.0 368.0 62.0 QVESTION.

944.0 107.0 84.0 62.0 227

782.0 1947.0 102.0 83.0 P.ij.
