1421 2338
335.0 103.0 80.0 70.0 178

332.0 146.0 1018.0 91.0 elle eſt grande, moins offenſe-elle ce droit.

336.0 220.0 1014.0 78.0 Car ce que les Romains empietoyent ſous cou

331.0 274.0 1017.0 79.0 leur de iuſtice, ils l’euſſent enuahi à force d’ar¬

329.0 333.0 1020.0 80.0 mes ſi le pretexte leur fuſt defailli. Nous voyõs

328.0 394.0 1020.0 83.0 preſques de noſtre temps que la Seigneurie de

345.0 455.0 1003.0 80.0 Veniſe s’eſt emparee du Royaume de Cypre

333.0 513.0 1012.0 81.0 ſous couleur de ie ne ſay quelle imaginaire a¬

335.0 575.0 1010.0 79.0 doption, laquelle eſtoit vne choſe faite pour

329.0 633.0 1017.0 78.0 rire, s’ils ne s’en fuſſent fait croire par le teſ¬

329.0 693.0 1019.0 79.0 moignage des armes. A ce que deſſus auſsi n’eſt

333.0 755.0 1013.0 76.0 point contraire la pretendue donation de

336.0 809.0 1009.0 79.0 Conſtantin au Pape Sylueſtre: car ceſte paille

335.0 867.0 1004.0 82.0 du decretiſte Gratian eſt toute vſee & dés lõg

333.0 932.0 1007.0 78.0 temps reduite en cendres. Encores moins y

333.0 988.0 1008.0 79.0 contredit la donation que Louys le Debon¬

335.0 1048.0 1010.0 79.0 naire fit au Pape Paſchal de la ville de Rome

335.0 1096.0 1006.0 88.0 & d’vne partie d’Italie: car dautant qu’il don¬

331.0 1169.0 1009.0 80.0 noit ce qu’il ne poſſedoit pas, perſonne ne s’y

337.0 1228.0 1006.0 82.0 oppoſa. Mais quand Charlemagne ſon pere

336.0 1288.0 1008.0 78.0 voulut enclauer & aſſuiettir le Royaume de

335.0 1346.0 1006.0 80.0 France à l’Empire d’Alemagne, les François

333.0 1404.0 1008.0 84.0 s’y oppoſerent à bon droit: & s’il euſt perſeue¬

335.0 1465.0 1009.0 76.0 ré en ceſte volonté, eux eſtoyent reſolus de

333.0 1520.0 1004.0 78.0 l’en empeſcher & ſe defendre auec les armes.

336.0 1579.0 1005.0 82.0 On ne peut non plus ſe ſeruir du fait de Salo¬

335 1634 1002 86 mon, lequel nous liſons auoir baillé vingt vil¬

333 1702 1008 81 les à Hiram Roy de Tyr: car il ne les luy don¬

332 1763 1008 81 na pas, ains ce fut pour ſeureté de payement

333 1819 1008 81 des talens d’or que Hiram luy auoit preſtez:

335 1876 1004 76 auſsi les retira-il au bout du terme, comme il

339 1932 998 102 appert par le texte des Chroniques. Dauanta¬

625.0 101.0 445.0 60.0 TROISIESME

167.0 1133.0 150.0 69.0 Volater.

172.0 1191.0 102.0 65.0 liu.3.

165 1646 148 84 1. Rois 9.

171.0 1714.0 53.0 62.0 II.

167 1903 146 66 2.Chron

171.0 1963.0 72.0 76.0 8.2.

1272.0 2010.0 61.0 64.0 ge
