1426 2338
90.0 146.0 1007.0 73.0 receu le mords en bouche ni le cheuaucheur

88.0 213.0 1006.0 68.0 ſur ſon dos, s’il n’euſt eſperé de venir à bout

90.0 270.0 1004.0 71.0 du taureau. N’eſtimons donc pas, que les Rois

89.0 333.0 1000.0 72.0 ayent eſté eſleus, pour appliquer à leur parti¬

88.0 390.0 1005.0 69.0 culier vſage les biens acquis à grand trauail

88.0 450.0 998.0 66.0 par les ſuiets: car chaſcun aime & embraſſe ce

89.0 506.0 996.0 74.0 qui eſt ſien. Ils n’ont receu la puiſſance du pu¬

87.0 565.0 995.0 74.0 blic pour la faire ſeruir à leurs plaiſirs: car or¬

87.0 628.0 997.0 69.0 dinairement leua is hayſſent ou portent en¬

87.0 688.0 997.0 70.0 uie aux grands. Diſons donc, qu’ils ſont en ce¬

87.0 746.0 999.0 72.0 ſte charge pour maintenir par iuſtice, & par la

89.0 809.0 999.0 69.0 force des armes le public & le particulier de

88.0 866.0 993.0 69.0 tous outrages & dommages. Pour ceſte cauſe,

85.0 920.0 987.0 78.0 dit S. Auguſtin, ceux là ſont appellez Maiſtres

87.0 978.0 991.0 76.0 & Seigneurs qui pouruoyent au bien d’au¬

1088 1001 125 62 Cité de

85.0 1040.0 997.0 72.0 truy, comme le mari à la femme, les peres aux

1090 1055 105 59 Dieu,

87.0 1098.0 989.0 74.0 enfans: ceux ſont appellez ſuiets à qui lon ai¬

1090 1096 125 73 chap.15.

89.0 1159.0 992.0 73.0 de. Vray eſt que ceux qui maiſtriſent ainſi,

93.0 1220.0 995.0 73.0 pour dire ce qui en eſt, ſeruent à ceux à qui lon

88.0 1279.0 1002.0 74.0 dit qu’ils commandent: car, comme dit le meſ

87.0 1341.0 999.0 72.0 me docteur, ils ne commandent pas par con¬

88.0 1400.0 1000.0 71.0 uoitiſe de dominer, ains par deuoir de procu¬

88.0 1456.0 998.0 70.0 rer le bien de ceux qui leur ſont aſſuiettis: ils

88.0 1520.0 997.0 69.0 ne dominent point par orgueil, ains gouuer¬

89.0 1579.0 999.0 70.0 nent par vne charité & ſinguliere affection

90.0 1636.0 966.0 73.0 qu’ils ont de pouruoir à ce qui eſt neceſſaire.

386.0 97.0 387.0 49.0 QVESTTUN.

1020.0 90.0 88.0 89.0 129

1096.0 913.0 138.0 49.0 Au 19. li¬

1094.0 958.0 134.0 57.0 ure de la

132.0 1693.0 956.0 76.0 SENEQVE en l’Epiſtre XCI. Du temps du

89.0 1750.0 1000.0 78.0 ſiecle d’or, dit-il, les ſages gouuernoyent les

93.0 1810.0 997.0 75.0 Royaumes. Ils ſe gardoyent de violence, &

92.0 1872.0 993.0 75.0 preſeruoyent les petis de la main des grands.

89.0 1928.0 997.0 87.0 Ils conſeilloyent & deſconſeilloyent, mon¬

854.0 1991.0 80.0 79.0 I.j.
