<?xml version="1.0" encoding="UTF-8"?>
<alto xmlns:xsi="http://www.w3.org/2001/XMLSchema-instance"
      xmlns="http://www.loc.gov/standards/alto/ns-v4#"
      xsi:schemaLocation="http://www.loc.gov/standards/alto/ns-v4# http://www.loc.gov/standards/alto/v4/alto-4-2.xsd">
  <Description>
    <MeasurementUnit>pixel</MeasurementUnit>
    <sourceImageInformation>
      <fileName>page_00253.png</fileName>
    </sourceImageInformation>
  </Description>
  <Tags>
    <OtherTag ID="BT7" LABEL="CustomZone" DESCRIPTION="block type CustomZone"/><OtherTag ID="BT8" LABEL="DamageZone" DESCRIPTION="block type DamageZone"/><OtherTag ID="BT9" LABEL="DigitizationArtefactZone" DESCRIPTION="block type DigitizationArtefactZone"/><OtherTag ID="BT10" LABEL="DropCapitalZone" DESCRIPTION="block type DropCapitalZone"/><OtherTag ID="BT11" LABEL="GraphicZone" DESCRIPTION="block type GraphicZone"/><OtherTag ID="BT12" LABEL="MainZone" DESCRIPTION="block type MainZone"/><OtherTag ID="BT13" LABEL="MarginTextZone" DESCRIPTION="block type MarginTextZone"/><OtherTag ID="BT14" LABEL="MusicZone" DESCRIPTION="block type MusicZone"/><OtherTag ID="BT15" LABEL="NumberingZone" DESCRIPTION="block type NumberingZone"/><OtherTag ID="BT17" LABEL="QuireMarksZone" DESCRIPTION="block type QuireMarksZone"/><OtherTag ID="BT18" LABEL="RunningTitleZone" DESCRIPTION="block type RunningTitleZone"/><OtherTag ID="BT19" LABEL="SealZone" DESCRIPTION="block type SealZone"/><OtherTag ID="BT20" LABEL="StampZone" DESCRIPTION="block type StampZone"/><OtherTag ID="BT21" LABEL="TableZone" DESCRIPTION="block type TableZone"/><OtherTag ID="BT22" LABEL="TitlePageZone" DESCRIPTION="block type TitlePageZone"/><OtherTag ID="BT100001" LABEL="MainZone-Head" DESCRIPTION="block type MainZone-Head"/><OtherTag ID="BT100011" LABEL="MainZone-Entry" DESCRIPTION="block type MainZone-Entry"/><OtherTag ID="BT100005" LABEL="MainZone-P" DESCRIPTION="block type MainZone-P"/><OtherTag ID="BT100008" LABEL="MainZone-Sp" DESCRIPTION="block type MainZone-Sp"/><OtherTag ID="BT100006" LABEL="MainZone-Continued" DESCRIPTION="block type MainZone-Continued"/><OtherTag ID="BT100009" LABEL="MarginTextZone-Notes" DESCRIPTION="block type MarginTextZone-Notes"/><OtherTag ID="BT100007" LABEL="MarginTextZone-ManuscriptAddendum" DESCRIPTION="block type MarginTextZone-ManuscriptAddendum"/><OtherTag ID="BT100013" LABEL="StampZone-Sticker" DESCRIPTION="block type StampZone-Sticker"/><OtherTag ID="BT100014" LABEL="MainZone-ListItem" DESCRIPTION="block type MainZone-ListItem"/>
    <OtherTag ID="LT7" LABEL="CustomLine" DESCRIPTION="line type CustomLine"/><OtherTag ID="LT8" LABEL="DefaultLine" DESCRIPTION="line type DefaultLine"/><OtherTag ID="LT9" LABEL="DropCapitalLine" DESCRIPTION="line type DropCapitalLine"/><OtherTag ID="LT10" LABEL="HeadingLine" DESCRIPTION="line type HeadingLine"/><OtherTag ID="LT11" LABEL="InterlinearLine" DESCRIPTION="line type InterlinearLine"/><OtherTag ID="LT12" LABEL="MusicLine" DESCRIPTION="line type MusicLine"/><OtherTag ID="LT747" LABEL="default" DESCRIPTION="line type default"/>
  </Tags>
  <Layout>
    <Page WIDTH="1440"
          HEIGHT="2338"
          PHYSICAL_IMG_NR="252"
          ID="eSc_dummypage_">
      <PrintSpace HPOS="0"
                  VPOS="0"
                  WIDTH="1440"
                  HEIGHT="2338">
        <TextBlock HPOS="74.0"
                   VPOS="154.0"
                   WIDTH="1028.0"
                   HEIGHT="1925.0"
                   ID="block_3"
                   TAGREFS="BT100006">
          <Shape><Polygon POINTS="1102 165 1099 1393 1089 1407 1092 1552 1097 1576 1100 2072 74 2079 84 154"/></Shape>
          <TextLine ID="line_2"
                    TAGREFS="LT8"
                    BASELINE="90 196 817 200 1109 207" 
                    HPOS="90"
                    VPOS="144"
                    WIDTH="1019"
                    HEIGHT="80">
            <Shape><Polygon POINTS="90 196 90 215 140 209 158 216 161 216 162 216 270 218 271 218 285 216 328 210 379 210 389 216 396 219 397 219 398 219 400 219 401 219 405 216 414 211 484 211 556 216 613 220 614 220 616 220 625 216 634 213 670 216 716 222 717 222 718 222 720 222 727 216 731 214 747 216 774 222 775 222 800 216 809 215 816 216 834 223 835 223 836 223 965 216 986 216 990 216 1015 224 1016 224 1017 224 1108 216 1109 207 1108 155 1039 163 1024 154 1018 150 1017 150 1016 150 1015 150 1013 150 1012 150 1007 154 990 164 955 164 887 163 866 153 857 149 856 149 768 148 766 148 765 148 756 151 739 161 721 151 712 148 710 148 709 148 686 151 643 161 527 161 500 150 486 145 484 145 483 145 458 150 430 155 391 149 361 145 360 145 358 145 357 145 352 149 339 158 321 149 315 146 314 146 313 146 311 146 302 149 282 154 275 149 270 144 269 144 267 144 266 144 224 148 157 155 90 148 90 196"/></Shape>
	    <String CONTENT="leurs freres, s’ils n’ont part à leurs trauaux, &amp;"
                    HPOS="90"
                    VPOS="144"
                    WIDTH="1019"
                    HEIGHT="80"
                    WC="0.996756500005722"></String>
          </TextLine>
          <TextLine ID="line_3"
                    TAGREFS="LT8"
                    BASELINE="93 254 1107 263" 
                    HPOS="92"
                    VPOS="207"
                    WIDTH="1015"
                    HEIGHT="76">
            <Shape><Polygon POINTS="93 254 92 268 133 275 135 275 235 270 271 268 275 270 282 276 283 276 284 276 285 276 398 271 434 270 437 271 445 277 447 277 448 277 528 279 530 279 630 272 660 271 664 272 677 280 678 280 679 280 756 274 771 272 779 274 817 281 818 281 895 274 907 274 914 275 963 283 964 283 1105 275 1107 263 1107 227 1072 215 1070 215 1069 215 948 222 918 214 917 214 916 214 914 214 878 224 869 216 868 216 866 216 813 213 812 213 810 213 792 219 784 213 783 213 782 213 720 213 718 213 717 213 687 223 684 223 543 223 541 222 532 215 531 215 530 215 528 215 489 220 463 210 462 210 410 210 409 210 408 210 406 210 395 219 382 209 380 209 379 209 378 209 313 219 310 219 175 219 174 218 161 207 159 207 158 207 157 207 93 216 93 254"/></Shape>
	    <String CONTENT="s’ils ne marchẽt les premiers à la guerre. Sẽbla"
                    HPOS="92"
                    VPOS="207"
                    WIDTH="1015"
                    HEIGHT="76"
                    WC="0.9832804448464337"></String>
          </TextLine>
          <TextLine ID="line_4"
                    TAGREFS="LT8"
                    BASELINE="92 313 973 320 1100 324" 
                    HPOS="89"
                    VPOS="263"
                    WIDTH="1009"
                    HEIGHT="81">
            <Shape><Polygon POINTS="91 311 89 335 233 329 276 339 296 339 457 331 485 340 510 340 617 333 680 344 1097 344 1098 323 1097 282 921 268 892 280 880 266 871 266 853 278 742 266 703 278 625 278 611 264 526 276 508 264 500 264 469 276 91 263 91 311"/></Shape>
	    <String CONTENT="blement, lors que ſous la conduite de Debora"
                    HPOS="89"
                    VPOS="263"
                    WIDTH="1009"
                    HEIGHT="81"
                    WC="0.99947074462067"></String>
          </TextLine>
          <TextLine ID="line_5"
                    TAGREFS="LT8"
                    BASELINE="93 372 1102 380" 
                    HPOS="92"
                    VPOS="326"
                    WIDTH="1010"
                    HEIGHT="74">
            <Shape><Polygon POINTS="93 372 92 383 183 384 201 393 202 393 204 393 398 387 424 387 435 388 497 396 499 396 536 388 543 388 552 389 614 397 616 397 735 390 751 390 758 390 808 398 809 398 848 392 853 392 870 392 979 400 981 400 1100 394 1102 380 1100 345 990 345 987 342 970 332 969 332 968 332 966 332 965 332 964 332 953 340 916 332 914 332 913 332 886 341 882 344 823 344 818 340 797 331 796 331 795 331 753 340 744 341 738 340 710 329 709 329 708 329 707 329 687 339 681 341 671 339 642 329 640 329 639 329 638 329 622 337 616 341 597 337 553 328 552 328 508 336 493 339 489 336 478 328 476 328 475 328 474 328 473 328 457 336 448 340 406 339 401 335 392 327 391 327 389 327 388 327 354 333 344 327 343 327 341 327 263 327 262 327 261 327 248 332 236 337 213 332 183 326 181 326 157 331 132 337 122 331 114 326 113 326 111 326 110 326 109 326 93 329 93 372"/></Shape>
	    <String CONTENT="les Nephthalites &amp; Zabulonites leuerẽt les ar¬"
                    HPOS="92"
                    VPOS="326"
                    WIDTH="1010"
                    HEIGHT="74"
                    WC="0.9874325660949058"></String>
          </TextLine>
          <TextLine ID="line_6"
                    TAGREFS="LT8"
                    BASELINE="88 431 1102 441" 
                    HPOS="87.0"
                    VPOS="387.0"
                    WIDTH="1015.0"
                    HEIGHT="74.0">
            <Shape><Polygon POINTS="88 431 87 442 248 444 249 445 261 454 262 454 263 454 265 454 326 446 341 445 367 448 470 457 471 457 510 450 541 457 543 457 544 457 557 450 561 448 578 450 629 458 630 458 660 453 744 459 745 459 747 459 760 453 765 450 866 452 873 454 894 461 895 461 896 461 898 461 918 455 922 454 924 455 935 461 937 461 938 461 1100 457 1102 441 1100 406 1043 406 1042 405 1028 393 1026 393 1025 393 974 392 973 392 972 392 926 403 925 403 887 392 886 392 885 392 812 402 810 402 794 390 792 390 791 390 749 390 748 390 747 390 723 402 721 402 720 402 696 393 695 393 694 393 657 401 656 401 642 389 640 389 639 389 638 389 595 396 577 388 575 388 574 388 573 388 549 394 543 388 541 388 540 388 474 388 473 388 471 388 450 398 450 400 387 400 385 398 366 387 365 387 363 387 362 387 361 387 322 397 301 397 170 396 157 387 155 387 154 387 153 387 88 394 88 431"/></Shape>
	    <String CONTENT="mes contre le tyrã labin: &amp; cepẽdant les Rube¬"
                    HPOS="87.0"
                    VPOS="387.0"
                    WIDTH="1015.0"
                    HEIGHT="74.0"
                    WC="0.9740523050228754"></String>
          </TextLine>
          <TextLine ID="line_7"
                    TAGREFS="LT8"
                    BASELINE="88 489 1102 502" 
                    HPOS="88.0"
                    VPOS="445.0"
                    WIDTH="1014.0"
                    HEIGHT="81.0">
            <Shape><Polygon POINTS="88 489 88 507 124 503 152 509 170 513 171 513 172 513 183 510 193 506 197 510 202 514 204 514 205 514 206 515 257 515 257 514 258 514 269 511 289 505 321 511 337 515 339 515 340 515 348 513 363 506 382 513 392 516 393 516 395 516 453 514 573 509 606 516 613 518 614 518 625 516 682 510 691 518 694 519 694 520 695 520 696 520 697 520 712 518 755 511 842 519 843 519 898 513 930 520 931 520 933 520 973 514 995 523 998 524 999 524 1000 526 1100 526 1102 502 1100 471 1034 466 1024 457 1022 457 1021 457 1020 457 908 468 899 468 895 468 855 454 853 454 808 454 807 454 805 454 782 465 734 458 732 458 690 465 662 452 661 452 627 452 626 452 625 452 608 461 584 450 583 450 541 450 540 450 539 450 513 463 512 463 510 463 474 452 473 452 471 452 470 452 443 462 441 462 406 453 405 453 404 453 369 461 328 448 327 448 326 448 271 461 270 461 200 461 194 459 126 445 124 445 123 445 88 457 88 489"/></Shape>
	    <String CONTENT="nites, qui deuoyent eſtre les premiers en cãpa¬"
                    HPOS="88.0"
                    VPOS="445.0"
                    WIDTH="1014.0"
                    HEIGHT="81.0"
                    WC="0.9892976954579353"></String>
          </TextLine>
          <TextLine ID="line_8"
                    TAGREFS="LT8"
                    BASELINE="90 549 1102 563" 
                    HPOS="90.0"
                    VPOS="503.0"
                    WIDTH="1012.0"
                    HEIGHT="81.0">
            <Shape><Polygon POINTS="90 549 90 570 171 563 396 575 411 575 413 575 415 575 457 567 486 575 487 575 488 575 539 568 587 578 591 578 592 578 593 578 595 578 609 571 616 578 617 578 618 578 708 579 709 579 710 579 732 571 752 578 753 578 755 578 899 574 1099 584 1102 563 1100 527 1047 515 1046 515 1044 515 1043 515 1028 526 1012 515 1011 515 1009 515 1008 515 1007 515 973 524 968 526 963 524 913 513 912 513 911 513 890 523 887 524 735 524 723 522 656 510 655 510 591 520 584 520 582 519 551 507 549 507 548 507 387 516 369 518 366 516 356 507 354 507 353 507 274 503 272 503 271 503 241 513 202 503 201 503 152 514 150 514 135 503 133 503 132 503 131 503 129 503 128 503 115 514 114 514 90 514 90 549"/></Shape>
	    <String CONTENT="gne, ſe dõnoyent du bon tẽps, en iouant de la"
                    HPOS="90.0"
                    VPOS="503.0"
                    WIDTH="1012.0"
                    HEIGHT="81.0"
                    WC="0.9984691701036819"></String>
          </TextLine>
          <TextLine ID="line_9"
                    TAGREFS="LT8"
                    BASELINE="84 607 1102 622" 
                    HPOS="83.0"
                    VPOS="562.0"
                    WIDTH="1019.0"
                    HEIGHT="79.0">
            <Shape><Polygon POINTS="84 607 83 619 178 629 179 629 241 623 249 623 267 624 389 632 391 632 489 628 545 627 575 631 609 635 610 635 612 635 619 631 627 628 632 632 638 636 639 636 640 636 642 636 683 633 726 629 732 633 738 637 739 637 740 637 742 637 771 635 814 631 1099 641 1102 622 1099 578 1057 587 908 576 821 571 820 571 736 574 735 574 729 576 714 583 657 583 649 576 647 574 645 574 644 574 643 574 616 576 571 580 557 576 535 568 534 568 532 568 531 568 530 568 522 576 517 580 489 580 479 576 450 566 449 566 387 566 385 566 384 566 383 566 369 575 363 578 280 578 214 576 213 575 175 562 174 562 113 562 111 562 110 562 84 572 84 607"/></Shape>
	    <String CONTENT="fluſte autour de leurs troupeaux: les Gadites pẽ"
                    HPOS="83.0"
                    VPOS="562.0"
                    WIDTH="1019.0"
                    HEIGHT="79.0"
                    WC="0.9946457901779486"></String>
          </TextLine>
          <TextLine ID="line_10"
                    TAGREFS="LT8"
                    BASELINE="85 668 1100 680" 
                    HPOS="84.0"
                    VPOS="620.0"
                    WIDTH="1016.0"
                    HEIGHT="82.0">
            <Shape><Polygon POINTS="85 668 84 680 136 691 137 692 137 691 183 683 237 692 239 692 388 685 423 694 424 694 426 694 427 694 444 687 504 687 535 696 536 696 538 697 618 697 618 696 619 696 649 688 700 697 701 697 790 692 846 698 847 698 848 698 870 692 944 700 946 700 1018 693 1029 701 1030 701 1031 701 1033 702 1065 702 1065 701 1067 701 1099 692 1100 680 1100 646 1070 636 1069 636 1068 636 1029 642 999 635 998 635 996 635 951 642 939 644 934 641 911 632 909 632 908 632 907 632 905 632 894 641 887 644 762 644 749 637 730 628 729 628 727 628 726 628 710 636 699 641 660 635 614 627 613 627 612 627 596 633 580 640 471 640 440 629 424 624 423 624 422 624 402 628 356 637 301 629 300 629 298 629 289 635 272 624 271 623 270 623 269 623 267 623 258 624 224 631 200 623 196 622 194 622 85 620 85 668"/></Shape>
	    <String CONTENT="ſoyẽt eſtre en ſeureté ayãs la riuiere entre deux:"
                    HPOS="84.0"
                    VPOS="620.0"
                    WIDTH="1016.0"
                    HEIGHT="82.0"
                    WC="0.9988683720804611"></String>
          </TextLine>
          <TextLine ID="line_11"
                    TAGREFS="LT8"
                    BASELINE="84 727 1100 741" 
                    HPOS="83.0"
                    VPOS="681.0"
                    WIDTH="1017.0"
                    HEIGHT="77.0">
            <Shape><Polygon POINTS="84 727 83 740 1098 758 1100 741 1099 706 994 705 991 703 973 693 972 693 970 693 930 702 920 703 914 701 894 692 892 692 891 692 890 692 888 692 877 701 873 703 825 703 731 702 722 697 707 689 705 689 704 689 671 696 651 700 630 694 604 688 603 688 601 688 600 688 582 693 571 697 562 693 547 687 545 687 398 685 397 685 396 685 387 689 376 693 360 688 344 684 343 684 341 684 340 684 331 688 317 696 272 696 200 694 183 684 179 681 178 681 176 681 175 681 154 684 120 688 84 683 84 727"/></Shape>
	    <String CONTENT="les Danites ſe glorifioyẽt en leurs ports de mer:"
                    HPOS="83.0"
                    VPOS="681.0"
                    WIDTH="1017.0"
                    HEIGHT="77.0"
                    WC="0.9960202646255493"></String>
          </TextLine>
          <TextLine ID="line_12"
                    TAGREFS="LT8"
                    BASELINE="84 787 1098 801" 
                    HPOS="84.0"
                    VPOS="740.0"
                    WIDTH="1014.0"
                    HEIGHT="78.0">
            <Shape><Polygon POINTS="84 787 85 805 113 798 126 806 127 806 128 806 129 806 131 806 133 806 159 798 220 806 226 806 227 806 228 806 230 806 243 800 278 806 280 806 282 806 287 806 356 801 366 806 369 809 370 809 371 809 426 810 427 810 428 810 437 807 452 802 497 807 544 813 545 813 651 809 705 806 712 809 729 815 730 815 731 815 908 810 909 810 952 818 953 818 1005 811 1073 818 1074 818 1076 818 1096 810 1098 801 1096 765 1038 752 1037 752 1035 752 1009 762 1007 763 1004 762 985 750 983 750 982 750 981 750 979 750 960 761 956 763 914 763 903 759 875 752 874 752 873 752 872 752 855 758 847 761 810 761 807 757 795 748 794 748 792 748 729 748 727 748 726 748 713 754 710 755 705 754 674 746 673 746 671 746 670 746 652 753 639 758 629 753 614 745 613 745 612 745 562 752 554 752 551 750 528 744 527 744 526 744 525 744 523 744 515 750 506 757 454 757 395 755 384 746 380 742 379 742 378 742 250 740 249 740 248 740 246 740 243 744 230 753 178 753 84 740 84 787"/></Shape>
	    <String CONTENT="&amp; ceux de la lignee d’Aſer ſe cõfioyẽt en la for"
                    HPOS="84.0"
                    VPOS="740.0"
                    WIDTH="1014.0"
                    HEIGHT="78.0"
                    WC="0.9985950756072998"></String>
          </TextLine>
          <TextLine ID="line_13"
                    TAGREFS="LT8"
                    BASELINE="83 845 1098 861" 
                    HPOS="81.0"
                    VPOS="800.0"
                    WIDTH="1017.0"
                    HEIGHT="83.0">
            <Shape><Polygon POINTS="83 845 81 857 144 858 144 859 170 870 171 870 172 870 269 862 279 862 291 863 369 872 370 872 405 866 421 863 486 867 569 874 570 874 571 874 573 874 578 870 584 867 665 867 686 872 703 878 704 878 705 878 744 875 799 870 839 876 853 879 855 879 866 878 909 871 922 879 925 881 926 881 927 881 929 883 960 883 960 881 970 880 1012 874 1095 883 1098 861 1098 826 1052 811 1051 811 1050 811 1012 818 927 809 843 809 842 809 840 809 839 809 831 815 812 810 810 810 809 810 808 810 787 820 738 820 684 820 684 819 668 806 666 806 665 806 664 806 662 806 619 817 556 810 554 810 553 810 535 817 497 802 496 802 495 802 493 802 458 814 434 804 432 804 431 804 430 804 388 814 372 801 371 801 370 801 336 800 297 800 296 800 295 800 271 811 244 804 243 804 241 804 240 804 239 804 227 811 226 811 83 810 83 845"/></Shape>
	    <String CONTENT="ce inacceſſible de leurs mõtagnes: l’Eſprit de"
                    HPOS="81.0"
                    VPOS="800.0"
                    WIDTH="1017.0"
                    HEIGHT="83.0"
                    WC="0.9912107181041798"></String>
          </TextLine>
          <TextLine ID="line_14"
                    TAGREFS="LT8"
                    BASELINE="83 904 1095 917" 
                    HPOS="81.0"
                    VPOS="857.0"
                    WIDTH="1014.0"
                    HEIGHT="83.0">
            <Shape><Polygon POINTS="83 904 81 917 174 918 174 919 206 930 207 930 209 930 250 920 284 931 285 931 287 931 456 923 476 923 479 924 493 931 495 931 496 931 539 924 544 924 545 924 556 933 557 933 558 933 560 933 613 926 621 926 630 927 679 932 681 932 682 932 695 927 696 927 697 927 713 935 714 935 716 936 771 936 771 935 773 935 774 935 781 928 783 927 787 930 799 935 800 935 801 935 803 935 804 935 810 930 813 928 885 928 888 931 908 939 909 939 911 939 912 939 926 931 927 931 938 939 939 939 940 939 994 940 995 940 1094 933 1095 917 1094 884 940 883 935 879 925 871 924 871 922 871 921 871 920 871 905 876 872 867 870 867 869 867 868 867 846 876 839 880 794 880 783 875 766 866 765 866 764 866 762 866 745 874 744 874 697 868 696 868 673 872 642 878 616 871 590 863 588 863 587 863 554 868 545 870 506 867 437 863 436 863 435 863 434 863 431 866 417 876 391 876 297 862 284 861 283 861 275 862 213 871 198 862 197 862 196 862 194 862 193 862 166 868 153 858 152 858 150 858 83 857 83 904"/></Shape>
	    <String CONTENT="Dieu parlãt par la Propheteſſe les cõdãne tous"
                    HPOS="81.0"
                    VPOS="857.0"
                    WIDTH="1014.0"
                    HEIGHT="83.0"
                    WC="0.9917500079894552"></String>
          </TextLine>
          <TextLine ID="line_15"
                    TAGREFS="LT8"
                    BASELINE="83 965 1099 978" 
                    HPOS="81.0"
                    VPOS="919.0"
                    WIDTH="1018.0"
                    HEIGHT="77.0">
            <Shape><Polygon POINTS="83 965 81 976 183 978 184 979 207 987 209 987 210 987 275 980 284 980 301 981 418 989 419 989 536 985 575 984 578 985 583 991 584 991 586 991 587 991 640 987 666 985 682 988 713 993 714 993 777 989 805 988 822 991 851 994 852 994 853 994 865 991 874 988 883 992 894 996 895 996 896 996 1098 994 1099 978 1098 944 1072 944 1070 942 1055 932 1054 932 1052 932 1051 932 1050 932 1021 942 1020 942 1017 942 994 933 992 933 991 933 990 933 989 933 977 941 976 942 900 942 899 941 873 928 872 928 695 926 694 926 692 926 651 937 649 937 648 937 592 924 591 924 590 924 557 936 556 937 514 937 513 936 493 923 492 923 491 923 489 923 488 923 465 935 448 927 447 927 445 927 444 927 419 935 417 935 350 935 349 933 335 922 334 922 332 922 331 922 226 932 219 932 217 932 175 919 174 919 172 919 171 919 140 931 139 931 83 931 83 965"/></Shape>
	    <String CONTENT="en termes bien expres. Maudiſſez Meroz, &amp; ſes"
                    HPOS="81.0"
                    VPOS="919.0"
                    WIDTH="1018.0"
                    HEIGHT="77.0"
                    WC="0.9930077102449205"></String>
          </TextLine>
          <TextLine ID="line_16"
                    TAGREFS="LT8"
                    BASELINE="81 1022 1096 1039" 
                    HPOS="80.0"
                    VPOS="976.0"
                    WIDTH="1016.0"
                    HEIGHT="83.0">
            <Shape><Polygon POINTS="81 1022 80 1036 93 1044 94 1044 96 1044 97 1044 98 1044 124 1036 189 1043 191 1043 228 1037 246 1046 248 1046 249 1046 297 1040 314 1048 315 1048 317 1048 380 1040 471 1050 473 1050 474 1050 504 1043 631 1053 632 1053 705 1045 784 1055 786 1055 856 1048 951 1058 952 1058 953 1058 977 1050 1020 1059 1021 1059 1095 1050 1096 1039 1094 992 1054 1002 1021 991 1020 991 1018 991 1017 991 1016 991 1015 991 983 1002 940 1002 904 989 903 989 901 989 900 989 892 989 784 998 722 989 721 989 629 996 600 987 596 985 595 985 593 985 592 985 590 987 571 992 556 985 548 983 547 983 545 983 527 985 483 993 466 985 463 984 462 984 461 984 454 985 419 992 382 984 362 980 211 978 210 978 209 978 200 981 189 988 172 981 157 976 155 976 154 976 81 980 81 1022"/></Shape>
	    <String CONTENT="habitãs, dit l’Ange du Seigneur, car ils ne ſont"
                    HPOS="80.0"
                    VPOS="976.0"
                    WIDTH="1016.0"
                    HEIGHT="83.0"
                    WC="0.9978926157464787"></String>
          </TextLine>
          <TextLine ID="line_17"
                    TAGREFS="LT8"
                    BASELINE="83 1084 1094 1097" 
                    HPOS="81.0"
                    VPOS="1041.0"
                    WIDTH="1013.0"
                    HEIGHT="70.0">
            <Shape><Polygon POINTS="83 1084 81 1102 167 1104 168 1104 170 1104 184 1097 200 1104 202 1105 204 1105 205 1105 214 1104 248 1098 331 1105 354 1106 356 1106 409 1105 556 1102 579 1106 597 1110 599 1110 619 1107 644 1104 687 1104 694 1107 697 1111 699 1111 700 1111 701 1111 1092 1110 1094 1097 1092 1061 1035 1052 1034 1052 1033 1052 1031 1052 1021 1059 1016 1062 934 1062 921 1058 879 1049 878 1049 836 1058 826 1059 822 1057 810 1049 809 1049 808 1049 807 1049 805 1049 791 1054 783 1048 782 1048 781 1048 688 1046 687 1046 649 1054 629 1046 627 1046 626 1046 625 1046 604 1055 599 1057 565 1057 562 1054 548 1045 547 1045 545 1045 508 1045 506 1045 505 1045 504 1045 491 1054 488 1055 484 1054 458 1044 457 1044 456 1044 454 1044 421 1053 415 1054 336 1054 334 1052 314 1043 313 1043 311 1043 259 1052 256 1053 214 1053 211 1052 198 1041 197 1041 196 1041 194 1041 155 1050 153 1050 83 1050 83 1084"/></Shape>
	    <String CONTENT="point venus au ſecours du Seigneur auec les"
                    HPOS="81.0"
                    VPOS="1041.0"
                    WIDTH="1013.0"
                    HEIGHT="70.0"
                    WC="0.9994763038879217"></String>
          </TextLine>
          <TextLine ID="line_18"
                    TAGREFS="LT8"
                    BASELINE="81 1141 1094 1156" 
                    HPOS="80.0"
                    VPOS="1096.0"
                    WIDTH="1014.0"
                    HEIGHT="76.0">
            <Shape><Polygon POINTS="80 1154 106 1163 107 1163 109 1163 153 1157 175 1165 176 1165 178 1165 301 1159 357 1167 358 1167 437 1161 443 1161 444 1161 457 1167 458 1167 460 1167 526 1162 532 1162 534 1162 539 1167 539 1169 540 1169 541 1169 543 1169 614 1163 626 1163 629 1163 647 1171 648 1171 649 1172 1092 1172 1094 1156 1092 1120 999 1118 974 1107 973 1107 972 1107 931 1117 925 1118 920 1117 894 1106 892 1106 891 1106 890 1106 888 1106 875 1115 873 1118 818 1118 810 1114 782 1105 781 1105 779 1105 778 1105 756 1111 726 1104 725 1104 679 1104 678 1104 677 1104 675 1104 662 1111 658 1114 643 1111 593 1102 592 1102 505 1109 465 1111 458 1107 452 1102 450 1102 449 1102 448 1102 447 1102 435 1107 428 1110 406 1106 356 1098 270 1098 269 1098 267 1098 256 1104 246 1107 217 1104 168 1096 167 1096 131 1101 102 1106 83 1101 81 1141 80 1154"/></Shape>
	    <String CONTENT="vaillans. Mais benite ſoit lahel fẽme de Heber"
                    HPOS="80.0"
                    VPOS="1096.0"
                    WIDTH="1014.0"
                    HEIGHT="76.0"
                    WC="0.9982482321718906"></String>
          </TextLine>
          <TextLine ID="line_19"
                    TAGREFS="LT8"
                    BASELINE="83 1202 1091 1217" 
                    HPOS="83.0"
                    VPOS="1154.0"
                    WIDTH="1008.0"
                    HEIGHT="83.0">
            <Shape><Polygon POINTS="83 1202 83 1215 172 1215 188 1218 233 1226 235 1226 236 1226 261 1219 266 1218 271 1219 300 1227 301 1227 302 1228 340 1228 340 1227 341 1227 343 1227 353 1220 357 1218 367 1220 392 1227 393 1227 395 1227 396 1227 408 1222 413 1219 421 1222 448 1230 449 1230 450 1230 510 1223 534 1220 551 1223 569 1227 570 1227 571 1227 582 1224 590 1222 595 1224 606 1231 608 1231 609 1231 610 1231 634 1224 638 1224 651 1226 721 1232 722 1232 723 1232 740 1227 748 1224 758 1227 784 1233 786 1233 787 1233 788 1233 809 1228 814 1227 836 1228 938 1236 939 1236 996 1231 1026 1228 1031 1231 1039 1236 1041 1236 1042 1236 1043 1236 1044 1236 1046 1236 1051 1232 1056 1228 1064 1232 1076 1237 1077 1237 1078 1237 1080 1237 1090 1232 1091 1217 1090 1167 999 1167 998 1167 996 1167 995 1167 979 1179 930 1179 912 1166 909 1165 908 1165 907 1165 809 1163 808 1163 807 1163 805 1163 800 1166 784 1176 725 1176 700 1166 687 1162 686 1162 643 1162 642 1162 640 1162 630 1166 616 1172 603 1166 590 1161 588 1161 587 1161 513 1166 452 1171 437 1166 413 1158 411 1158 410 1158 327 1166 302 1169 297 1166 278 1157 276 1157 275 1157 274 1157 248 1166 245 1167 241 1166 214 1156 213 1156 211 1156 210 1156 209 1156 196 1166 193 1169 176 1169 172 1166 137 1154 136 1154 98 1154 97 1154 96 1154 94 1154 83 1162 83 1202"/></Shape>
	    <String CONTENT="Cineẽ, la quelle pouuãt alleguer l’alliãce de ſõ"
                    HPOS="83.0"
                    VPOS="1154.0"
                    WIDTH="1008.0"
                    HEIGHT="83.0"
                    WC="0.9912748268017402"></String>
          </TextLine>
          <TextLine ID="line_20"
                    TAGREFS="LT8"
                    BASELINE="79 1261 1091 1276" 
                    HPOS="79.0"
                    VPOS="1218.0"
                    WIDTH="1012.0"
                    HEIGHT="78.0">
            <Shape><Polygon POINTS="79 1261 79 1279 319 1278 341 1282 360 1285 361 1285 378 1283 393 1279 404 1283 415 1287 417 1287 418 1287 444 1283 463 1280 495 1283 540 1288 541 1288 566 1284 582 1282 586 1284 593 1289 595 1289 596 1289 597 1289 710 1285 752 1284 755 1285 760 1291 761 1291 762 1291 861 1293 862 1293 913 1287 921 1287 930 1287 1007 1296 1008 1296 1090 1288 1091 1276 1091 1243 986 1230 985 1230 983 1230 982 1230 969 1240 968 1240 799 1239 796 1237 755 1226 753 1226 752 1226 682 1236 675 1236 671 1236 635 1224 634 1224 591 1224 590 1224 588 1224 587 1224 574 1233 512 1227 510 1227 458 1232 454 1232 452 1232 417 1220 415 1220 414 1220 369 1231 366 1232 335 1232 334 1231 319 1219 318 1219 317 1219 315 1219 271 1230 267 1230 244 1230 244 1228 230 1218 228 1218 227 1218 226 1218 224 1218 197 1228 196 1228 79 1227 79 1261"/></Shape>
	    <String CONTENT="mari auec les Chananeẽs, neãtmoins tue Siſa¬"
                    HPOS="79.0"
                    VPOS="1218.0"
                    WIDTH="1012.0"
                    HEIGHT="78.0"
                    WC="0.9935951492060786"></String>
          </TextLine>
          <TextLine ID="line_21"
                    TAGREFS="LT8"
                    BASELINE="77 1320 1092 1335" 
                    HPOS="76.0"
                    VPOS="1272.0"
                    WIDTH="1016.0"
                    HEIGHT="85.0">
            <Shape><Polygon POINTS="77 1320 76 1337 149 1344 150 1344 152 1344 161 1339 167 1336 218 1336 224 1340 237 1345 239 1345 240 1345 297 1340 323 1339 347 1341 400 1348 401 1348 469 1343 489 1341 504 1343 553 1350 554 1350 649 1345 668 1344 677 1345 722 1353 723 1353 778 1346 788 1345 792 1346 816 1354 817 1354 907 1356 908 1356 909 1356 929 1349 982 1356 983 1356 1030 1349 1033 1349 1034 1349 1052 1357 1054 1357 1055 1357 1091 1349 1092 1335 1092 1300 1012 1300 1003 1297 942 1285 940 1285 939 1285 938 1285 924 1296 920 1297 835 1297 830 1293 805 1282 804 1282 803 1282 801 1282 788 1287 701 1280 700 1280 699 1280 697 1280 687 1289 674 1291 632 1293 622 1289 600 1279 599 1279 597 1279 596 1279 571 1288 560 1292 547 1287 523 1278 522 1278 486 1278 484 1278 483 1278 462 1285 447 1291 361 1291 353 1283 344 1275 343 1275 341 1275 340 1275 289 1282 287 1282 282 1282 227 1274 226 1274 224 1274 223 1274 213 1280 201 1287 187 1279 171 1272 170 1272 168 1272 167 1272 142 1279 119 1284 77 1278 77 1320"/></Shape>
	    <String CONTENT="ra chef de l’armee. Et pourtãt Vrie parloit en"
                    HPOS="76.0"
                    VPOS="1272.0"
                    WIDTH="1016.0"
                    HEIGHT="85.0"
                    WC="0.9941559205663965"></String>
          </TextLine>
          <TextLine ID="line_22"
                    TAGREFS="LT8"
                    BASELINE="77 1379 1095 1396" 
                    HPOS="76.0"
                    VPOS="1333.0"
                    WIDTH="1019.0"
                    HEIGHT="84.0">
            <Shape><Polygon POINTS="77 1379 76 1392 155 1402 157 1402 301 1397 321 1405 322 1405 323 1405 380 1398 402 1406 404 1406 405 1406 469 1400 543 1401 551 1409 552 1409 553 1409 554 1409 687 1404 703 1411 704 1411 705 1411 827 1407 914 1414 916 1414 917 1414 937 1407 1050 1417 1051 1417 1094 1409 1095 1396 1095 1358 1070 1348 1069 1348 1068 1348 1033 1356 1009 1346 1008 1346 1007 1346 886 1356 868 1357 862 1356 827 1344 826 1344 825 1344 823 1344 822 1344 805 1354 803 1356 712 1356 709 1353 696 1341 695 1341 694 1341 692 1341 652 1346 632 1340 631 1340 630 1340 562 1350 554 1352 545 1350 475 1337 474 1337 426 1345 413 1337 411 1337 410 1337 409 1337 408 1337 380 1348 379 1349 321 1349 315 1346 270 1335 269 1335 267 1335 266 1335 230 1344 213 1333 211 1333 210 1333 209 1333 77 1343 77 1379"/></Shape>
	    <String CONTENT="vray ſeruiteur de Dieu &amp; de la patrie, quãd il di"
                    HPOS="76.0"
                    VPOS="1333.0"
                    WIDTH="1019.0"
                    HEIGHT="84.0"
                    WC="0.991930034160614"></String>
          </TextLine>
          <TextLine ID="line_23"
                    TAGREFS="LT8"
                    BASELINE="75 1439 1085 1459" 
                    HPOS="74.0"
                    VPOS="1391.0"
                    WIDTH="1011.0"
                    HEIGHT="87.0">
            <Shape><Polygon POINTS="75 1439 74 1449 137 1459 139 1459 192 1453 196 1453 198 1453 222 1461 223 1461 224 1461 257 1454 261 1454 263 1456 271 1462 272 1462 274 1462 275 1462 315 1457 327 1456 343 1457 400 1465 401 1465 402 1465 415 1459 419 1458 430 1459 463 1466 465 1466 534 1463 579 1461 595 1465 610 1469 612 1469 613 1469 614 1469 626 1466 640 1462 656 1466 670 1470 671 1470 673 1470 687 1467 705 1463 723 1469 735 1471 736 1471 738 1471 771 1470 829 1466 834 1471 836 1472 836 1474 838 1474 839 1474 840 1474 856 1472 887 1467 1082 1478 1085 1459 1082 1411 1021 1418 976 1409 957 1406 956 1406 943 1409 914 1415 898 1409 890 1405 888 1405 887 1405 886 1405 879 1407 868 1414 846 1407 833 1404 831 1404 830 1404 829 1404 817 1407 797 1413 790 1406 786 1404 784 1404 783 1404 782 1404 758 1406 716 1411 707 1405 700 1401 699 1401 697 1401 696 1401 662 1405 630 1409 595 1404 564 1400 562 1400 561 1400 552 1404 541 1407 531 1404 517 1397 515 1397 514 1397 456 1402 447 1402 436 1402 375 1395 374 1395 344 1401 328 1404 319 1400 302 1393 301 1393 300 1393 298 1393 279 1400 270 1402 248 1398 226 1396 224 1396 223 1396 215 1398 209 1401 202 1398 185 1392 184 1392 183 1392 181 1392 180 1392 171 1398 167 1400 119 1400 115 1397 106 1391 105 1391 103 1391 102 1391 75 1396 75 1439"/></Shape>
	    <String CONTENT="ſoit, l’Arche du Seigneur, Ifrael &amp; Iuda ſont és"
                    HPOS="74.0"
                    VPOS="1391.0"
                    WIDTH="1011.0"
                    HEIGHT="87.0"
                    WC="0.9988529669995211"></String>
          </TextLine>
          <TextLine ID="line_24"
                    TAGREFS="LT8"
                    BASELINE="75 1498 1090 1517" 
                    HPOS="72.0"
                    VPOS="1451.0"
                    WIDTH="1017.0"
                    HEIGHT="82.0">
            <Shape><Polygon POINTS="74 1496 72 1519 1085 1533 1089 1515 1089 1472 1060 1463 1058 1463 1056 1463 1009 1472 1003 1472 987 1472 839 1459 837 1459 693 1465 683 1457 683 1455 682 1455 680 1455 678 1455 594 1465 580 1465 483 1465 479 1463 461 1451 459 1451 457 1451 455 1451 74 1453 74 1496"/></Shape>
	    <String CONTENT="tẽtes, ils demeurẽt és pauillõs, paſſẽt les nuicts"
                    HPOS="72.0"
                    VPOS="1451.0"
                    WIDTH="1017.0"
                    HEIGHT="82.0"
                    WC="0.9844993927262046"></String>
          </TextLine>
          <TextLine ID="line_25"
                    TAGREFS="LT8"
                    BASELINE="76 1556 1091 1576" 
                    HPOS="75.0"
                    VPOS="1513.0"
                    WIDTH="1016.0"
                    HEIGHT="88.0">
            <Shape><Polygon POINTS="76 1556 75 1572 198 1572 209 1574 250 1583 252 1583 253 1583 279 1575 283 1575 285 1575 330 1587 331 1587 332 1587 378 1578 384 1576 396 1578 448 1584 449 1584 488 1579 493 1579 495 1579 521 1591 522 1591 583 1592 584 1592 717 1584 779 1596 781 1596 829 1585 830 1585 831 1585 855 1593 856 1593 857 1593 898 1587 899 1587 916 1598 917 1598 918 1598 1028 1601 1029 1601 1090 1589 1091 1576 1091 1545 963 1528 961 1528 901 1540 886 1527 885 1527 883 1527 836 1526 835 1526 725 1535 707 1523 705 1523 704 1523 681 1523 679 1523 678 1523 677 1523 660 1535 584 1535 567 1526 566 1526 565 1526 539 1530 523 1519 522 1519 521 1519 519 1519 518 1519 496 1531 393 1517 392 1517 266 1527 158 1526 122 1513 120 1513 119 1513 118 1513 76 1523 76 1556"/></Shape>
	    <String CONTENT="entieres en plaine cãpagne, &amp; moy i’iray bãque"
                    HPOS="75.0"
                    VPOS="1513.0"
                    WIDTH="1016.0"
                    HEIGHT="88.0"
                    WC="0.9978249408304691"></String>
          </TextLine>
          <TextLine ID="line_26"
                    TAGREFS="LT8"
                    BASELINE="76 1617 1089 1634" 
                    HPOS="75.0"
                    VPOS="1579.0"
                    WIDTH="1014.0"
                    HEIGHT="73.0">
            <Shape><Polygon POINTS="76 1617 75 1632 1086 1652 1089 1634 1089 1600 1072 1592 1070 1592 1069 1592 1068 1592 1067 1592 1057 1598 992 1591 991 1591 935 1597 934 1597 920 1588 918 1588 917 1588 855 1588 853 1588 852 1588 851 1588 843 1595 817 1587 816 1587 814 1587 813 1587 794 1595 779 1585 778 1585 777 1585 775 1585 721 1593 712 1593 700 1592 621 1583 619 1583 561 1589 544 1591 528 1588 487 1582 486 1582 426 1587 397 1588 393 1585 387 1580 387 1579 385 1579 384 1579 383 1579 293 1583 237 1585 76 1579 76 1617"/></Shape>
	    <String CONTENT="ter auec ma fẽme, &amp; me dõneray du bõ temps?"
                    HPOS="75.0"
                    VPOS="1579.0"
                    WIDTH="1014.0"
                    HEIGHT="73.0"
                    WC="0.9873187723367111"></String>
          </TextLine>
          <TextLine ID="line_27"
                    TAGREFS="LT8"
                    BASELINE="76 1675 1087 1693" 
                    HPOS="76.0"
                    VPOS="1634.0"
                    WIDTH="1011.0"
                    HEIGHT="81.0">
            <Shape><Polygon POINTS="76 1675 76 1696 146 1691 215 1698 220 1698 222 1698 223 1698 243 1693 249 1698 252 1701 253 1701 254 1701 256 1701 272 1700 298 1696 304 1700 308 1702 309 1702 310 1702 311 1702 335 1700 374 1696 388 1701 396 1704 397 1704 398 1704 400 1704 406 1701 418 1696 449 1702 469 1705 470 1705 505 1702 561 1698 571 1704 580 1708 582 1708 583 1708 609 1704 639 1700 666 1705 677 1706 678 1706 679 1706 684 1705 699 1701 713 1705 726 1710 727 1710 729 1710 730 1710 731 1710 736 1706 740 1704 760 1706 797 1711 904 1713 905 1713 907 1713 908 1713 914 1709 922 1705 995 1705 1003 1710 1015 1715 1016 1715 1017 1715 1086 1710 1087 1693 1087 1663 1041 1652 1039 1652 1038 1652 1018 1661 985 1654 983 1654 924 1658 914 1652 913 1652 912 1652 911 1652 909 1652 896 1658 814 1658 813 1657 800 1648 799 1648 797 1648 796 1648 755 1656 752 1656 751 1656 727 1643 726 1643 686 1643 684 1643 683 1643 657 1653 655 1654 582 1654 578 1652 554 1640 553 1640 552 1640 502 1648 471 1639 470 1639 400 1637 398 1637 397 1637 371 1648 365 1649 282 1645 222 1643 200 1634 198 1634 197 1634 76 1640 76 1675"/></Shape>
	    <String CONTENT="Auſſi vray que Dieuvit, ie ne feray iamais cela."
                    HPOS="76.0"
                    VPOS="1634.0"
                    WIDTH="1011.0"
                    HEIGHT="81.0"
                    WC="0.9866647521654764"></String>
          </TextLine>
          <TextLine ID="line_28"
                    TAGREFS="LT8"
                    BASELINE="84 1735 1092 1754" 
                    HPOS="83.0"
                    VPOS="1687.0"
                    WIDTH="1009.0"
                    HEIGHT="84.0">
            <Shape><Polygon POINTS="84 1735 83 1745 161 1754 162 1754 207 1749 218 1757 219 1757 220 1757 222 1757 267 1750 269 1750 353 1759 354 1759 393 1753 395 1753 422 1761 423 1761 424 1761 519 1756 526 1756 527 1756 553 1763 554 1763 556 1763 612 1757 621 1757 626 1758 653 1765 655 1765 656 1765 682 1759 686 1758 687 1759 695 1766 696 1766 697 1766 699 1766 794 1761 817 1761 821 1762 836 1769 838 1769 839 1769 840 1769 862 1763 868 1762 883 1763 957 1771 959 1771 1091 1767 1092 1754 1091 1710 1031 1717 1011 1708 1004 1705 1003 1705 1002 1705 1000 1705 992 1708 981 1710 952 1706 930 1704 929 1704 927 1704 921 1705 894 1714 869 1714 856 1704 855 1702 853 1702 852 1702 851 1702 836 1704 784 1710 765 1702 760 1700 758 1700 757 1700 756 1700 748 1701 721 1709 687 1700 681 1698 679 1698 678 1698 668 1700 623 1709 579 1709 566 1700 565 1700 564 1700 562 1700 515 1706 493 1696 491 1695 489 1695 467 1695 466 1695 465 1695 463 1695 452 1705 423 1697 422 1697 421 1697 419 1697 418 1697 409 1705 357 1705 310 1692 309 1692 308 1692 306 1692 288 1702 222 1702 200 1691 198 1691 197 1691 165 1696 148 1688 146 1688 84 1687 84 1735"/></Shape>
	    <String CONTENT="Tout au cõtraire, l’impieté des Princes d’Iſrael"
                    HPOS="83.0"
                    VPOS="1687.0"
                    WIDTH="1009.0"
                    HEIGHT="84.0"
                    WC="0.9718905794620514"></String>
          </TextLine>
          <TextLine ID="line_29"
                    TAGREFS="LT8"
                    BASELINE="72 1795 937 1810 1073 1809 1082 1807" 
                    HPOS="68.0"
                    VPOS="1743.0"
                    WIDTH="1013.0"
                    HEIGHT="86.0">
            <Shape><Polygon POINTS="70 1794 68 1810 1077 1829 1081 1806 1077 1772 1026 1759 1021 1759 999 1771 954 1755 948 1755 923 1769 876 1757 828 1769 787 1753 728 1767 666 1751 588 1765 543 1749 319 1761 251 1745 142 1743 136 1743 118 1755 107 1743 70 1743 70 1794"/></Shape>
	    <String CONTENT="ſe deſcouure, quãd ſous l’aſſeurãce des hautes"
                    HPOS="68.0"
                    VPOS="1743.0"
                    WIDTH="1013.0"
                    HEIGHT="86.0"
                    WC="0.979978850732247"></String>
          </TextLine>
          <TextLine ID="line_30"
                    TAGREFS="LT8"
                    BASELINE="71 1853 1090 1874" 
                    HPOS="70.0"
                    VPOS="1808.0"
                    WIDTH="1020.0"
                    HEIGHT="85.0">
            <Shape><Polygon POINTS="71 1853 70 1866 198 1876 200 1876 298 1871 310 1871 331 1872 476 1882 478 1882 557 1876 567 1876 569 1876 583 1884 584 1884 586 1884 911 1884 961 1884 976 1885 1056 1893 1057 1893 1089 1887 1090 1874 1089 1823 1054 1828 1016 1822 1011 1822 1009 1822 1008 1822 1007 1822 981 1830 963 1822 960 1821 959 1821 895 1819 894 1819 892 1819 891 1819 888 1822 869 1834 838 1834 782 1822 781 1822 779 1822 757 1828 747 1821 743 1817 742 1817 740 1817 739 1817 721 1821 688 1827 679 1821 678 1818 677 1818 675 1818 674 1818 664 1819 649 1823 645 1819 639 1814 638 1814 636 1814 635 1814 634 1814 612 1819 591 1824 561 1819 517 1811 515 1811 514 1811 497 1819 483 1824 406 1824 395 1818 380 1811 379 1811 378 1811 376 1811 360 1815 328 1808 327 1808 326 1808 258 1817 240 1819 161 1819 158 1817 148 1808 146 1808 145 1808 144 1808 142 1808 120 1817 118 1817 71 1817 71 1853"/></Shape>
	    <String CONTENT="mõtagnes de Samarie &amp; de la fortereſſe deSiõ,"
                    HPOS="70.0"
                    VPOS="1808.0"
                    WIDTH="1020.0"
                    HEIGHT="85.0"
                    WC="0.9931023704244736"></String>
          </TextLine>
          <TextLine ID="line_31"
                    TAGREFS="LT8"
                    BASELINE="74 1911 1086 1930" 
                    HPOS="72.0"
                    VPOS="1865.0"
                    WIDTH="1014.0"
                    HEIGHT="83.0">
            <Shape><Polygon POINTS="74 1911 72 1926 1083 1948 1086 1930 1085 1893 1017 1893 1011 1891 999 1884 998 1884 996 1884 995 1884 978 1889 972 1892 965 1889 943 1879 942 1879 940 1879 939 1879 905 1888 891 1891 857 1887 786 1876 784 1876 657 1878 656 1878 651 1880 644 1884 636 1880 627 1874 626 1874 625 1874 579 1872 541 1872 540 1872 539 1872 527 1876 508 1884 484 1878 483 1878 482 1878 400 1882 376 1872 369 1870 367 1870 366 1870 365 1870 360 1872 344 1882 308 1882 287 1870 280 1867 279 1867 278 1867 256 1870 181 1878 166 1867 166 1866 165 1866 163 1866 162 1866 155 1866 116 1872 74 1865 74 1911"/></Shape>
	    <String CONTENT="ils ſe desbordent en diſſolutiõs, bãquetẽt, boy"
                    HPOS="72.0"
                    VPOS="1865.0"
                    WIDTH="1014.0"
                    HEIGHT="83.0"
                    WC="0.9902474093437195"></String>
          </TextLine>
          <TextLine ID="line_32"
                    TAGREFS="LT8"
                    BASELINE="75 1971 1090 1991" 
                    HPOS="74.0"
                    VPOS="1927.0"
                    WIDTH="1016.0"
                    HEIGHT="83.0">
            <Shape><Polygon POINTS="75 1971 74 1983 127 1992 128 1992 276 1989 293 1996 295 1996 296 1996 344 1989 365 1997 366 1997 367 1997 400 1991 487 2000 488 2000 548 1993 617 2002 618 2002 675 1996 808 2005 809 2005 835 2000 886 2008 887 2008 1030 2004 1056 2010 1057 2010 1059 2010 1060 2010 1089 2002 1090 1991 1087 1945 1025 1954 1009 1948 1008 1948 1007 1948 894 1952 875 1943 873 1941 872 1941 870 1941 869 1941 862 1943 842 1948 786 1941 752 1939 751 1939 679 1941 561 1945 554 1940 549 1936 549 1935 548 1935 547 1935 519 1935 518 1935 517 1935 504 1940 489 1944 428 1944 423 1939 415 1932 414 1932 413 1932 411 1932 383 1939 379 1939 375 1939 347 1931 345 1931 344 1931 214 1937 189 1937 183 1936 142 1927 141 1927 75 1935 75 1971"/></Shape>
	    <String CONTENT="uẽt le vin delicieux, dormẽt és licts d’yuoire &amp;"
                    HPOS="74.0"
                    VPOS="1927.0"
                    WIDTH="1016.0"
                    HEIGHT="83.0"
                    WC="0.9865880655307396"></String>
          </TextLine>
          <TextLine ID="line_33"
                    TAGREFS="LT8"
                    BASELINE="74 2031 1100 2050" 
                    HPOS="72.0"
                    VPOS="1986.0"
                    WIDTH="1028.0"
                    HEIGHT="100.0">
            <Shape><Polygon POINTS="74 2031 72 2049 141 2069 142 2069 144 2069 145 2069 197 2056 223 2069 224 2069 226 2069 227 2069 269 2057 278 2054 344 2056 349 2060 369 2073 370 2073 371 2073 372 2073 374 2073 402 2061 415 2057 461 2061 465 2063 482 2075 483 2075 484 2075 486 2075 526 2074 527 2074 528 2074 540 2066 553 2060 603 2060 617 2069 630 2078 631 2078 632 2078 734 2079 735 2079 736 2079 755 2074 769 2070 778 2075 786 2079 787 2079 788 2079 812 2076 878 2066 946 2080 964 2084 965 2084 977 2082 1030 2069 1096 2086 1100 2050 1098 2013 968 2015 926 2008 898 2002 896 2002 895 2002 894 2002 888 2006 881 2011 855 2006 826 2000 796 2000 795 2000 794 2000 792 2000 787 2004 778 2010 670 2010 656 2002 655 2002 653 2002 623 2009 586 1998 575 1996 574 1996 573 1996 554 1997 514 2002 496 1996 488 1993 487 1993 462 1993 461 1993 460 1993 458 1993 457 1995 441 2005 361 2005 224 1989 211 1988 210 1988 206 1988 157 2000 74 1986 74 2031"/></Shape>
	    <String CONTENT="ſe perfument, meſpriſans cependant le pauure"
                    HPOS="72.0"
                    VPOS="1986.0"
                    WIDTH="1028.0"
                    HEIGHT="100.0"
                    WC="0.998198849233714"></String>
          </TextLine>
        </TextBlock>
        <TextBlock HPOS="389.0"
                   VPOS="87.0"
                   WIDTH="390.0"
                   HEIGHT="56.0"
                   ID="block_1"
                   TAGREFS="BT18">
          <Shape><Polygon POINTS="779 87 779 143 389 143 389 87"/></Shape>
          <TextLine ID="line_0"
                    TAGREFS="LT8"
                    BASELINE="398 124 777 125" 
                    HPOS="395.0"
                    VPOS="87.0"
                    WIDTH="380.0"
                    HEIGHT="64.0">
            <Shape><Polygon POINTS="746 87 726 87 707 87 687 87 668 87 648 87 629 87 609 87 590 87 570 87 551 87 531 87 512 87 492 87 473 87 454 87 434 87 415 87 397 87 397 122 395 140 434 151 436 151 438 151 440 151 459 142 463 142 771 151 775 124 765 87 746 87"/></Shape>
	    <String CONTENT="QVESTION."
                    HPOS="395.0"
                    VPOS="87.0"
                    WIDTH="380.0"
                    HEIGHT="64.0"
                    WC="0.9998959104220072"></String>
          </TextLine>
        </TextBlock>
        <TextBlock HPOS="1033.0"
                   VPOS="94.0"
                   WIDTH="86.0"
                   HEIGHT="66.0"
                   ID="block_0"
                   TAGREFS="BT15">
          <Shape><Polygon POINTS="1119 94 1119 160 1033 160 1033 94"/></Shape>
          <TextLine ID="line_1"
                    TAGREFS="LT8"
                    BASELINE="1046 131 1106 137" 
                    HPOS="1040.0"
                    VPOS="95.0"
                    WIDTH="64.0"
                    HEIGHT="74.0">
            <Shape><Polygon POINTS="1085 95 1065 95 1046 95 1044 130 1040 153 1097 169 1104 136 1104 95 1085 95"/></Shape>
	    <String CONTENT="253"
                    HPOS="1040.0"
                    VPOS="95.0"
                    WIDTH="64.0"
                    HEIGHT="74.0"
                    WC="0.9999451637268066"></String>
          </TextLine>
        </TextBlock>
        <TextBlock HPOS="1108.0"
                   VPOS="286.0"
                   WIDTH="111.0"
                   HEIGHT="75.0"
                   ID="eSc_textblock_093ffbd0"
                   TAGREFS="BT100009">
          <Shape><Polygon POINTS="1108 286 1108 361 1219 361 1219 288"/></Shape>
          <TextLine ID="eSc_line_c5120fcc"
                    TAGREFS="LT8"
                    BASELINE="1111 324 1116 324 1207 328" 
                    HPOS="1108"
                    VPOS="276"
                    WIDTH="98"
                    HEIGHT="86">
            <Shape><Polygon POINTS="1110 323 1108 350 1202 362 1206 327 1206 280 1110 276 1110 323"/></Shape>
	    <String CONTENT="Iug.5."
                    HPOS="1108"
                    VPOS="276"
                    WIDTH="98"
                    HEIGHT="86"
                    WC="0.9336054921150208"></String>
          </TextLine>
        </TextBlock>
        <TextBlock HPOS="1094.0"
                   VPOS="1427.0"
                   WIDTH="174.0"
                   HEIGHT="112.0"
                   ID="block_2"
                   TAGREFS="BT100009">
          <Shape><Polygon POINTS="1268 1427 1268 1539 1094 1539 1094 1427"/></Shape>
          <TextLine ID="line_34"
                    TAGREFS="LT8"
                    BASELINE="1098 1466 1260 1472" 
                    HPOS="1095.0"
                    VPOS="1428.0"
                    WIDTH="163.0"
                    HEIGHT="76.0">
            <Shape><Polygon POINTS="1097 1465 1095 1484 1254 1504 1258 1470 1254 1428 1097 1430 1097 1465"/></Shape>
	    <String CONTENT="2.Sam.i."
                    HPOS="1095.0"
                    VPOS="1428.0"
                    WIDTH="163.0"
                    HEIGHT="76.0"
                    WC="0.9985015019774437"></String>
          </TextLine>
          <TextLine ID="eSc_line_072bb93c"
                    TAGREFS="LT8"
                    BASELINE="1100 1517 1144 1518" 
                    HPOS="1097"
                    VPOS="1480"
                    WIDTH="46"
                    HEIGHT="55">
            <Shape><Polygon POINTS="1098 1515 1097 1535 1141 1535 1143 1517 1143 1486 1098 1480 1098 1515"/></Shape>
	    <String CONTENT="II."
                    HPOS="1097"
                    VPOS="1480"
                    WIDTH="46"
                    HEIGHT="55"
                    WC="0.999960740407308"></String>
          </TextLine>
        </TextBlock>
        <TextBlock HPOS="1103.0"
                   VPOS="1762.0"
                   WIDTH="168.0"
                   HEIGHT="58.0"
                   ID="eSc_textblock_417f3984"
                   TAGREFS="BT100009">
          <Shape><Polygon POINTS="1103 1762 1103 1820 1271 1820 1271 1762"/></Shape>
          <TextLine ID="eSc_line_1a6c2623"
                    TAGREFS="LT8"
                    BASELINE="1107 1796 1137 1796 1261 1798" 
                    HPOS="1104"
                    VPOS="1741"
                    WIDTH="156"
                    HEIGHT="107">
            <Shape><Polygon POINTS="1106 1794 1104 1848 1167 1845 1169 1845 1171 1845 1182 1835 1208 1819 1256 1819 1260 1796 1256 1741 1202 1763 1106 1753 1106 1794"/></Shape>
	    <String CONTENT="Amos. 6."
                    HPOS="1104"
                    VPOS="1741"
                    WIDTH="156"
                    HEIGHT="107"
                    WC="0.9621769860386848"></String>
          </TextLine>
        </TextBlock>
      </PrintSpace>
    </Page>
  </Layout>
</alto>
