1431 2338
165 276 168 64 L.mortuo.

167.0 328.0 164.0 60.0 22. D. de

167.0 376.0 151.0 65.0 fideicom.

343 132 48 33 92

343 142 1010 84 Nous voyons donc ici deux rees, le Roy &

343 208 1013 80 Iſrael, qui par conſequent ſont obligez l’vn

343 276 1011 70 pour l’autre, & vn ſeul pour le tout. Par ainſi,

343.0 329.0 1013.0 68.0 comme quand Caius & Titius ont promis

343.0 387.0 1013.0 76.0 enſemble payer à Seius creancier ſtipulant cer

340.0 449.0 1019.0 69.0 taine & meſme ſomme, chaſcun d’eux eſt obli¬

341.0 506.0 1017.0 82.0 gé pour ſoy & pour ſon compagnon, & la

347 568 1011 76 peut-on demander entierement auquel des

345.0 625.0 1013.0 72.0 deux lon voudra: auſsi le Roy ſeul, & Iſrael à

348.0 689.0 1011.0 74.0 par ſoy, eſt tenu de bien prendre garde que

343.0 749.0 1017.0 70.0 l’Egliſe ne reçoiue aucun dommage. Si l’vn

341.0 804.0 1013.0 70.0 ou l’autre n’en tient conte, Dieu peut deman¬

345.0 868.0 1015.0 69.0 der le tout auquel des deux il luy plaira, & en¬

347.0 931.0 1015.0 71.0 cores plus du peuple que du Roy, en ce que

349.0 985.0 1013.0 73.0 pluſieurs ne s’eſcoulent pas ſi aiſément & ont

348.0 1048.0 1011.0 72.0 mieux dequoy payer qu’vn ſeul. Item, comme

345.0 1105.0 1018.0 70.0 de deux hommes redeuables, ſur tout au fiſque

353.0 1166.0 1010.0 74.0 public, l’vn eſt tellement lié pour l’autre qu’il

347.0 1220.0 1013.0 78.0 ne peut s’aider du benefice de diuiſiõ octroyé

344.0 1280.0 1014.0 72.0 par la nouuelle cõſtitution de Iuſtinian: ſem¬

345.0 1343.0 1014.0 74.0 blablement puis que le Roy & Ifrael promet¬

345.0 1404.0 1013.0 74.0 tent de payer tribut à Dieu qui eſt le Roy des

344.0 1462.0 1016.0 74.0 Rois: l’vn y eſt obligé pour l’autre. Et comme

343.0 1526.0 1013.0 69.0 deux rees en promeſſe, ſur tout és contracts,

343.0 1583.0 1016.0 73.0 dont l’obligation met les promettans en coul¬

352 1638 1006 78 pe, telle qu’eſt ceſte ci: la coulpe de l’vn nuiſt à

354.0 1705.0 1001.0 66.0 l’autre: tellemẽt que ſi Iſrael abandonne Dieu,

356.0 1759.0 1003.0 75.0 & le Roy n’en fait ſemblant, il eſt coulpable

352.0 1813.0 1001.0 72.0 de la reuolte d’Iſrael. Semblablemẽt, ſi le Roy

352.0 1882.0 1007.0 70.0 prend parti auec les dieux eſtranges, & non

349.0 1936.0 1007.0 90.0 contẽt d’y adherer, y attire auſſi ſes ſuiets, s’ef¬

167.0 475.0 156.0 69.0 L ſi non

167 524 164 72 ſinguli.C.

167 578 166 66 ſi cert, pet.

168.0 629.0 146.0 56.0 l.penult.

171.0 674.0 163.0 58.0 D. de duo.

172.0 727.0 158.0 61.0 reis. 2. &

174.0 778.0 154.0 57.0 3.S.1.D.

172.0 824.0 137.0 57.0 eodem.

664.0 88.0 331.0 61.0 SECONDE

179.0 1100.0 125.0 61.0 L. cum

178.0 1150.0 157.0 70.0 poſſ.D. de

178.0 1202.0 154.0 65.0 cenſib. &

176.0 1252.0 142.0 55.0 ibi Do¬

180.0 1300.0 125.0 67.0 ctores.

183 1656 134 52 I. cum

183.0 1698.0 158.0 65.0 apparebit

184.0 1750.0 153.0 54.0 D.locati.

181.0 1793.0 163.0 64.0 I. ſi diuiſa.

181.0 1847.0 162.0 76.0 C.eodem.

1173.0 2001.0 186.0 78.0 forçant
