1436 2338
175 206 165 70 Exod.20

184.0 272.0 47.0 52.0 25.

344.0 79.0 65.0 75.0 88

174 322 159 52 Deut.27

177 368 39 56 5.

348 138 1015 88 ceſte opinion que l’Egliſe ne doit eſtre defen¬

348 212 1015 74 due par les armes. Ils diſent dõc que non ſans

348.0 264.0 1010.0 88.0 grand myſtere Dieu auoit defendu en ſa Loy

348.0 321.0 1012.0 92.0 de polir l’autel auec ferrement. Item, qu’au ba

348.0 383.0 1010.0 86.0 ſtiment du temple de Salomon, lon n’enten¬

348.0 442.0 1006.0 84.0 dit aucun bruit de ſcie ni de marteau de fer:

350 498 980 86 dont ils recueillent que l’Egliſe, qui eſt le tem

340.0 568.0 1010.0 74.0 ple vif du Seigneur, ne doit point eſtre refor¬

336.0 627.0 1016.0 75.0 mee par armes. Voire, comme ſi les pierres de

335.0 685.0 1015.0 81.0 l’autel & du temple auoyent eſté coupees &

333.0 745.0 1014.0 77.0 tirees ſans inſtrument de fer hors de leurs per

335.0 802.0 1013.0 79.0 rieres, ce que le texte de l’Eſcriture eſclaircit

333.0 863.0 1013.0 78.0 aſſez. Mais ſi nous oppoſons à ceſte belle alle¬

335.0 923.0 1011.0 82.0 gorie ce qui eſt eſcrit au quatrieſme chapitre

328.0 983.0 1014.0 82.0 du liure de Nehemie, qu’vne partie du peuple

328.0 1046.0 1010.0 73.0 portoit le mortier, l’autre portoit les armes:

324.0 1101.0 1008.0 82.0 & quelques vns tenoyent d’vne main l’eſpee,

323.0 1163.0 1012.0 77.0 & de l’autre portoyent des materiaux aux ou¬

323.0 1220.0 1011.0 84.0 uriers pour rebaſtir le Temple, afin d’empe¬

322.0 1284.0 1011.0 73.0 ſcher par tel moyen que les ennemis ne trou¬

322.0 1337.0 1010.0 82.0 blaſſent l’œuure. Ils ne vouloyent pas baſtir à

322.0 1401.0 1010.0 78.0 coups d’eſpee, mais ils vouloyent empeſcher

322.0 1462.0 1010.0 75.0 auec les armes la ruine de leur ouurage. Nous

322.0 1517.0 1006.0 80.0 diſons auſsi que l’Egliſe ne s’auance ni ne s’e¬

323.0 1579.0 1003.0 78.0 difie point par les armes materielles, mais que

326.0 1639.0 1000.0 79.0 par icelles armes elle eſt garantie de la violẽce

322.0 1696.0 1002.0 75.0 des ennemis qui ne peuuent ſouffrir qu’elle ſe

320.0 1757.0 1002.0 78.0 auance. Brief qu’il y a eu vn nombre infini de

319.0 1814.0 998.0 79.0 bons Rois & Princes, comme les hiſtoires en

319.0 1875.0 998.0 83.0 font foy, qui par les armes ont maintenu le

314.0 1935.0 741.0 89.0 ſeruice de Dieu contre les Payens.

174 418 158 63 1.Rois 6.

180 465 37 79 7.

692.0 89.0 307.0 64.0 SECONDE

1204.0 2004.0 94.0 91.0 ON
