1412 2338
308.0 91.0 101.0 64.0 200

320 146 1023 80 ficiers de l’Eſtat par fraudes & calomnies: fait

320.0 213.0 1023.0 74.0 courir des bruits qu’ils ont conſpiré contre

318.0 272.0 1021.0 74.0 luy, afin d’auoir plus de pretexte de les racler

320.0 331.0 1019.0 72.0 du monde, teſmoins Tibere, Maximin & au¬

316.0 392.0 1018.0 74.0 tres, & n’eſpargne pas meſmes ſes freres, cou¬

316.0 452.0 1020.0 70.0 ſins & autres parens. Au contraire, le Roy ne

314.0 514.0 1016.0 67.0 reconoit pas ſeulement ſes freres pour pro¬

313.0 567.0 1021.0 70.0 chains & comme aſſociez: mais auſsi tient

315.0 628.0 1019.0 73.0 pour freres tous les principaux Officiers du

314.0 688.0 1014.0 70.0 Royaume, & n’a point honte de confeſſer que

313.0 744.0 1017.0 75.0 c’eſt d’eux qu’il a la couronne. Le tyran eſleue

309.0 805.0 1019.0 71.0 des vilains & gens inconus par deſſus & con¬

307.0 862.0 1020.0 71.0 tre la nobleſſe: afin que ces beliſtres tenãs tout

305.0 922.0 1019.0 78.0 de luy le flattent & ſe ployent à toutes ſes paſ¬

305.0 983.0 1017.0 75.0 ſions: le Roy tient chaſcun en ſon degré, re¬

303.0 1041.0 1019.0 77.0 ſpecte & cherit les grands Seigneurs, comme

300.0 1101.0 1022.0 77.0 amis du Royaume, deſirant leur bien autant

303.0 1166.0 1015.0 70.0 que le ſien propre. Le tyran hait & tient pour

297.0 1220.0 1021.0 76.0 ſuſpects les hommes ſauans & ſages, faiſant

294.0 1279.0 1023.0 77.0 tout ſon poſsible pour abolir la vraye Science

293.0 1340.0 1022.0 75.0 & conſciences: puis eſtimant que ſa ſeureté

293.0 1398.0 1021.0 74.0 conſiſte en la corruption & en l’abaſtardiſſe¬

290.0 1458.0 1016.0 72.0 ment de tous Eſtats, il introduit les tauernes,

290.0 1517.0 1018.0 75.0 les brelans, les bordeaux, les farces, comme fit

293.0 1579.0 1016.0 71.0 Cyrus pour domter les Sardiens: au contraire

288.0 1637.0 1016.0 73.0 le bon Roy attire les gens de bien de toutes

290.0 1698.0 1014.0 68.0 parts, & les y contraint, & pour en conſeruer

289.0 1754.0 1007.0 74.0 le nombre, il dreſſe les eſcoles & vniuerſitez,

288.0 1817.0 1007.0 70.0 entretenant par tout les pepinieres de vertu.

288 1866 1006 80 Le tyran fait tous ſes efforts de fuir ou d’abo¬

284 1924 1010 102 lir toutes aſſemblees publiques, redoute l’aſ¬

637.0 95.0 437.0 68.0 TROISIESME

115.0 1782.0 152.0 70.0 Machia¬

114.0 1836.0 161.0 59.0 uel au liu.

109 1882 150 74 du Prin¬

110.0 1943.0 57.0 57.0 ce.

1176.0 1997.0 115.0 81.0 ſem¬
