1440 2338
115 188 1031 52 comme roy, au ſien du deigneur con Dieujumii

116 210 1027 91 que tu faces iugement & iuſtice. Semblable¬

113 266 1021 100 ment nous liſons en vn autre endroit que Sa¬

116 332 1025 81 lomon a eſté aſſis au throne du Seigneur, ou

119 396 1025 83 au throne du royaume du Seigneur. Auec meſ

119 465 1009 77 me laiton ie peuple ele counours appellé peu¬

120 514 1013 88 ple & heritage du Seigneur: & le Roy gouuer¬

118 565 1019 95 neur de ceſt heritage, & conducteur du peuple

116 625 1018 88 de Dieu: qui eſt le titre donné nommément à

120 691 1015 84 Dauid, à Salomon, à Ezechias, & aux autres

123 746 1011 87 bons Princes. Quant auſſi l’alliance ſe paſſe

120 810 1017 90 entre Dieu & le Roy, c’eſt à condition que le

122 868 1017 92 peuple ſoit & demeure touſiours peuple de

128 925 998 90 Dieu: pour monſtrer que Dieu ne ſe deſpouil¬

123 987 1016 91 Ie point de ſa proprieté & poſſeſſion, quand il

127 1055 1019 77 baille aux rois le gouuernemẽt du peuple, ains

127 1115 1021 83 les eſtablit pour en auoir la charge & le bien

128 1175 1022 79 entretenir: ne plus ne moins que celuy qui

127 1240 1023 71 choiſit vn berger pour garder ſes troupeaux

131 1292 1019 73 demeure neantmoins touſiours maiſtre d’i¬

129 1348 1014 82 ceux. Cela a eſté bien conu des bons rois, Da¬

128 1404 1017 84 uid, Salomon, Ioſaphat, & autres, qui reconoit

128 1472 1016 82 ſoyent que Dieu eſtoit le Seigneur des royau¬

129 1532 1022 79 mes & nations, & ne laiſſoyent pas de regner:

131 1588 1023 84 meſmes ils regnoyent tant plus heureuſement

132 1650 1020 78 qu’ils s’employoyent alaigrement au ſeruice

131 1706 1017 86 de Dieu. Nebuchadneſar, quoy qu’il fuſt Payẽ,

129 1771 1022 78 & puiſſant Empereur, a finalement reconu ce¬

131 1828 1016 82 la: car comme Daniel l’appellaſt Roy des rois,

129.0 1888.0 1019.0 81.0 auquel le Roy des cieux auoit donné vne puiſ¬

131.0 1957.0 1019.0 84.0 ſance & gloire royale ſur tous autres: mais au

457.0 113.0 385.0 54.0 QV Bo I.oin.

1087.0 80.0 60.0 68.0 21

1145 241 141 88 1. Chron¬

1154 319 88 62 29.23

1147 432 152 64 1.Sam.9.

1144 503 159 46 16,& 10.

1144 541 34 49 I.

1145 578 158 70 2Sam.6.

1149 639 43 48 21

1144 674 123 59 2. Rois

1147 737 78 43 2O.5

1146 776 152 60 2.Chron.

1143 822 141 60 1.9, &c.

1147 872 150 57 2.Rois 11

1147 913 150 78 2.Chron.

1151 976 86 57 33.16

1155 1387 142 85 2.Chron.

1152 1452 85 56 20.6

872.0 2010.0 119.0 79.0 B.iij.
