1440 2338
155 255 170 87 Aimoinus

159.0 342.0 160.0 46.0 ais j. tims

159.0 374.0 141.0 75.0 chap.26.

322.0 89.0 87.0 69.0 116

323 151 1023 80 & ſeruiteurs de la maiſon du Roy, rompt ſon

321 215 1024 72 baſton & dit, noſtre maiſtre eſt mort, que

329 266 1013 88 chaſcun ſe pouruoye. D’autre coſté le Royau¬

329.0 329.0 1015.0 74.0 me a ſes officiers, ceſt aſauoir le Maire du pa¬

329 387 1011 80 lais, qui depuis a eſté appellé Conneſtable, les

318.0 452.0 1025.0 77.0 Mareſchaux, l’Amiral, le Chancellier ou grand

319.0 511.0 1022.0 70.0 Referendaire, les Secretaires, Threſoriers &

317.0 576.0 1022.0 70.0 autres, leſquels autresfois eſtoyent creez en

318.0 629.0 1014.0 76.0 I’aſſemblee des trois Eſtats du Clergé, de la

319.0 692.0 1020.0 71.0 Nobleſſe & du peuple. Depuis que le Parle¬

315.0 752.0 1023.0 71.0 ment de Paris a eſté fait ſedentaire, ils ne ſont

315.0 810.0 1022.0 78.0 eſtimez eſtablis en charge qu’au preallable ils

314.0 871.0 1019.0 74.0 n’ayent eſté receus & aprouuez du Parlement,

315.0 933.0 1019.0 71.0 & ne peuuent eſtre deſmis que du conſente¬

313.0 989.0 1021.0 73.0 ment & authorité d’iceluy. Or tous ces Offi¬

313.0 1049.0 1021.0 77.0 ciers là preſtent ſerment au Royaume, c’eſt à

311.0 1111.0 1021.0 74.0 dire à tout le peuple, premierement: puis au

308.0 1172.0 1026.0 74.0 Roy, qui eſt le protecteur du Royaume, ce qui

306.0 1232.0 1024.0 69.0 aparoit par le formulaire du ſerment. Sur

310.0 1287.0 1016.0 78.0 tout, le Conneſtable, receuant l’eſpee du Roy

311.0 1350.0 1013.0 73.0 (comme il conſte par les paroles que le Roy

317.0 1413.0 1008.0 71.0 prononce) ceint ceſte eſpee pour maintenir &

318.0 1463.0 1008.0 85.0 defendre la Republique. Outreplus, le Royau¬

324.0 1530.0 1005.0 67.0 me de France a ſes Pairs (ainſi nommez, ou

317 1583 1006 80 pource qu’ils ſont compagnons du Roy, ou

315 1640 1004 88 pource qu’ils ſont peres de la Republique) à

315 1700 1004 84 l’eſgard des Prouinces du Royaume, entre les

308.0 1769.0 1008.0 74.0 mains deſquels le Roy preſte ſerment le iour

305.0 1824.0 1011.0 77.0 de ſon ſacre, comme ſi tout le peuple du Roy¬

304.0 1888.0 1011.0 70.0 aume eſtoit là preſent: ce qui monſtre que ces

304.0 1944.0 1011.0 84.0 douze Pairs ſont par deſſus le Roy. Eux d’au¬

601.0 101.0 445.0 60.0 TROISTESMA

152.0 1441.0 154.0 77.0 S. filius fa

145.0 1498.0 166.0 65.0 mil. Inſtit.

145.0 1550.0 168.0 63.0 quib.mod.

142 1593 171 66 ius patriæ.

144 1646 169 62 pot. ſolui¬

146.0 1705.0 71.0 53.0 tur.

1235.0 2018.0 82.0 68.0 tre
