1436 2343
95 158 1005 81 Dieu qu’au Roy. Car s’il obeit au Roy à cauſe

96 222 1002 73 & pour l’amour de Dieu, certainement ceſte

97 285 1003 71 obeiſſance ne doit pas eſtre vne conſpiration

93 339 1005 74 contre Dieu. Mais l’Apoſtre veut couper bro¬

96 402 1008 70 che à toute ambiguité, en adiouſtant que le

97 460 1001 73 Prince eſt ſeruiteur de Dieu pour noſtre bien,

96 518 1008 75 aſauoir pour faire iuſtice. De cela s’enſuit ce

101 580 1003 76 que nous venons de toucher, c’eſt qu’il appert

97 637 1007 78 aſſez qu’il faut pluſtoſt obeir à Dieu qu’au ſer¬

101 697 1004 74 uiteur d’iceluy. Encores cela ne contente pas

100 754 1005 76 S. Paul: car il adiouſte pour la fin, Rẽdez le tri¬

101 818 1005 74 but, l’honneur, & la crainte à qui ils apartie¬

101 877 1004 70 nent: comme s’il diſoit ce qui fut allegué par

101 927 1002 82 Ieſus Chriſt, Rendez à Ceſar ce qui eſt à Ce¬

101 995 1004 74 ſar, & à Dieu ce qui eſt à Dieu. A Ceſar, tribut

101 1056 1012 66 & honneur: à Dieu crainte. S. Pierre dit le meſ

101 1107 1004 84 me, Craignez Dieu, honorez le Roy. Serui¬

101 1176 1006 70 teurs obeiſſez à vos maiſtres, non ſeulemẽt aux

102 1236 1011 73 bons & humains, mais auſſi aux rigoureux. Il

102 1295 1009 74 faut pratiquer ces preceptes ſelõ l’ordre qu’ils

101 1356 1009 70 ſont propoſez: aſauoir que cõme les ſeruiteurs

102 1413 1007 70 ne ſont tenus d’obeir à leurs maiſtres, s’ils com

102 1474 1009 69 mandent quelque choſe contre la volonté de

105 1532 1004 71 Dieu: les ſuiets pareillemẽt ne doyuent obeiſ¬

101 1590 1009 77 ſance aux Rois qui leur veulent faire outrepaſ¬

105 1653 436 71 ſer la Loy de Dieu.

387 114 383 48 QV EDTIOR.

1044 93 40 78 43

1109 909 160 86 Matt22.

1114 989 52 45 21.

1119 1099 135 88 1.Pier2.

1121 1159 102 59 81L1

166 1716 945 60 CERTAINS garnemens obiectent, Qu’es

101 1770 1012 67 choſes meſmes qui concernent la conſcience

104 1830 1015 67 il faut obeir aux Rois, & ſont effrõtez iuſques

104 1892 1018 70 là de produire pour teſmoins d’vne opinion ſi

104 1951 1018 70 meſchãte les Apoſtres, Sainct Pierre & Sainct

105 2008 1010 88 Paul. Concluans de cela qu’il faut acquieſcer

1121 1710 137 76 1. Obie¬

1119 1768 96 77 ction.
