1421 2338
335.0 93.0 67.0 69.0 86

332 161 1022 76 ram, extermina la race d’Achab, racla tous les

335.0 224.0 1019.0 78.0 preſtres de Baal? Ceux là eſtoyent-ils pas par¬

335.0 285.0 1018.0 73.0 ticuliers? Ie reſpon, que ſi on les conſidere en

332.0 349.0 1021.0 70.0 eux-meſmes, on les pourroit nommer particu¬

329.0 405.0 1024.0 75.0 liers, dautant qu’ils n’auoyent point de voca¬

331.0 465.0 1021.0 71.0 tion ordinaire. Mais puis que nous ſauons

335.0 520.0 1015.0 78.0 qu’ils ont eſté extraordinairement appellez, &

332.0 578.0 1017.0 79.0 que Dieu luy meſme leur a (s’il faut ainſi par¬

331.0 640.0 1019.0 76.0 ler) mis ſon eſpee en la main, tant s’en faut que

324.0 701.0 1021.0 74.0 nous les eſtimions particuliers ou perſonnes

328.0 762.0 1017.0 71.0 priuees, que meſmes nous les eſleuerons beau¬

324.0 820.0 1019.0 74.0 coup plus que les Magiſtrats ordinaires en

326.0 881.0 1017.0 73.0 quelque degré qu’ils puiſſent eſtre. La voca¬

323.0 940.0 1020.0 71.0 tion de Moyſe eſt aprouuee par l’expreſſe Pa¬

320.0 994.0 1021.0 76.0 role de Dieu & par miracles treſeuidens. Il eſt

320.0 1050.0 1020.0 82.0 dit de Ehuh que Dieu l’a ſuſcité pour tuer le

318.0 1114.0 1022.0 78.0 tyran & deliurer Iſrael. Quant à Iehu, il fut

320.0 1176.0 1015.0 67.0 oinct par le commandement du Prophete E¬

315.0 1232.0 1021.0 70.0 lizee, afin d’exterminer la race d’Achab, outre

314.0 1296.0 1021.0 75.0 ce que les principaux le ſaluerent Roy, auant

316.0 1352.0 1015.0 75.0 qu’il executaſt aucune choſe. On en peut au¬

313.0 1414.0 1017.0 73.0 tant dire de tous autres dont les exemples

310.0 1469.0 1021.0 77.0 ſont propoſez en l’Eſcriture ſaincte. Mais

309.0 1528.0 1017.0 77.0 dautant que Dieu ne parle point de ſa bou¬

307.0 1591.0 1019.0 72.0 che, ni extraordinairement par des Prophe¬

307.0 1650.0 1017.0 73.0 tes, c’eſt en ceci que nous deuons eſtre bien

305.0 1708.0 1015.0 74.0 retenus & ſur nos gardes. Car ſi quelqu’vn

302.0 1762.0 1016.0 78.0 penſant eſtre inſpiré du ſainct Eſprit, s’attri¬

301.0 1824.0 1018.0 76.0 bue l’autorité ſuſmentionnee, ie le prie de ſe

298.0 1880.0 1016.0 93.0 bien ſonder & voir s’il n’eſt point enflé d’ar¬

691.0 109.0 312.0 60.0 SECONDE

1097.0 1961.0 208.0 71.0 rogance,
