1421 2338
101 153 994 92 ge le fond de terre eſtoit ſterile & cultiué par

167 210 64 31 1

97 224 1001 66 le reſte des Chananeens: mais Salomon ayant

101.0 284.0 999.0 67.0 reprins le tout des mains de Hiram les bail¬

93.0 342.0 1007.0 71.0 la pour habiter & cultiuer à des Iſraelites. Ne

97.0 423.0 1000.0 52.0 iert non plus d’alleguer qu'en quelques Roy ¬

98.0 462.0 1002.0 73.0 aumes le Roy & le peuple ne traitent pas ceſt

97.0 522.0 996.0 75.0 accord en termes expres. Car, poſé le cas que

97.0 578.0 992.0 68.0 on n’en face aucune mention, il appert tou¬

97.0 631.0 992.0 84.0 tesfois par le droit naturel, que les Rois ne

99.0 695.0 990.0 80.0 ſont pas ordonnez ruineurs ains gouuer¬

97.0 757.0 991.0 78.0 neurs des Republiques, qu’ils ne peuuent par

96.0 819.0 988.0 74.0 conuentions quelconques alterer le droit pu¬

97.0 868.0 992.0 94.0 blic, & quoy qu’ils ſoyent Seigneurs, ne peu¬

99.0 942.0 990.0 75.0 uent toutesfois eſtre en autre rang que ſont

99.0 989.0 990.0 84.0 les tuteurs qui ont charge de pupilles: & que

106.0 1053.0 992.0 73.0 lõ n’eſtime pas ſeigneur celuy qui priue l’eſtat

101.0 1109.0 992.0 75.0 de ſa liberté, & le vẽd cõme ſi c’eſtoit vn eſcla

99.0 1167.0 996.0 89.0 ue. On ne peut auſſi alleguer qu’il y a quelques

99.0 1231.0 996.0 80.0 Royaumes acquis par les Rois meſmes, dau¬

99.0 1291.0 996.0 82.0 tant qu’ils n’acquierent rien par leurs forces

101.0 1354.0 992.0 68.0 ou richeſſes, ains auec les mains & moyens du

99.0 1406.0 996.0 80.0 public: & n’y a rien plus raiſonnable que de di¬

99.0 1465.0 996.0 81.0 re que les choſes acquiſes des deniers & dan¬

109.0 1527.0 986.0 76.0 gers de tout le public ne doyuent point eſtre

99.0 1585.0 996.0 78.0 alienees, ſinon par le conſentement des Eſtats

102.0 1648.0 992.0 76.0 qui repreſentent le public. C’eſt vn droit

103.0 1702.0 992.0 82.0 qui a vigueur & eſt pratiqué meſmes entre

99.0 1763.0 996.0 76.0 les larrons & voleurs. Qui fait autrement, i

101.0 1824.0 1003.0 73.0 diſſipe la ſocieté humaine. Et pourtant enco¬

102.0 1887.0 1002.0 74.0 res que les François ayent occupé par armes

100.0 1943.0 1002.0 92.0 l'Empire d’Alemagne & la Gaule, toutesfois

417.0 105.0 372.0 66.0 QVESTION.

1011.0 113.0 80.0 64.0 179

1102.0 546.0 165.0 65.0 L.2. 5.ius

1103 600 115 64 reipub.

1103 646 160 65 D. de ad¬

1105 707 163 54 miniſt.rer.

1103.0 746.0 144.0 62.0 ad ciuit.

1105.0 794.0 121.0 69.0 pert.L.

1103.0 851.0 148.0 53.0 tutor 27.

1103 882 165 82 D. de ad

1103 946 144 63 min. tu¬

1103.0 1001.0 64.0 51.0 tor.

1107.0 1088.0 160.0 77.0 L. ſi fun¬

1109.0 1147.0 142.0 60.0 dum.5.ſi

1109 1198 142 62 tutor. D.

1111 1244 136 71 depoſiti.

1109 1295 159 66 & expreſ¬

1109.0 1350.0 144.0 62.0 ſius Ex¬

1109.0 1396.0 124.0 57.0 trauag.

1109 1441 146 57 de re iu¬

1109 1488 142 58 dicata, c.

1111 1533 159 64 intellecto.

1111.0 1582.0 129.0 64.0 L.2. &

1109.0 1632.0 161.0 63.0 paßim, C.

1109.0 1681.0 163.0 58.0 de interd.

1109 1735 165 69 com. re ar

1111 1780 111 72 lienat.

858.0 2005.0 121.0 81.0 M.ij.
