1412 2338
347.0 103.0 97.0 60.0 202

348 161 1005 77 ſe quelconque, eſt acompagné de gardes com¬

349 227 1004 71 poſees d’eſtrangers ou de gens de ſac & de

346.0 281.0 1008.0 81.0 corde, donne gages du public à des eſpions &

349.0 350.0 1003.0 68.0 rapporteurs qui vont courans ça & là par les

352.0 420.0 1000.0 55.0 prouinces. Au contraire, le Roy ſe maintient

356.0 467.0 993.0 66.0 plus contre ſes ennemis à l’aide de la bien¬

356 516 993 78 vueillance du peuple que par la force des mu¬

356 584 993 74 railles, eſtime auoir autant de gardes qu’il a de

349.0 641.0 1001.0 70.0 ſuiets, penſe aux moyens de n’eſtre contraint

348.0 701.0 1002.0 71.0 d’auoir gens autour de ſa perſonne pluſtoſt

352.0 761.0 996.0 68.0 qu’autrement, baſtit des fortereſſes pour bri¬

346.0 820.0 1003.0 73.0 der les ennemis, non pas le peuple, ſur lequel

346.0 880.0 1002.0 72.0 il ſe repoſc. Voila qui fait que ſi le tyran a vn

344.0 939.0 1004.0 71.0 million de garde-corps & de ſatellites pour

345.0 998.0 1002.0 67.0 eſcarter la foule de gens, iceux ne chaſſent pas

343 1054 1002 70 pourtant la peur, la desfiance, & les grands

344.0 1118.0 999.0 69.0 troubles de la conſcience mal aſſeuree: & quoy

348.0 1176.0 1000.0 70.0 qu’il fortifie ſa citadelle, ſi eſt-ce que le tyran

345.0 1241.0 1000.0 68.0 des tyrans, aſauoir la peur s’empare de la gran

342.0 1296.0 998.0 67.0 de fortereſſe des tyrans, aſauoir de l’ame, & y

340.0 1356.0 1003.0 71.0 tient continuelle garniſon. Si le Roy ſe trou¬

353.0 1414.0 986.0 64.0 ue parmi vne groſſe tourbe de peuple il n’eſt

349.0 1465.0 990.0 72.0 pourtant troublé, ni plein de ſolicitude en ſa

347.0 1529.0 992.0 66.0 ſolitude: car ſa conſcience l’aſſeure, & eſtant

341.0 1587.0 996.0 78.0 acompagné du peuple, il ſe pourmeine hardi¬

335.0 1657.0 1005.0 65.0 ment par les rues, places & lieux les plus han¬

336.0 1713.0 1005.0 70.0 tez. S’il n’y a point de diſſenſions ciuiles, le ty¬

332.0 1771.0 1005.0 72.0 ran fait la guerre hors du pays, fortifie des pla

331.0 1831.0 1004.0 67.0 ces à la façon de Pharao & de Polycrates, qui

331.0 1887.0 1004.0 71.0 ne vouloyent laiſſer en repos les Iuifs & Sa¬

331.0 1950.0 1004.0 78.0 miens, ains les empeſcher par tel moyen de

179 469 162 78 Liudib2

177 533 142 65 Dionyſ.

179 584 164 62 Halic.lib.

181 633 35 97 5.

693.0 107.0 437.0 59.0 TROISTESME

177 1052 148 66 Prouerb.

180.0 1106.0 110.0 70.0 14.28.

171 1385 168 85 Bartol au

170.0 1466.0 149.0 56.0 traité de

167.0 1510.0 152.0 66.0 la tyran¬

170.0 1566.0 71.0 74.0 nie.

1221.0 2013.0 115.0 74.0 pen¬
