1431 2338
311.0 93.0 78.0 68.0 150

310.0 148.0 1014.0 76.0 me qui ſe change de iour en iour, d’heure en

311.0 215.0 1013.0 69.0 heure, & de moment en moment, brief qui

309.0 272.0 1012.0 72.0 mille fois en vn iour ſecouë le mords de la rai¬

309.0 331.0 1014.0 74.0 ſon ſelon les diuerſes paſsions qui le tranſpor¬

309.0 393.0 1012.0 68.0 tent. Y a-il eſperance ou vtilité, tant grande la

309.0 452.0 1008.0 64.0 puiſſe-on imaginer, qui ſuffiſe pour contre¬

308.0 515.0 1006.0 68.0 balancer ceſte peur, ce peril & ce dommage?

309.0 568.0 1005.0 72.0 Concluons donc que les Rois ne peuuent ti¬

302.0 631.0 1009.0 71.0 rer le glaiue ſinon contre les coulpables con¬

305.0 688.0 632.0 70.0 damnez par la voix de la loy.

619.0 95.0 435.0 60.0 TROISIESME

132.0 910.0 147.0 57.0 dre ceux

132.0 972.0 163.0 47.0 que m lay

132.0 744.0 170.0 78.0 Afauoir ſi

370 748 940 70 MAIS puis que la cauſe de la vie eſt vne

130.0 810.0 137.0 66.0 le Roy

309 800 1001 78 choſe fauorable, parauanture on demandera ſi

134.0 853.0 162.0 70.0 peut abſou

313.0 861.0 993.0 81.0 le Roy ne peut pas au moins abſoudre ceux

311.0 928.0 995.0 69.0 que la loy condamne? Ie di que non. Autre¬

134.0 1007.0 158.0 78.0 condãne.

309 980 995 75 ment ceſte miſericorde cruelle entretiendroit

297.0 1043.0 1006.0 75.0 les voleurs, brigands, aſſaſsins, rauiſſeurs, em¬

295.0 1105.0 1009.0 74.0 poiſonneurs, magiciens & autres peſtes du

295.0 1167.0 1007.0 72.0 genre humain, comme ont fait les tyrans en

288.0 1226.0 1011.0 70.0 maints lieux, & nous en voyons qui le font en¬

285.0 1285.0 1016.0 68.0 cores auiour d’huy. Et pourtant le ſeul bien de

285.0 1343.0 1013.0 72.0 la loy enfrainte ſeroit la retraite de toutes ſor

285.0 1405.0 1013.0 69.0 tes de meſchans. Celuy qui a receu des loix le

287.0 1463.0 1010.0 73.0 glaiue pour chaſtier le peché, armeroit le pe¬

283.0 1522.0 1010.0 69.0 ché contre les loix, & introduiroit en la ber¬

285.0 1580.0 1009.0 73.0 gerie le loup qu’il en doit chaſſer. Mais pour¬

284.0 1640.0 1013.0 74.0 ce que par fois il peut auenir des choſes, eſquel

283.0 1697.0 1006.0 74.0 les la loy muette a beſoin d’vne loy parlante,

284.0 1756.0 1005.0 75.0 & faut que le Roy eſclairciſſe l’intention de la

284.0 1818.0 1005.0 69.0 loy, aſauoir quand quel qu’vn a failli pluſtoſt

284.0 1880.0 1004.0 67.0 contre les mots que contre le ſens d’icelle: de

287.0 1936.0 998.0 91.0 peur qu’en prenant le cas (qui s’efforce lors) à

1167.0 2004.0 113.0 78.0 la ri¬
