1417 2338
335.0 97.0 84.0 74.0 198

341 155 1013 78 tes pratiques, de le rendre hereditaire. Com¬

341 226 1017 70 me il n’y en a que trop d’exẽples. Ceux-là ſont

339.0 281.0 1022.0 74.0 pires que les premiers, veu que la fraude doit

343.0 344.0 1013.0 63.0 touſiours eſtre plus deteſtee que la violence.

337.0 397.0 1019.0 72.0 Auſſi y en a-il d’autres qui par vne meſchance¬

340.0 461.0 1017.0 71.0 té horrible enuahiſſent leur propre patrie, &

339.0 520.0 1018.0 63.0 à l’imitation des viperes, rongent les entrail¬

340.0 578.0 1013.0 66.0 les de celle qui leur a donné la vie: cõme ſont

339.0 640.0 1016.0 67.0 les chefs d’armees creez par le peuple, leſquels

338.0 701.0 1016.0 66.0 puis apres auec leurs forces ſe rendent mai¬

336.0 755.0 1018.0 71.0 ſtres de l’Eſtat, cõme Ceſar à Rome ſous pre¬

338.0 814.0 1019.0 70.0 texte de la Dictature, & pluſieurs Princes d’I¬

335.0 874.0 1018.0 71.0 talie. Dauantage, il y a des femmes qui ſe four¬

335.0 937.0 1017.0 67.0 rent au gouuernement des Royaumes que les

336.0 994.0 1016.0 68.0 loix du pays deferent aux maſles ſeulement, &

338.0 1052.0 1012.0 68.0 s’en font Roines & maiſtreſſes, comme Atha¬

338.0 1109.0 1014.0 71.0 lia fit de Iuda: Semiramis, d’Aſſyrie: Agrippi¬

339.0 1171.0 1013.0 70.0 ne, de l’Empire Romain du temps de ſon fils

343.0 1235.0 1005.0 63.0 Neron: Mammea, ſous Alexandre Seuere: Se¬

336.0 1293.0 1016.0 66.0 miamire, ſous Heliogabale: & quelques Brune

336.0 1349.0 1014.0 69.0 childes du Royaume de Frãce. Ces Roines fai

335.0 1411.0 1011.0 68.0 ſoyẽt tellemẽt nourrir les fils durãt le bas aage,

336.0 1469.0 1012.0 71.0 qu’eſtãs deuenus grãds ils ne ſe ſoucioyent que

338.0 1533.0 1008.0 60.0 de ſe veautrer en voluptez:tellement que tou¬

336.0 1587.0 1009.0 63.0 te l’aut horité demeuroit és mains de ces Roi¬

338.0 1650.0 1008.0 60.0 nes meres ou de leurs mignons, ſeruiteurs &

335.0 1706.0 1010.0 68.0 officiers. Ceux-là auſſi ſonttyrãs ſans titre, qui

335.0 1765.0 1010.0 67.0 abuſans de la fetardiſe, beſtiſe, & diſſolution

335.0 1826.0 1005.0 69.0 des Rois autrement legitimes, leſques ils eny¬

335.0 1883.0 1006.0 67.0 urent de delices & paillardiſes (comme ſous les

335.0 1945.0 1004.0 89.0 Rois de France, ſpecialement ſous les Mero¬

649.0 103.0 440.0 56.0 TROISIESME

1214.0 2008.0 115.0 80.0 uin¬
