1450 2338
337.0 100.0 102.0 70.0 140

354.0 188.0 1020.0 54.0 contraire, qu’iiny a rien plus loyal que de re¬

350.0 228.0 1024.0 74.0 primer ſa conuoitiſe par le bien des loix. C’eſt

349.0 289.0 1020.0 73.0 grãd pitié de ne pouuoir faire ce que lon veut:

348.0 346.0 1022.0 76.0 mais c’eſt beaucoup plus grand mal de vouloir

346.0 409.0 1022.0 70.0 ce qu’on ne doit vouloir: & c’eſt le malheur

348.0 462.0 1020.0 77.0 des malheurs de faire ce que les loix defendẽt.

346.0 524.0 1024.0 73.0 I’oy, ce m’eſt auis, vn certain Durionius, Tri¬

346.0 580.0 1023.0 79.0 bun du peuple, s’oppoſant à la loy faite contre

344.0 645.0 1026.0 74.0 les exces qui auoyent la vogue à Rome, & di¬

345.0 703.0 1025.0 72.0 ſant, Meſſieurs, on vous a bridez, vous eſtes

345.0 763.0 1021.0 72.0 liez &garrottez du rude cordeau de ſeruitude.

350.0 822.0 1018.0 74.0 C’eſt fait de voſtre liberté, puis qu’eſtes a¬

346.0 883.0 1023.0 71.0 ſtraints à vne loy qui vous commande d’eſtre

345.0 946.0 1024.0 69.0 moderez. A quel propos, d’alleguer que nous

346.0 1004.0 1023.0 67.0 ſommes libres, s’il ne nous eſt pas permis de

348.0 1058.0 1018.0 74.0 viure diſſoluement & à noſtre plaiſir? C’eſt la

345.0 1119.0 1014.0 73.0 complainte de pluſieurs Rois d’auiourd’huy,

346.0 1179.0 1022.0 73.0 & de leurs mignons & flatteurs. La Maieſté

346.0 1240.0 1019.0 70.0 Royale eſt morte, ſi lon ne nous laiſſe renuer¬

343.0 1296.0 1025.0 74.0 ſer le Royaume de fond en comble. C’eſt fait

345.0 1358.0 1023.0 72.0 des Rois ſi lon obſerue les loix. A l’auanture

348.0 1417.0 1016.0 68.0 eſt-ce choſe miſerable de viure, s’il n’eſt per¬

345.0 1476.0 1019.0 69.0 mis à celuy qui aura le cerueau troublé de ſe

345.0 1539.0 1017.0 63.0 faire mourir incontinent. Car que font autre

345.0 1595.0 1015.0 72.0 choſe les Rois qui violent les loix, ſans leſquel¬

345.0 1654.0 1015.0 73.0 les les Empires, & les ſocietez des brigands

345.0 1718.0 1014.0 65.0 meſmes n’ont iamais peu ſubſiſter? Reiettons

344.0 1772.0 1013.0 71.0 donc les deteſtables mẽſonges de ces iangleurs

346.0 1835.0 1011.0 69.0 de Cour, qui appellent les Rois dieux, & tie¬

346 1897 1011 78 nent leurs paroles pour autant d’oracles: qui

695.0 105.0 437.0 68.0 TROISIESME

1296.0 1961.0 57.0 73.0 pis
