1431 2338
51 146 1016 77 liance entre Dieu & les Rois de Iuda, qu’au¬

57 213 1011 72 paratant entre Dieu & le peuple du temps de

55 270 1009 71 Ioſue & des Iuges. Mais nous voyons en plu¬

53.0 335.0 1014.0 66.0 ſieurs endroits, que quand le peuple a meſpri¬

51.0 388.0 1012.0 73.0 ſé la Loy, ou fait alliance auec Baal, Dieu les

52.0 446.0 1004.0 68.0 a liurez entre les mains d’Eglon, Iabin & au¬

50.0 504.0 1012.0 68.0 tres rois de Chanaan. Et comme c’eſt vne

51.0 568.0 1003.0 71.0 meſme alliance, auſſi ceux qui l’enfraignent

50.0 623.0 1002.0 74.0 reçoyuent ſemblable chaſtiment. Saul eſt ſi

50.0 683.0 1004.0 71.0 audacieux de ſacrifier, contreuenant à la Loy

50.0 748.0 1004.0 70.0 de Dieu: & toſt apres ſauue la vie à Agag roy

54.0 811.0 1005.0 64.0 des Amalecites, contre l’expres mandement

54.0 866.0 1002.0 71.0 du Seigneur. Pour ceſte cauſe il eſt appellé re¬

53.0 926.0 1003.0 70.0 belle par Samuel, & finalement eſt chaſtié de

54.0 983.0 1002.0 70.0 ſa rebellion. Tu as ſacrifié, luy dit-il: mais il

57.0 1046.0 997.0 60.0 valoit mieux obeir à Dieu, car obeiſſance vaut

57.0 1107.0 999.0 69.0 mieux que ſacrifice. Tu as reietté le Seigneur

55.0 1166.0 1004.0 69.0 ton Dieu:luy auſſi t’a reietté, à ce que tu ne re¬

59.0 1226.0 1001.0 68.0 gnes plus ſur Iſrael. Cela a eſté tellement

54.0 1285.0 1007.0 69.0 maintenu du Seigneur, que les enfans de Saul

59.0 1345.0 1001.0 68.0 meſme ont eſté priuez du fief paternel, com¬

57.0 1404.0 1010.0 70.0 me luy ayant commis crime de leſe maieſté &

61.0 1465.0 1011.0 62.0 encouru la punition des tyrans qui affectent

63.0 1527.0 1010.0 68.0 vn royaume qui ne leur appartient pas. Et

59.0 1583.0 1014.0 66.0 non ſeulement les rois, mais auſſi leurs enfans

59.0 1641.0 1018.0 63.0 & ſucceſſeurs ont eſté priuez du royaume à

58.0 1693.0 1012.0 74.0 cauſe de telle felonnie. Salomon ſe reuolte de

66.0 1755.0 1008.0 74.0 Dieu pour ſeruir aux idoles. Incontinent le

62.0 1818.0 1010.0 73.0 Prophete Ahia predit que le royaume ſera di¬

64.0 1879.0 1009.0 65.0 uiſé ſous ſon fils Roboam. Finalement la pa¬

62.0 1940.0 1011.0 83.0 role du Seigneur eſt acomplie, & dix lignees

395.0 103.0 354.0 52.0 VESTTON.

995.0 88.0 57.0 70.0 29

1064 436 129 88 Iuges 2.

1070 504 146 62 24, & 4.

1077 558 140 64 &c. &

1064 614 78 44 9.33.

1064 646 154 59 1.Sam.13.

1058 695 139 74 13.& 15.

1064 748 55 81 26.

1085 1704 141 70 1. Rois n.

1080 1755 39 76 33
