1412 2338
355.0 81.0 58.0 77.0 74

686.0 95.0 320.0 66.0 SECONDE

333.0 148.0 1010.0 79.0 Dieu qui eſt le Roy des Rois? Que les bour¬

337.0 215.0 1006.0 72.0 geois & citoyens des villes, Que les Magi¬

333.0 276.0 1006.0 68.0 ſtrats & gouuerneurs du peuple de Dieu de¬

333.0 332.0 1011.0 71.0 meurant és villes conſiderent ici qu’ils ont

332.0 390.0 1012.0 72.0 traité deux alliances & fait deux ſermens. La

333.0 453.0 1011.0 70.0 premiere & la plus anciene auec Dieu, à qui

333.0 511.0 1010.0 70.0 Ie peuple a iuré d’eſtre ſon peuple: la ſeconde

332.0 570.0 1009.0 71.0 & prochaine enſuiuante auec le Roy, à qui

333.0 631.0 1002.0 71.0 le peuple a promis obeiſſance comme à celuy

333.0 691.0 1003.0 68.0 qui eſt gouuerneur & conducteur du peuple

331 744 999 76 de Dieu. Ainſi donc, comme ſi vn Viceroy

331 804 1002 70 coniurant contre ſon ſouuerain, encores que

331 861 999 74 il euſt receu vne treſgrande autorité, s’il nous

333.0 929.0 1002.0 74.0 ſommoit de luy liurer le Roy qu’il tiendroit

331 980 1004 72 aſsiegé dans l’enclos de nos murailles, il ne

331 1036 1002 76 faudroit pas luy obeir, ains luy reſiſter par

324.0 1107.0 1008.0 65.0 tous moyens ſelon la teneur de noſtre ſer¬

320.0 1162.0 1011.0 66.0 ment de fidelité: ſemblablement, eſtimons

323.0 1223.0 1007.0 68.0 que c’eſt vne meſchanceté du tout deteſta¬

322.0 1278.0 1006.0 76.0 ble, ſſi à l’appetit d’vn Prince, qui eſt vaſ¬

319.0 1339.0 1009.0 66.0 ſal & ſeruiteur de Dieu, nous chaſſons

319.0 1398.0 1008.0 71.0 Dieu habitant au milieu de nous, ou le li¬

320.0 1465.0 1007.0 70.0 urons, entant qu’en nous eſt, és mains de

323.0 1520.0 288.0 71.0 ſes ennemis.

157.0 752.0 170.0 79.0 10. Collat

157.0 812.0 164.0 58.0 de forma

157.0 863.0 156.0 68.0 fidei. &

381.0 1578.0 942.0 71.0 VOVS direz, peut-eſtre, Que les villes

316.0 1641.0 1002.0 69.0 apartienent au Prince. Et moy, ie reſpon,

318.0 1698.0 1005.0 68.0 que les villes ne conſiſtent point en monceau

316.0 1759.0 1003.0 69.0 de pierres, ains en ce que nous appellons

322.0 1818.0 992.0 80.0 peuple: Que le peuple eſt peuple de Dieu,

1158.0 1876.0 163.0 86.0 auquel

159.0 911.0 161.0 57.0 c.1. de no¬

158.0 978.0 153.0 40.0 nu jiuer.

155.0 1010.0 103.0 66.0 form.
