1445 2343
337.0 83.0 79.0 71.0 24

333.0 149.0 1013.0 81.0 l’enſeigne de l’autorité royale, afin que par le

331.0 213.0 1015.0 78.0 moyen de ce glaiue ils maintienent la Loy de

329.0 269.0 1015.0 75.0 Dieu, conſeruent les bons, exterminent les

328.0 333.0 1015.0 78.0 meſchans: tout ainſi que nous voyons que par

328.0 387.0 1015.0 82.0 l’eſpee, le bouclier & l’eſtandart, celuy qui eſt

324.0 450.0 1015.0 77.0 Seigneur ſouuerain met ſes vaſſaux en poſſeſ¬

325.0 506.0 1011.0 81.0 ſion du fief, à la charge de combatre pour luy

320.0 571.0 1016.0 74.0 auec les meſmes armes, quand beſoin ſera. Or

320.0 630.0 1015.0 72.0 ſi nous conſiderons que c’eſt de vaſſaux, nous

320.0 692.0 1013.0 73.0 trouuerõs que ce qui peut eſtre dit d’eux con¬

316.0 745.0 1015.0 77.0 uient proprement aux rois. Le vaſſal reçoit le

315.0 805.0 1015.0 78.0 fief de ſon ſeigneur auec droit de iuſtice &

315.0 865.0 1011.0 82.0 charge d’aller en guerre. Le Roy eſt eſtabli par

313.0 928.0 1012.0 75.0 le Seigneur Dieu Roy des rois, afin de iuger

315.0 990.0 1010.0 74.0 ſon peuple & le conſeruer contre tous enne¬

315.0 1049.0 1010.0 74.0 mis. Le vaſſal reçoit loy & conditions de ſon

313.0 1105.0 1009.0 74.0 ſouuerain, Dieu commande au Roy d’obſer¬

308.0 1167.0 1013.0 72.0 uer ſes loix & les auoir touſiours deuant ſes

309.0 1228.0 1011.0 72.0 yeux, promettant que luy & ſes ſucceſſeurs

305.0 1287.0 1013.0 74.0 poſſederont longuement le royaume s’ils ſont

302.0 1348.0 1012.0 72.0 obeiſſans, au contraire que leur regne ne ſera

303.0 1405.0 1007.0 71.0 pas de duree s’ils ſont rebelles au Roy ſouue¬

299.0 1465.0 1011.0 73.0 rain. Le vaſſal s’oblige par ſerment à ſon Sei¬

303.0 1524.0 1004.0 74.0 gneur, & iure qu’il ſera fidele & obeiſſant.

302 1581 1004 76 Semblablement le Roy promet ſolennelle¬

296 1644 1011 70 ment de commander ſelon le contenu de la

295 1698 1009 78 Loy de Dieu. Bref, le vaſſal perd le fief s’il

295 1763 1006 73 commet felonnie, & ſelon le droit perd ſoy¬

294 1821 1006 75 meſme tous ſes priuileges. Au cas ſemblable

289 1880 1010 79 le Roy perd de droit, & quelquesfois auſſi de

287 1939 1005 88 fait, ſon royaume, s’il meſpriſe Dieu, s’il com¬

674.0 98.0 360.0 58.0 PREMIERE

151.0 1010.0 147.0 84.0 1. Sam.8

149.0 1079.0 141.0 78.0 & 920

130 1571 159 82 Deut.17.

138 1628 47 96 19

1137.0 2011.0 154.0 80.0 plotte
