1436 2338
92 153 1000 83 plotte auec les ennemis d’iceluy, & s’il com¬

87 223 1008 71 met felonnie contre Dieu. Cela apparoiſtra

90 276 1004 79 plus clairement par la conſideration de l’al¬

85 337 1009 76 liance qui ſe cõtractoit entre Dieu & le Roy:

88 396 1011 75 car Dieu faiſoit ceſt honneur à ſes ſeruiteurs

88 455 1010 77 de les appeller ſes confederez. Or nous liſons

88 516 1011 72 deux ſortes d’alliance au ſacre des Rois: la pre¬

85 578 1010 75 miere entre Dieu, le Roy & le peuple, à ce que

85 633 1015 81 le peuple fuſt peuple de Dieu: la ſeconde en¬

85 696 1017 76 tre le Roy & le peuple, aſauoir que le peuple

85 758 1014 73 obeiroit fidelement au Roy qui commande¬

84 818 1016 73 roit iuſtement. Nous traiterons ci apres de

85 876 1009 77 ceſte ſeconde, parlons maintenant de la pre¬

87 946 166 63 miere.

397 111 374 48 Qy ns Pi OR.

144 1001 949 68 QVAND le Roy Ioas fut couronné, nous

83 1048 1002 74 liſons qu’alliance fut contractee entre Dieu,

84 1113 998 76 le Roy & le peuple: ou, comme il eſt dit en vn

84 1174 1003 67 autre endroit, entre Ioiada ſouuerain Sacrifi¬

83 1229 1006 84 cateur, tout le peuple & le Roy, à ce que Dieu

79 1287 1006 74 fuſt leur Seigneur. De meſme liſons nous que

83 1354 1000 66 Ioſias & tout ſon peuple firent alliance auec

81 1415 1009 70 Dieu. Nous recueillons de ces teſmoignages

84 1476 1007 69 qu’en paſſant telles alliances le ſouuerain Sa¬

81 1532 1013 73 crificateur ſtipuloit au nom de Dieu, en ter¬

81 1592 1014 78 mes expres, Que le Roy & le peuple donne¬

80 1657 1016 67 royent ordre que Dieu ſeroit ſerui purement

81 1711 1011 72 & ſelon ſa volonté en tout le royaume de Iu¬

80 1769 1014 76 da: Que le Roy regneroit tellement, qu’il laiſ¬

79 1828 1013 74 ſeroit le peuple ſeruir à Dieu, & le contien¬

80 1889 1014 73 droit en l’obeiſſance d’iceluy: Que le peuple

80 1954 1007 76 obeiroit tellement au Roy, que ce ſeroit pour

1028 103 53 64 25

1104 976 146 91 Alliance

1098 1052 90 52 entre

1098 1104 145 55 Dieu &

1094 1148 132 62 les rois.

1104 1235 154 56 2.Rois II.

1100 1278 154 66 2.Chron.

1099 1332 119 59 23.16.

1096 1378 167 70 2.Rois 23
