1407 2338
348.0 66.0 86.0 76.0 188

177 311 156 70 Sleid.liu.

179 364 117 68 1& 2.

348.0 135.0 1012.0 84.0 tous les Eſtats, n’engagera rien de ce qui apar

345.0 200.0 1015.0 75.0 tient à l’Empire, & autres choſes qui ſont re¬

344.0 259.0 1013.0 78.0 citees par le menu par les hiſtoriens. Lors que

346 311 1010 86 l’Empereur eſt couronné à Aix, l’Archeueſ¬

346 374 1008 83 que de Cologne luy demande en premier lieu,

341.0 436.0 1015.0 80.0 S’il maintiendra pas l’Egliſe, s’il promet pas de

340.0 496.0 1012.0 75.0 adminiſtrer iuſtice, cõſeruer l’Empire, main¬

337.0 558.0 1015.0 75.0 tenir les vefues, orphelins, & autres perſonnes

339.0 615.0 1014.0 79.0 dignes de compaſsion? Apres auoir fait ceſte

337.0 675.0 1015.0 77.0 promeſſe ſolennelle deuant l’autel, les Princes

335.0 736.0 1013.0 78.0 & ceux qui repreſentent l’Empire ſont enquis

335.0 796.0 1014.0 74.0 s’ils veulent pas luy promettre le meſme. Au re

332.0 853.0 1016.0 79.0 ſte, l’Empereur n’eſt pas ſacré, ni ne reçoit l’e¬

331.0 917.0 1016.0 74.0 ſpee ni autres ornemens de l’Empire, que pre¬

331.0 971.0 1018.0 77.0 allablement il n’y ait fait ce ſerment. Dont il

331.0 1031.0 1011.0 79.0 s’enſuit que l’Empereur eſt obligé purement,

331.0 1092.0 1013.0 74.0 & les Princes de l’Empire ſous condition.

335.0 1152.0 1009.0 76.0 Quiconque aura ouy parler des ceremonies

329.0 1211.0 1014.0 73.0 obſeruees depuis peu de temps en l’election

329.0 1272.0 1013.0 73.0 & couronnement de Henri Duc d’Anjou, co¬

326.0 1331.0 1014.0 75.0 noiſtra que le meſme eſt pratiqué au Royau¬

326.0 1391.0 1013.0 74.0 me de Pologne: & ſpecialement lors que la

323.0 1453.0 1015.0 65.0 condition de maintenir les deux religions

324.0 1508.0 1014.0 68.0 Reformee & Romaine fut miſe en auant, &

326.0 1571.0 1005.0 72.0 qu’en termes expres les Seigneurs du Royau¬

324.0 1630.0 1011.0 71.0 me luy en demanderent par trois fois promeſ¬

322.0 1685.0 1010.0 77.0 ſe ſolennelle, laquelle il fit auſsi par trois fois.

323 1745 1006 72 Le meſme s’obſerue és Royaumes de Bohe¬

323 1809 1007 69 me, Hongrie, & autres: ce que nous ne deſcri¬

323 1869 890 74 uons par le menu, afin d’euiter prolixité.

650.0 81.0 431.0 72.0 TROISIESME

383.0 1926.0 947.0 85.0 OR ceſte ſtipulation entreuient non ſeule¬

1195.0 1992.0 136.0 75.0 ment
