1445 2338
320.0 94.0 80.0 74.0 132

315 136 1027 88 tel que les autres peuples en ont. Là eſt touché

318.0 200.0 1026.0 85.0 le premier & principal poinct de la charge du

319.0 274.0 1024.0 71.0 Roy. Vn peu apres, tous les deux ſont ſpeci¬

320.0 320.0 1021.0 80.0 fiez. Nous aurons, diſent-ils, ſur nous vn Roy

320.0 381.0 1026.0 81.0 comme les autres nations. Noſtre Roy nous

322.0 442.0 1024.0 77.0 iugera, il ſortira deuant nous & menera nos

323.0 500.0 1023.0 76.0 armees. Faire iuſtice eſt touſiours mis en pre¬

323.0 561.0 1023.0 70.0 mier lieu, dautant que c’eſt vne choſe ordinai¬

326.0 618.0 1021.0 76.0 re & perpetuelle: mais la guerre n’eſt ſinon ex¬

328.0 680.0 1020.0 75.0 traordinaire, & en cas, ainſi qu’on parle. A cau

327.0 735.0 1021.0 80.0 ſe dequoy Ariſtote, dit que du temps des He¬

335.0 792.0 1008.0 78.0 ros tous les Rois eſtoyent iuges & capitaines.

337.0 858.0 1013.0 73.0 Quant aux Rois des Lacedemoniens ils n’a¬

333.0 918.0 1013.0 71.0 uoyent autorité ſouueraine ſinon en l’armee,

331.0 972.0 1016.0 78.0 encore eſtoit-ce moyennant la ſcytale, où e¬

331.0 1035.0 1015.0 75.0 ſtoit contenu le mandement des Ephores.

331.0 1092.0 1020.0 73.0 Semblablement, comme les Medes par vne li¬

331.0 1153.0 1020.0 77.0 cence effrenee fuſſent en perpetuelles querel¬

335.0 1213.0 1015.0 72.0 les les vns contre les autres, finalement ils eſ¬

336.0 1272.0 1016.0 78.0 leurent pour iuge vn nommé Deioces, lequel

339.0 1332.0 1012.0 77.0 auparauant s’eſtoit bien porté en quelques

339.0 1393.0 1015.0 73.0 arbitrages particuliers: toſt apres ils le cree¬

335.0 1450.0 1019.0 74.0 rent Roy, & luy baillerent des archers & ſa¬

341.0 1508.0 1011.0 77.0 tellites, afin qu’il peuſt aiſément reprimer

341.0 1570.0 1013.0 76.0 les plus puiſſans. Ciceron dit qu’ancienement

341.0 1627.0 1013.0 79.0 tous les Rois auoyent eſté eſtablis pour admi¬

341.0 1684.0 1013.0 79.0 niſtrer iuſtice, & que leur inſtitution & celle

341.0 1747.0 1011.0 77.0 des loix auoit vn meſme eſgard, aſauoir que le

343.0 1802.0 1009.0 82.0 droit fuſt eſgalement rendu à tous: ce qui ſe

343.0 1865.0 1011.0 78.0 peut verifier par la proprieté des mots, preſ¬

346 1922 1006 89 ques en toutes langues. Les Rois ſont appel¬

589.0 90.0 450.0 63.0 TROISTESME

171 781 152 78 Es Polu

174.0 842.0 150.0 72.0 3.li.ch.11

174.0 1409.0 153.0 73.0 Herodot.

175.0 1472.0 105.0 65.0 lib.1.

1279.0 1980.0 76.0 61.0 lez
