1440 2338
81.0 153.0 1017.0 71.0 apres, afin de pouuoir reprimer ceux qui vou¬

85.0 196.0 1013.0 90.0 droyent faire teſte à iuſtice, on l’eſlit Roy, a¬

83.0 261.0 1014.0 83.0 uec authorité ſuffiſante. Il demande des gar¬

79.0 313.0 1023.0 88.0 des, puis le Chaſteau d’Ecbatane eſt baſti à ſa

81.0 376.0 1021.0 86.0 ſollicitation pour le garantir des embuſches

81.0 433.0 1022.0 86.0 & machinations des rebelles. Cela fait il ne

81.0 493.0 1021.0 90.0 penſe ſinon à ſe venger des moindres deſplai¬

80.0 555.0 1022.0 85.0 ſirs qu’on luy auoit faits. Finalement, perſon¬

80.0 618.0 1027.0 80.0 ne n’oſe regarder ce Roy au viſage, ni rire, ni

83.0 672.0 1021.0 85.0 cracher en ſa preſence à peine de rude chaſti¬

84.0 729.0 1024.0 89.0 ment. Tant c’eſt choſe perilleuſe de bailler

85.0 792.0 1026.0 84.0 trop grande licence à vn homme qui ne ſe peut

84.0 852.0 1028.0 83.0 retenir, comme la pluſpart des hommes ſont

87.0 914.0 1024.0 84.0 de ce naturell Ainſi donc Samuel ne veut pas

88.0 967.0 1025.0 90.0 dire au paſſage ſus allegué que la puiſſance du

88.0 1031.0 1025.0 82.0 Roy ſoit abſolue: au contraire il procure que

90.0 1087.0 1026.0 88.0 Ie peuple ſache qu’il y a bien grand danger de

89.0 1146.0 1027.0 86.0 attribuer trop de puiſſance, à la volonté deſre¬

97.0 1206.0 1020.0 90.0 glee d’vn homme. Il n’exagere point la puiſ¬

90.0 1270.0 1031.0 82.0 ſance Royale, ains veut qu’elle ſoit retenue en

93.0 1327.0 1025.0 82.0 deuoir: il n’ottroye point vne licence effrenee

93.0 1389.0 1025.0 82.0 au Roy, ains pluſtoſt conſeille couuertement

100.0 1443.0 1020.0 87.0 qu’on le retiene en bride. Il ſemble que la ha¬

96.0 1509.0 1025.0 79.0 rangue de Samuel ait grandement ſerui aux Iſ¬

94.0 1561.0 1027.0 89.0 raelites, attendu qu’ils ont moderé la puiſſan¬

97.0 1626.0 1025.0 80.0 ce de leurs Rois: ce que toutes nations deue¬

98.0 1684.0 1024.0 86.0 nues ſages ou à leurs deſpens ou aux deſpens

98.0 1748.0 1023.0 76.0 & à l’exemple d’autruy, ont bien executé,

101.0 1804.0 1019.0 89.0 comme il ſe verra par les diſcours qui s’en¬

101 1876 192 77 ſuiuent.

348.0 85.0 386.0 70.0 QVESTION.

1024.0 66.0 74.0 91.0 183

836.0 1922.0 158.0 84.0 M. iiij.
