1440 2338
72 135 1013 79 temens, le deſir qu’auez touſiours monſtré de

71 201 1012 75 procurer vne bonne paix, & tant de voyages

72.0 259.0 1019.0 74.0 qu’auez faits pour y paruenir, monſtrent clai¬

66.0 311.0 1017.0 82.0 rement que vous aprouuez par effect ces prin¬

68.0 377.0 1018.0 75.0 cipes. C’eſt donc raiſon, puis que ces arreſts

66.0 440.0 1019.0 69.0 monſtrent le vray remede, que finalemẽt vous

68.0 496.0 1015.0 76.0 ioigniez toutes vos forces pour apporter les

70.0 557.0 1012.0 72.0 mains & guerir les diſcords de ce temps, & les

67.0 615.0 1016.0 70.0 maux qui en ſont iſſus. Certainement Dieu

67.0 675.0 1015.0 69.0 tout puiſſant & tout bon vous a donné tant de

64.0 731.0 1018.0 75.0 ſageſſe & bon conſeil, a ſuſcité entre vous tant

67.0 792.0 1014.0 76.0 de bons chefs de guerre, & iuſques à preſent

70.0 855.0 1010.0 75.0 vous a enuironnez de la faueur de tant de na¬

70 909 1009 80 tions, qu’il a oppoſé voſtre conſtance aux ru¬

68.0 972.0 1014.0 69.0 ſes des Machiauelliſtes de noſtre temps, vo¬

70.0 1032.0 1012.0 70.0 ſtre force à l’audace de nos Geans, la vertu de

70.0 1091.0 1011.0 71.0 voſtre noble famille & nation à la ſtupidité

64.0 1153.0 1016.0 67.0 de ce ſiecle, parmi tant de troubles qui ont a¬

66.0 1209.0 1014.0 75.0 gité l’eſtat, les afaires, les Prouinces & les plus

67.0 1269.0 1014.0 74.0 grands de la France. Vous donc, ſuiuant les

63.0 1332.0 1017.0 69.0 principes de ces Queſtiõs, auez prins en main

64.0 1389.0 1010.0 72.0 la defenſe du bon droit de quelques François,

63.0 1445.0 1017.0 69.0 auez pour ceſt effect amaſſé & amené vos for¬

62.0 1508.0 1019.0 70.0 ces. Or ces Queſtions monſtrent que non ſeu¬

59.0 1567.0 1022.0 70.0 lement vous auez eu droit pour pouuoir faire

58.0 1624.0 1022.0 74.0 cela, mais auſſi que vous y eſtiez & eſtes tenus.

64.0 1685.0 1018.0 72.0 Quant à nous, de bonne affectiõ nous prions

59.0 1745.0 1022.0 72.0 Dieu qu’il vous maintiene, & eſperons qu’a¬

59.0 1805.0 1023.0 70.0 pres auoir eſté honorez de tant d’entrepriſes

57.0 1861.0 1024.0 66.0 & victoires Chreſtienes, vous ferez eſtablir

58.0 1926.0 1022.0 79.0 quelque iour vne ferme paix, pour employer

393.0 75.0 353.0 63.0 PREFACE.

1030 85 51 70 13
