1450 2338
353 102 77 60 42

354 146 1010 81 tes choſes ſont en ſa puiſſance. I’ay reſpon¬

357 211 1013 74 du à cela, que s’il me demandoit le mien, c’eſt

357 274 1005 74 adire mon heritage, mon argent, ie ne luy re¬

356 333 1010 73 fuſerois nullemẽt ce droit là, encores que tout

356 397 1009 69 mon bien apartiene proprement aux pauures:

357 449 1012 74 mais que les choſes diuines ne ſont point aſ¬

356 505 1010 80 ſuietties à la puiſſance de l’Empereur. Que

359 568 1011 81 penlons nous que ce ſainct perſonnage euſt

357 628 1015 73 reſpondu, ſi on luy euſt demandé ſauoir mon

356 684 1014 78 s’il faut aſſeruir aux idoles le temple vif du Sei¬

358 744 1011 82 gneur? Ces exemples, & la conſtance d’vn mil¬

358 806 1015 77 lion de Martyrs, qui ont mieux aimé mourir

366 865 1007 77 qu’obeir, ſelon que les hiſtoires, qui en ſont

363 924 1010 83 pleines, le monſtrent, pourroy ent ſeruir d’vne

366 989 405 76 loy bien expreſſe.

662 87 365 71 PREMIERE

420 1041 954 78 MAIS encores n’auons nous pas faute de

365 1104 1008 79 loy formellement eſcrite. Car toutes & quan¬

365 1161 1012 79 tesfois que les Apoſtres admonneſtent les

366 1217 1009 80 Chreſtiens d’obeir aux Rois & Magiſtrats, ils

366 1283 1011 75 exhortent premierement, & comme par fait

366 1366 1011 49 d’auis, vn chaſcũ de s’aſſuſettir au preallabie à

365 1397 1009 81 Dieu, & luy obeir premier qu’à nul autre: ſans

366 1459 1012 77 qu’on puiſſe trouuer en leurs eſcrits vn ſeul

363 1514 1014 83 trait de ceſte obeiſſance deſreglee que les flat¬

363 1579 1015 78 teurs des Princes exigẽt des gens de petit ſens.

374 1630 1003 76 Toute ame, dit S. Paul, ſoit ſuiette aux puiſſan¬

362 1693 1013 82 ces ſuperieures: car il n’y a nulle puiſſance ſinõ

362 1753 1016 81 de par Dieu. Il fait mention de toute ame, afin

365 1815 1013 81 que lon ne penſe qu’il vueille exempter aucun

366 1868 1007 80 de ceſte ſuiettion. On pouuoit aſſez recueillir

366 1924 1011 115 de telles paroles, qu’il faut pluſtoſt obeir à

196 1628 166 107 Rom.131.

1251 1989 131 78 Dieu.
