<?xml version="1.0" encoding="UTF-8"?>
<alto xmlns:xsi="http://www.w3.org/2001/XMLSchema-instance"
      xmlns="http://www.loc.gov/standards/alto/ns-v4#"
      xsi:schemaLocation="http://www.loc.gov/standards/alto/ns-v4# http://www.loc.gov/standards/alto/v4/alto-4-2.xsd">
  <Description>
    <MeasurementUnit>pixel</MeasurementUnit>
    <sourceImageInformation>
      <fileName>page_00142.png</fileName>
    </sourceImageInformation>
  </Description>
  <Tags>
    <OtherTag ID="BT7" LABEL="CustomZone" DESCRIPTION="block type CustomZone"/><OtherTag ID="BT8" LABEL="DamageZone" DESCRIPTION="block type DamageZone"/><OtherTag ID="BT9" LABEL="DigitizationArtefactZone" DESCRIPTION="block type DigitizationArtefactZone"/><OtherTag ID="BT10" LABEL="DropCapitalZone" DESCRIPTION="block type DropCapitalZone"/><OtherTag ID="BT11" LABEL="GraphicZone" DESCRIPTION="block type GraphicZone"/><OtherTag ID="BT12" LABEL="MainZone" DESCRIPTION="block type MainZone"/><OtherTag ID="BT13" LABEL="MarginTextZone" DESCRIPTION="block type MarginTextZone"/><OtherTag ID="BT14" LABEL="MusicZone" DESCRIPTION="block type MusicZone"/><OtherTag ID="BT15" LABEL="NumberingZone" DESCRIPTION="block type NumberingZone"/><OtherTag ID="BT17" LABEL="QuireMarksZone" DESCRIPTION="block type QuireMarksZone"/><OtherTag ID="BT18" LABEL="RunningTitleZone" DESCRIPTION="block type RunningTitleZone"/><OtherTag ID="BT19" LABEL="SealZone" DESCRIPTION="block type SealZone"/><OtherTag ID="BT20" LABEL="StampZone" DESCRIPTION="block type StampZone"/><OtherTag ID="BT21" LABEL="TableZone" DESCRIPTION="block type TableZone"/><OtherTag ID="BT22" LABEL="TitlePageZone" DESCRIPTION="block type TitlePageZone"/><OtherTag ID="BT100001" LABEL="MainZone-Head" DESCRIPTION="block type MainZone-Head"/><OtherTag ID="BT100011" LABEL="MainZone-Entry" DESCRIPTION="block type MainZone-Entry"/><OtherTag ID="BT100005" LABEL="MainZone-P" DESCRIPTION="block type MainZone-P"/><OtherTag ID="BT100008" LABEL="MainZone-Sp" DESCRIPTION="block type MainZone-Sp"/><OtherTag ID="BT100006" LABEL="MainZone-Continued" DESCRIPTION="block type MainZone-Continued"/><OtherTag ID="BT100009" LABEL="MarginTextZone-Notes" DESCRIPTION="block type MarginTextZone-Notes"/><OtherTag ID="BT100007" LABEL="MarginTextZone-ManuscriptAddendum" DESCRIPTION="block type MarginTextZone-ManuscriptAddendum"/><OtherTag ID="BT100013" LABEL="StampZone-Sticker" DESCRIPTION="block type StampZone-Sticker"/><OtherTag ID="BT100014" LABEL="MainZone-ListItem" DESCRIPTION="block type MainZone-ListItem"/>
    <OtherTag ID="LT7" LABEL="CustomLine" DESCRIPTION="line type CustomLine"/><OtherTag ID="LT8" LABEL="DefaultLine" DESCRIPTION="line type DefaultLine"/><OtherTag ID="LT9" LABEL="DropCapitalLine" DESCRIPTION="line type DropCapitalLine"/><OtherTag ID="LT10" LABEL="HeadingLine" DESCRIPTION="line type HeadingLine"/><OtherTag ID="LT11" LABEL="InterlinearLine" DESCRIPTION="line type InterlinearLine"/><OtherTag ID="LT12" LABEL="MusicLine" DESCRIPTION="line type MusicLine"/><OtherTag ID="LT747" LABEL="default" DESCRIPTION="line type default"/>
  </Tags>
  <Layout>
    <Page WIDTH="1440"
          HEIGHT="2338"
          PHYSICAL_IMG_NR="141"
          ID="eSc_dummypage_">
      <PrintSpace HPOS="0"
                  VPOS="0"
                  WIDTH="1440"
                  HEIGHT="2338">
        <TextBlock HPOS="335.0"
                   VPOS="87.0"
                   WIDTH="103.0"
                   HEIGHT="65.0"
                   ID="block_0"
                   TAGREFS="BT15">
          <Shape><Polygon POINTS="438 87 438 152 335 152 335 87"/></Shape>
          <TextLine ID="line_0"
                    TAGREFS="LT8"
                    BASELINE="339 128 437 125" 
                    HPOS="337"
                    VPOS="71"
                    WIDTH="100"
                    HEIGHT="86">
            <Shape><Polygon POINTS="339 128 339 148 384 157 385 157 437 153 437 125 434 71 393 72 392 72 391 72 382 80 370 89 337 89 339 128"/></Shape>
	    <String CONTENT="142"
                    HPOS="337"
                    VPOS="71"
                    WIDTH="100"
                    HEIGHT="86"
                    WC="0.9998538295427958"></String>
          </TextLine>
        </TextBlock>
        <TextBlock HPOS="334.0"
                   VPOS="148.0"
                   WIDTH="1030.0"
                   HEIGHT="595.0"
                   ID="block_2"
                   TAGREFS="BT100006">
          <Shape><Polygon POINTS="1364 148 1362 729 334 743 335 393 335 159"/></Shape>
          <TextLine ID="line_8"
                    TAGREFS="LT8"
                    BASELINE="342 191 1357 188" 
                    HPOS="339"
                    VPOS="148"
                    WIDTH="1017"
                    HEIGHT="62">
            <Shape><Polygon POINTS="1235 148 339 157 341 210 1354 208 1356 187 1352 151 1235 148"/></Shape>
	    <String CONTENT="drons que rien ne doit eſtre loiſible ſinon ce"
                    HPOS="339"
                    VPOS="148"
                    WIDTH="1017"
                    HEIGHT="62"
                    WC="0.9955987632274628"></String>
          </TextLine>
          <TextLine ID="line_9"
                    TAGREFS="LT8"
                    BASELINE="337 253 1356 248" 
                    HPOS="336"
                    VPOS="205"
                    WIDTH="1020"
                    HEIGHT="69">
            <Shape><Polygon POINTS="337 253 337 268 344 274 345 274 347 274 348 274 404 266 408 266 427 266 622 272 623 272 625 272 626 272 634 267 639 264 674 267 743 272 744 272 783 267 809 264 825 268 843 272 844 272 846 272 922 268 1016 263 1076 268 1099 271 1100 271 1115 270 1161 262 1354 270 1356 248 1354 216 1320 216 1304 205 1303 205 1302 205 1300 205 1098 218 1038 218 1011 206 1009 206 960 206 959 206 957 206 956 206 944 214 927 206 926 206 860 206 859 206 765 218 681 209 679 209 678 209 653 219 584 220 539 220 518 209 517 209 515 209 514 209 497 216 484 209 483 209 482 209 428 209 427 209 426 209 402 220 336 220 337 253"/></Shape>
	    <String CONTENT="que les loix permettent. Et reiettans ceſte de¬"
                    HPOS="336"
                    VPOS="205"
                    WIDTH="1020"
                    HEIGHT="69"
                    WC="0.9867772421938308"></String>
          </TextLine>
          <TextLine ID="line_10"
                    TAGREFS="LT8"
                    BASELINE="336 313 1356 307" 
                    HPOS="335"
                    VPOS="262"
                    WIDTH="1021"
                    HEIGHT="73">
            <Shape><Polygon POINTS="336 313 336 324 366 333 367 333 369 335 414 335 414 333 415 333 417 333 428 326 523 333 525 333 526 333 527 333 539 326 631 332 632 332 634 332 649 324 651 324 844 324 846 324 853 331 855 331 856 331 857 331 925 324 929 324 931 324 978 331 979 332 1085 332 1085 331 1086 331 1102 324 1108 322 1122 324 1155 329 1156 329 1157 329 1159 329 1167 324 1168 323 1174 324 1204 329 1206 329 1356 323 1356 307 1354 276 1150 262 1148 262 1147 262 1146 262 1122 276 1016 276 990 263 989 263 946 263 944 263 943 263 942 263 925 277 888 277 847 263 846 263 844 263 816 264 814 264 813 264 795 277 748 264 747 264 745 264 686 276 670 271 669 271 668 271 590 279 556 266 554 266 448 266 447 266 445 266 444 266 431 275 398 266 397 266 396 266 395 266 393 266 375 280 335 280 336 313"/></Shape>
	    <String CONTENT="teſtable ſentence de Caracalla, qui diſoit que"
                    HPOS="335"
                    VPOS="262"
                    WIDTH="1021"
                    HEIGHT="73"
                    WC="0.9953451843365378"></String>
          </TextLine>
          <TextLine ID="line_11"
                    TAGREFS="LT8"
                    BASELINE="336 372 1355 366" 
                    HPOS="335"
                    VPOS="322"
                    WIDTH="1020"
                    HEIGHT="74">
            <Shape><Polygon POINTS="336 372 336 387 378 387 380 387 402 396 404 396 405 396 406 396 428 387 430 387 480 387 482 387 509 396 510 396 512 396 513 396 538 385 540 385 554 385 642 392 643 392 692 385 707 394 708 394 709 394 710 394 766 384 771 384 796 384 797 384 808 393 809 393 810 393 812 393 947 384 1002 392 1003 392 1004 392 1034 383 1035 383 1048 383 1325 390 1326 390 1328 390 1355 380 1355 366 1352 333 1234 333 1233 332 1219 323 1217 323 1216 323 1215 323 1213 323 1181 332 1180 332 1167 322 1165 322 1164 322 1163 322 1113 332 1102 335 1072 335 1067 331 1055 323 1054 323 1052 323 1051 323 1005 331 990 333 978 331 948 323 947 323 946 323 944 323 926 331 916 335 907 331 891 324 890 324 888 324 844 331 808 335 744 329 691 326 690 326 688 326 679 329 664 336 627 329 613 327 612 327 600 329 569 336 543 328 540 328 539 328 538 328 536 328 534 328 499 337 452 328 443 327 441 327 432 328 404 333 335 328 336 372"/></Shape>
	    <String CONTENT="les Empereurs donnent la loy &amp; ne la reçoy¬"
                    HPOS="335"
                    VPOS="322"
                    WIDTH="1020"
                    HEIGHT="74"
                    WC="0.9891865145076405"></String>
          </TextLine>
          <TextLine ID="line_12"
                    TAGREFS="LT8"
                    BASELINE="337 429 1355 424" 
                    HPOS="336"
                    VPOS="383"
                    WIDTH="1019"
                    HEIGHT="71">
            <Shape><Polygon POINTS="337 429 337 445 471 454 473 454 510 445 513 445 519 445 621 453 622 453 623 453 625 453 635 445 636 444 679 444 950 452 951 452 1035 442 1047 442 1146 442 1147 442 1160 450 1161 450 1163 450 1164 450 1354 441 1355 424 1351 390 1222 392 1207 390 1111 383 1109 383 1108 383 1082 392 1078 393 1055 392 961 387 960 387 924 393 922 393 905 384 904 384 903 384 859 390 679 385 678 385 677 385 642 394 518 387 517 387 515 387 514 387 502 394 486 389 484 389 483 389 435 396 426 389 424 389 423 389 422 389 421 389 405 396 383 388 382 388 380 388 336 397 337 429"/></Shape>
	    <String CONTENT="uent point, nous dirons qu’en tous Royaumes"
                    HPOS="336"
                    VPOS="383"
                    WIDTH="1019"
                    HEIGHT="71"
                    WC="0.9932707700618478"></String>
          </TextLine>
          <TextLine ID="line_13"
                    TAGREFS="LT8"
                    BASELINE="339 490 1356 485" 
                    HPOS="337"
                    VPOS="439"
                    WIDTH="1019"
                    HEIGHT="74">
            <Shape><Polygon POINTS="339 490 339 502 447 511 448 511 449 511 469 503 499 513 500 513 501 513 544 503 586 510 587 510 588 510 590 510 603 502 604 502 651 502 656 502 701 511 703 511 704 511 727 502 775 511 777 511 829 502 843 511 844 511 846 511 847 511 948 501 950 501 969 501 985 501 1000 510 1002 510 1003 510 1004 511 1055 511 1055 510 1056 510 1057 510 1067 502 1078 510 1080 510 1081 510 1082 510 1173 509 1174 509 1207 500 1230 509 1232 509 1233 510 1326 510 1326 509 1328 509 1356 498 1356 485 1354 452 1293 452 1293 450 1268 439 1267 439 1265 439 1264 439 1233 450 1230 450 1229 450 1204 441 1203 441 1202 441 1200 441 1168 449 1164 450 1163 449 1142 439 1141 439 1109 439 1108 439 1107 439 1080 449 1072 452 1051 449 995 440 994 440 903 448 835 454 742 454 732 446 726 441 725 441 723 441 645 441 644 441 643 441 642 441 636 445 632 448 617 445 592 441 591 441 530 445 376 454 361 444 361 442 360 442 358 442 357 442 337 442 339 490"/></Shape>
	    <String CONTENT="bien eſtablis le Roy reçoit du peuple les loix"
                    HPOS="337"
                    VPOS="439"
                    WIDTH="1019"
                    HEIGHT="74"
                    WC="0.9871717412421044"></String>
          </TextLine>
          <TextLine ID="line_14"
                    TAGREFS="LT8"
                    BASELINE="339 550 1355 544" 
                    HPOS="337"
                    VPOS="497"
                    WIDTH="1018"
                    HEIGHT="75">
            <Shape><Polygon POINTS="339 550 339 572 496 567 534 572 536 572 538 572 539 572 540 572 553 563 630 563 640 571 642 571 643 571 644 571 645 571 744 562 797 570 799 570 800 571 851 571 851 570 852 570 853 570 864 562 973 568 981 568 982 568 985 568 1018 561 1070 567 1072 567 1116 561 1147 567 1150 567 1151 567 1152 567 1154 567 1168 559 1352 565 1355 544 1352 510 1284 510 1282 509 1251 497 1250 497 1248 497 1163 509 1144 511 1030 511 1025 507 1020 503 1018 503 1017 503 1016 503 1015 503 1003 507 994 510 983 507 956 498 955 498 953 498 914 506 891 513 847 513 833 506 816 500 814 500 753 500 752 500 751 500 734 505 713 513 690 505 675 501 674 501 673 501 671 501 658 505 639 511 610 505 592 501 591 501 590 501 588 501 583 505 570 514 540 514 518 503 513 502 512 502 389 502 388 502 387 502 385 502 384 503 376 509 337 503 339 550"/></Shape>
	    <String CONTENT="leſquelles il doit ſoigneuſement conſiderer"
                    HPOS="337"
                    VPOS="497"
                    WIDTH="1018"
                    HEIGHT="75"
                    WC="0.9897171494572662"></String>
          </TextLine>
          <TextLine ID="line_15"
                    TAGREFS="LT8"
                    BASELINE="343 610 1355 605" 
                    HPOS="341"
                    VPOS="561"
                    WIDTH="1014"
                    HEIGHT="70">
            <Shape><Polygon POINTS="343 610 343 624 418 620 434 626 452 631 453 631 454 631 456 631 466 626 474 622 492 626 509 628 510 628 538 626 582 620 604 626 622 629 623 629 625 629 626 629 630 626 640 619 661 619 671 626 675 629 677 629 678 629 679 629 681 629 690 626 696 623 758 626 831 629 833 629 834 629 840 626 851 620 974 618 1077 627 1099 628 1100 628 1181 627 1182 627 1183 627 1191 620 1222 627 1224 627 1225 627 1226 627 1228 627 1243 616 1274 616 1352 627 1355 605 1354 570 1332 562 1330 562 1329 562 1328 562 1304 570 1298 572 1242 572 1238 570 1220 561 1219 561 1217 561 1216 561 1193 570 1187 571 1178 570 1131 561 1130 561 1077 570 1073 570 1060 570 894 562 892 562 891 562 890 562 881 570 878 571 865 570 801 563 800 563 799 563 782 570 771 574 758 570 734 563 732 563 731 563 730 563 729 563 720 570 713 574 674 570 638 567 636 567 617 570 591 575 575 570 566 567 565 567 564 567 562 567 549 570 528 576 401 576 389 571 374 565 372 565 371 565 341 570 343 610"/></Shape>
	    <String CONTENT="&amp; maintenir: &amp; que s’il entreprend rien"
                    HPOS="341"
                    VPOS="561"
                    WIDTH="1014"
                    HEIGHT="70"
                    WC="0.9981890274928167"></String>
          </TextLine>
          <TextLine ID="line_16"
                    TAGREFS="LT8"
                    BASELINE="343 667 1352 663" 
                    HPOS="341"
                    VPOS="618"
                    WIDTH="1011"
                    HEIGHT="79">
            <Shape><Polygon POINTS="343 667 343 684 367 696 369 696 370 696 371 696 398 685 460 696 461 696 618 685 632 696 634 696 635 696 636 697 679 697 679 696 681 696 727 684 794 684 825 694 826 694 827 694 829 694 857 684 1080 693 1081 693 1082 693 1083 693 1096 683 1135 692 1137 692 1251 685 1304 693 1306 693 1307 693 1352 680 1352 663 1350 632 1311 632 1287 619 1286 619 1285 619 1211 626 1165 618 1164 618 1163 618 1131 632 1068 632 1017 618 1016 618 1015 618 987 619 986 619 985 619 969 632 940 619 939 619 938 619 879 622 878 622 877 622 864 631 808 619 807 619 805 619 782 631 731 619 730 619 729 619 701 632 674 620 673 620 671 620 670 620 643 635 591 635 564 620 562 620 561 620 560 620 558 620 548 627 505 620 504 620 502 620 501 620 479 635 341 635 343 667"/></Shape>
	    <String CONTENT="que ce ſoit au preiudice d’icelles, cela eſt in¬"
                    HPOS="341"
                    VPOS="618"
                    WIDTH="1011"
                    HEIGHT="79"
                    WC="0.9951062723994255"></String>
          </TextLine>
          <TextLine ID="line_17"
                    TAGREFS="LT8"
                    BASELINE="343 727 486 727" 
                    HPOS="343"
                    VPOS="684"
                    WIDTH="143"
                    HEIGHT="62">
            <Shape><Polygon POINTS="343 727 343 740 356 746 357 746 358 746 486 744 486 727 486 701 456 700 431 684 430 684 428 684 427 684 343 696 343 727"/></Shape>
	    <String CONTENT="iuſte."
                    HPOS="343"
                    VPOS="684"
                    WIDTH="143"
                    HEIGHT="62"
                    WC="0.9611409703890482"></String>
          </TextLine>
        </TextBlock>
        <TextBlock HPOS="633.0"
                   VPOS="82.0"
                   WIDTH="460.0"
                   HEIGHT="62.0"
                   ID="block_5"
                   TAGREFS="BT18">
          <Shape><Polygon POINTS="1093 82 1093 144 633 144 633 82"/></Shape>
          <TextLine ID="line_7"
                    TAGREFS="LT8"
                    BASELINE="646 120 1086 119" 
                    HPOS="644"
                    VPOS="83"
                    WIDTH="441"
                    HEIGHT="65">
            <Shape><Polygon POINTS="1073 83 1054 83 1034 83 1015 83 995 83 976 83 956 83 937 83 917 83 898 83 878 83 859 83 839 83 820 83 800 83 781 83 761 83 742 83 722 83 703 83 683 83 664 83 644 83 644 118 644 148 1085 138 1085 118 1085 83 1073 83"/></Shape>
	    <String CONTENT="TROISIESME"
                    HPOS="644"
                    VPOS="83"
                    WIDTH="441"
                    HEIGHT="65"
                    WC="0.999857234954834"></String>
          </TextLine>
        </TextBlock>
        <TextBlock HPOS="332.0"
                   VPOS="744.0"
                   WIDTH="1022.0"
                   HEIGHT="1249.0"
                   ID="block_1"
                   TAGREFS="BT100005">
          <Shape><Polygon POINTS="1354 744 1350 1855 1349 1980 336 1993 332 749"/></Shape>
          <TextLine ID="line_18"
                    TAGREFS="LT8"
                    BASELINE="397 787 1350 780" 
                    HPOS="396"
                    VPOS="733"
                    WIDTH="954"
                    HEIGHT="77">
            <Shape><Polygon POINTS="397 787 397 800 504 800 514 807 514 809 515 809 517 809 518 810 561 810 561 809 562 809 586 798 588 798 595 798 648 807 649 807 651 807 681 798 682 798 686 798 775 807 777 807 818 797 822 797 830 797 922 806 924 806 1026 796 1033 796 1034 796 1054 805 1055 805 1056 806 1159 806 1159 805 1198 798 1237 804 1238 804 1239 804 1268 794 1269 794 1271 794 1315 802 1316 802 1317 802 1350 793 1350 780 1346 736 1294 744 1254 737 1239 735 1238 735 1200 737 1116 745 1107 739 1099 733 1098 733 1096 733 1037 733 1035 733 1034 733 1009 741 1002 742 996 741 979 733 978 733 977 733 976 733 960 741 957 742 944 741 873 735 872 735 870 735 869 735 860 742 855 748 720 748 714 745 695 736 694 736 692 736 638 742 609 736 608 736 606 736 540 748 530 750 466 750 465 749 427 737 426 737 424 737 423 737 396 748 397 787"/></Shape>
	    <String CONTENT="CE que deſſus peut eſtre verifié par exem¬"
                    HPOS="396"
                    VPOS="733"
                    WIDTH="954"
                    HEIGHT="77"
                    WC="0.9954921312110369"></String>
          </TextLine>
          <TextLine ID="line_19"
                    TAGREFS="LT8"
                    BASELINE="341 848 1351 840" 
                    HPOS="340"
                    VPOS="793"
                    WIDTH="1011"
                    HEIGHT="74">
            <Shape><Polygon POINTS="341 848 341 866 517 858 526 863 530 867 531 867 532 867 534 867 577 863 627 858 648 862 674 867 675 867 677 867 694 862 707 857 718 861 731 866 732 866 734 866 778 861 804 857 818 859 843 865 844 865 846 865 859 859 865 855 869 859 875 865 877 865 878 865 879 865 881 865 882 865 892 858 895 857 909 858 960 865 961 865 1008 858 1120 863 1121 863 1122 863 1124 863 1134 855 1134 854 1138 855 1168 863 1169 863 1170 863 1328 862 1329 862 1351 852 1351 840 1349 804 1241 793 1239 793 1238 793 1237 793 1224 804 1178 794 1177 794 1128 805 1125 805 1112 794 1111 794 1109 794 1067 794 1065 794 1064 794 1063 794 1047 805 1046 806 946 806 944 806 918 796 917 796 843 796 842 796 794 807 791 807 786 807 696 797 695 797 694 797 692 797 675 807 560 801 558 801 557 801 532 807 513 798 512 798 510 798 509 798 487 810 486 811 424 811 423 810 411 801 410 801 409 801 375 800 374 800 372 800 340 810 341 848"/></Shape>
	    <String CONTENT="ples. Auant qu’il y euſt Roy en Iſrael, Dieu"
                    HPOS="340"
                    VPOS="793"
                    WIDTH="1011"
                    HEIGHT="74"
                    WC="0.994638510725715"></String>
          </TextLine>
          <TextLine ID="line_20"
                    TAGREFS="LT8"
                    BASELINE="341 905 1349 898" 
                    HPOS="340"
                    VPOS="855"
                    WIDTH="1009"
                    HEIGHT="72">
            <Shape><Polygon POINTS="341 905 341 917 371 917 374 917 400 927 401 927 402 927 404 927 405 927 418 917 419 917 452 926 453 926 454 926 509 917 538 927 539 927 540 927 603 919 622 924 623 924 625 924 626 924 647 915 648 915 652 915 742 926 743 926 778 924 779 924 781 924 792 915 825 924 826 924 827 924 829 924 830 924 843 914 882 914 895 914 909 924 911 924 912 924 913 926 944 926 944 924 946 924 974 913 977 913 985 913 1073 922 1074 922 1120 913 1211 922 1212 922 1213 922 1238 913 1282 922 1284 922 1347 910 1349 898 1346 866 1183 866 1160 855 1159 855 1157 855 1060 857 1059 857 1057 857 1044 866 1043 867 979 867 978 866 947 857 946 857 944 857 943 857 921 866 918 867 908 866 838 858 836 858 835 858 834 858 822 867 820 867 797 867 630 859 629 859 627 859 626 859 613 867 612 867 586 859 584 859 583 859 540 867 525 871 397 871 392 867 382 861 380 861 379 861 378 861 340 867 341 905"/></Shape>
	    <String CONTENT="luy auoit preſcript par Moyſe vne Ordonnan¬"
                    HPOS="340"
                    VPOS="855"
                    WIDTH="1009"
                    HEIGHT="72"
                    WC="0.9919899313948876"></String>
          </TextLine>
          <TextLine ID="line_21"
                    TAGREFS="LT8"
                    BASELINE="339 965 1349 957" 
                    HPOS="337"
                    VPOS="911"
                    WIDTH="1012"
                    HEIGHT="73">
            <Shape><Polygon POINTS="339 965 339 976 409 984 410 984 411 984 434 978 436 976 440 978 457 984 458 984 460 984 525 978 551 975 561 978 583 984 584 984 586 984 587 984 600 978 606 974 684 974 695 978 707 983 708 983 709 984 812 984 812 983 813 983 826 978 844 972 952 972 963 979 966 981 968 981 969 981 970 983 1011 983 1011 981 1012 981 1021 979 1043 971 1107 979 1112 979 1113 979 1117 979 1151 974 1159 979 1160 980 1161 980 1163 980 1164 980 1172 979 1212 971 1224 979 1225 979 1226 979 1228 979 1229 979 1256 972 1346 979 1349 957 1346 923 1260 911 1259 911 1258 911 1233 923 1233 924 1094 924 1092 924 1077 918 1076 918 1074 918 1073 918 1056 924 1009 913 1008 913 1007 913 1005 913 968 924 901 914 900 914 899 914 860 924 843 914 842 914 840 914 839 914 838 914 816 922 803 915 801 915 800 915 799 915 775 926 690 915 688 915 582 917 580 917 540 928 539 928 538 928 422 918 421 918 419 918 418 918 400 930 337 930 339 965"/></Shape>
	    <String CONTENT="ce Sacree &amp; Ciuile, pour l’auoir continuelle¬"
                    HPOS="337"
                    VPOS="911"
                    WIDTH="1012"
                    HEIGHT="73"
                    WC="0.993979103035397"></String>
          </TextLine>
          <TextLine ID="line_22"
                    TAGREFS="LT8"
                    BASELINE="339 1022 1350 1018" 
                    HPOS="337"
                    VPOS="975"
                    WIDTH="1013"
                    HEIGHT="64">
            <Shape><Polygon POINTS="339 1022 339 1039 1349 1033 1350 1018 1349 981 1337 975 1336 975 1334 975 1333 975 1289 981 1232 975 1230 975 1229 975 1199 984 1198 984 1196 984 1181 975 1180 975 1144 975 1143 975 1096 984 1086 976 1085 976 1083 976 1082 976 1081 976 1060 983 1042 975 1041 975 1039 975 1038 975 1003 984 990 976 989 976 987 976 986 976 926 985 924 985 920 985 866 976 865 976 864 976 862 976 849 985 849 987 816 987 773 987 677 976 675 976 674 976 673 976 673 978 666 983 534 978 532 978 531 978 515 984 495 978 493 978 492 978 491 978 489 978 478 988 397 988 375 978 374 978 372 978 371 978 337 988 339 1022"/></Shape>
	    <String CONTENT="ment deuant les yeux. Or apres que Saul euſt"
                    HPOS="337"
                    VPOS="975"
                    WIDTH="1013"
                    HEIGHT="64"
                    WC="0.9996428096836264"></String>
          </TextLine>
          <TextLine ID="eSc_line_93434e28"
                    TAGREFS="LT8"
                    BASELINE="346 1091 1345 1091" 
                    HPOS="344"
                    VPOS="1028"
                    WIDTH="1000"
                    HEIGHT="80">
            <Shape><Polygon POINTS="344 1098 1036 1108 1114 1098 1137 1108 1143 1108 1163 1098 1284 1098 1305 1108 1311 1108 1344 1096 1344 1040 1315 1028 1256 1042 1167 1042 1149 1028 1141 1028 1106 1040 1042 1028 1036 1028 1017 1040 945 1030 906 1040 884 1028 830 1040 818 1040 767 1028 658 1028 644 1040 592 1028 553 1040 508 1028 502 1028 475 1040 436 1028 428 1028 411 1040 387 1030 344 1036 344 1089"/></Shape>
	    <String CONTENT="esté eslu &amp; establi par le peuple, Samuel la"
                    HPOS="344"
                    VPOS="1028"
                    WIDTH="1000"
                    HEIGHT="80"></String>
          </TextLine>
          <TextLine ID="line_24"
                    TAGREFS="LT8"
                    BASELINE="330 1143 1350 1136" 
                    HPOS="328"
                    VPOS="1092"
                    WIDTH="1022"
                    HEIGHT="74">
            <Shape><Polygon POINTS="330 1143 332 1165 341 1157 389 1165 398 1166 400 1166 401 1166 402 1166 404 1165 415 1157 522 1157 535 1165 536 1165 538 1165 539 1165 540 1165 541 1165 556 1157 708 1156 755 1163 757 1163 758 1163 761 1163 800 1154 812 1163 813 1163 814 1163 816 1165 864 1165 864 1163 865 1163 866 1163 882 1154 1030 1162 1033 1162 1034 1162 1035 1162 1080 1153 1108 1162 1109 1162 1111 1162 1112 1162 1137 1153 1254 1161 1255 1161 1256 1161 1278 1152 1347 1161 1350 1136 1347 1104 1180 1092 1178 1092 1135 1100 1089 1093 1087 1093 1086 1093 1052 1104 1048 1104 1043 1104 986 1093 985 1093 939 1104 929 1106 810 1106 805 1104 784 1094 783 1094 782 1094 716 1096 714 1096 696 1104 687 1107 567 1107 556 1104 536 1097 535 1097 534 1097 460 1104 448 1104 445 1104 427 1097 426 1097 424 1097 423 1097 422 1097 413 1104 405 1107 384 1104 354 1097 353 1097 328 1102 330 1143"/></Shape>
	    <String CONTENT="luy baille toute eſcrite, pour la garder ſoigneu"
                    HPOS="328"
                    VPOS="1092"
                    WIDTH="1022"
                    HEIGHT="74"
                    WC="0.9955793892343839"></String>
          </TextLine>
          <TextLine ID="line_25"
                    TAGREFS="LT8"
                    BASELINE="334 1198 1347 1196" 
                    HPOS="332"
                    VPOS="1154"
                    WIDTH="1015"
                    HEIGHT="68">
            <Shape><Polygon POINTS="334 1198 334 1217 556 1222 557 1222 558 1222 569 1218 575 1214 752 1214 770 1218 784 1222 786 1222 787 1222 788 1222 795 1218 804 1214 864 1219 892 1220 894 1220 895 1220 901 1219 921 1213 929 1219 930 1220 931 1220 933 1220 934 1222 1025 1222 1025 1220 1026 1220 1030 1219 1047 1213 1087 1219 1099 1220 1100 1220 1102 1220 1105 1219 1121 1213 1194 1213 1203 1219 1204 1220 1206 1220 1207 1220 1208 1220 1221 1219 1282 1213 1346 1219 1347 1196 1343 1159 1304 1165 1291 1159 1281 1154 1280 1154 1219 1154 1217 1154 1216 1154 1215 1154 1208 1159 1199 1166 1176 1166 1156 1159 1134 1154 1133 1154 1131 1154 1130 1154 1129 1154 1120 1161 1113 1165 1030 1165 1025 1161 1017 1154 1016 1154 1015 1154 990 1154 989 1154 987 1154 986 1154 978 1161 973 1166 922 1166 903 1162 862 1154 861 1154 860 1154 838 1162 825 1166 800 1162 761 1156 760 1156 758 1156 739 1162 727 1167 668 1167 662 1163 653 1156 652 1156 651 1156 649 1156 613 1163 610 1163 608 1163 577 1156 575 1156 574 1156 573 1156 558 1163 552 1167 419 1167 405 1165 347 1156 345 1156 344 1156 343 1156 332 1161 334 1198"/></Shape>
	    <String CONTENT="ſement, &amp; les autres Rois ſuiuans ne ſont"
                    HPOS="332"
                    VPOS="1154"
                    WIDTH="1015"
                    HEIGHT="68"
                    WC="0.9938493545462446"></String>
          </TextLine>
          <TextLine ID="line_26"
                    TAGREFS="LT8"
                    BASELINE="337 1266 647 1258 1346 1254" 
                    HPOS="336"
                    VPOS="1210"
                    WIDTH="1010"
                    HEIGHT="77">
            <Shape><Polygon POINTS="337 1266 337 1285 383 1276 395 1285 396 1285 397 1285 398 1287 447 1287 447 1285 448 1285 450 1285 486 1275 535 1275 561 1284 562 1284 564 1284 565 1284 566 1284 567 1284 599 1275 629 1283 630 1283 631 1283 632 1283 681 1275 739 1283 747 1283 748 1283 753 1283 787 1274 809 1282 810 1282 812 1282 813 1282 834 1272 898 1282 907 1282 908 1282 909 1282 912 1280 931 1272 964 1280 966 1280 968 1280 969 1280 970 1280 1002 1272 1016 1280 1017 1280 1018 1280 1020 1282 1069 1282 1069 1280 1070 1280 1072 1280 1072 1279 1086 1270 1152 1279 1159 1279 1160 1279 1215 1278 1258 1276 1259 1276 1277 1269 1345 1276 1346 1254 1343 1219 1278 1210 1277 1210 1276 1210 1252 1219 1248 1220 1237 1219 1186 1215 1185 1215 1133 1220 1122 1222 1117 1222 1077 1211 1076 1211 995 1213 994 1213 969 1222 917 1215 916 1215 914 1215 887 1223 868 1214 866 1214 782 1214 781 1214 717 1226 714 1226 712 1226 647 1217 645 1217 644 1217 623 1227 622 1227 617 1227 558 1222 557 1222 336 1230 337 1266"/></Shape>
	    <String CONTENT="point receus que premierement ils n’ayent iu¬"
                    HPOS="336"
                    VPOS="1210"
                    WIDTH="1010"
                    HEIGHT="77"
                    WC="0.9980636397997539"></String>
          </TextLine>
          <TextLine ID="line_27"
                    TAGREFS="LT8"
                    BASELINE="334 1323 1345 1314" 
                    HPOS="332"
                    VPOS="1267"
                    WIDTH="1013"
                    HEIGHT="72">
            <Shape><Polygon POINTS="334 1323 334 1332 380 1339 382 1339 461 1333 495 1331 500 1333 510 1337 512 1337 513 1337 562 1333 591 1331 608 1333 642 1339 643 1339 644 1339 660 1333 671 1330 695 1333 714 1336 716 1336 752 1333 816 1328 972 1333 1052 1336 1054 1336 1072 1333 1116 1327 1167 1333 1177 1335 1178 1335 1180 1335 1183 1333 1211 1327 1219 1333 1220 1333 1221 1333 1222 1335 1343 1335 1345 1314 1342 1280 1263 1280 1216 1267 1215 1267 1213 1267 1212 1267 1211 1267 1190 1280 1159 1282 1128 1282 1104 1269 1103 1269 1102 1269 1021 1283 944 1283 924 1272 922 1272 921 1272 920 1272 888 1283 814 1271 813 1271 812 1271 764 1284 712 1272 710 1272 657 1283 626 1272 625 1272 623 1272 622 1272 588 1284 478 1274 476 1274 361 1276 360 1276 332 1287 334 1323"/></Shape>
	    <String CONTENT="ré d’obſeruer ceſte ordonnance. La ceremo¬"
                    HPOS="332"
                    VPOS="1267"
                    WIDTH="1013"
                    HEIGHT="72"
                    WC="0.9955171582310699"></String>
          </TextLine>
          <TextLine ID="line_28"
                    TAGREFS="LT8"
                    BASELINE="334 1380 1346 1375" 
                    HPOS="332"
                    VPOS="1330"
                    WIDTH="1014"
                    HEIGHT="72">
            <Shape><Polygon POINTS="334 1380 334 1402 392 1402 392 1401 393 1401 395 1401 408 1393 427 1401 430 1401 431 1401 432 1402 493 1402 493 1401 495 1401 496 1401 497 1400 506 1393 554 1400 574 1401 575 1401 587 1398 617 1392 658 1398 674 1400 675 1400 697 1397 744 1392 764 1397 775 1400 777 1400 778 1400 779 1400 781 1400 784 1396 791 1391 843 1391 881 1396 907 1398 908 1398 909 1398 922 1395 939 1391 957 1395 977 1398 978 1398 979 1398 998 1395 1013 1389 1091 1389 1104 1393 1118 1397 1120 1397 1121 1397 1345 1389 1346 1375 1342 1337 1319 1340 1307 1337 1281 1330 1280 1330 1278 1330 1277 1330 1260 1337 1254 1341 1212 1341 1199 1339 1154 1330 1152 1330 1104 1339 1090 1341 1060 1339 985 1333 983 1333 921 1340 911 1341 909 1341 891 1331 890 1331 857 1331 856 1331 810 1341 809 1341 784 1332 783 1332 782 1332 781 1332 757 1339 732 1332 731 1332 730 1332 729 1332 727 1332 714 1343 713 1344 651 1344 649 1343 600 1332 599 1332 597 1332 571 1344 570 1344 569 1344 536 1333 535 1333 447 1333 445 1333 444 1333 418 1344 332 1345 334 1380"/></Shape>
	    <String CONTENT="nie eſtoit telle qu’auec la couronne impoſee"
                    HPOS="332"
                    VPOS="1330"
                    WIDTH="1014"
                    HEIGHT="72"
                    WC="0.9922028454867277"></String>
          </TextLine>
          <TextLine ID="line_29"
                    TAGREFS="LT8"
                    BASELINE="334 1441 1345 1433" 
                    HPOS="332"
                    VPOS="1385"
                    WIDTH="1013"
                    HEIGHT="76">
            <Shape><Polygon POINTS="334 1441 334 1461 1345 1454 1345 1433 1342 1397 1313 1397 1313 1396 1299 1387 1298 1387 1297 1387 1295 1387 1294 1387 1277 1396 1276 1397 1215 1397 1213 1396 1198 1385 1196 1385 1195 1385 1194 1385 1099 1396 1080 1397 1064 1396 1007 1387 1005 1387 1004 1387 981 1395 972 1398 963 1395 944 1388 943 1388 942 1388 940 1388 924 1395 914 1398 894 1395 856 1388 855 1388 816 1395 783 1401 729 1401 720 1395 717 1392 716 1392 714 1392 713 1392 712 1392 705 1395 694 1398 684 1395 675 1389 674 1389 673 1389 510 1391 509 1391 504 1393 486 1402 332 1393 334 1441"/></Shape>
	    <String CONTENT="ſur la teſte du Roy, on luy bailloit le liure du"
                    HPOS="332"
                    VPOS="1385"
                    WIDTH="1013"
                    HEIGHT="76"
                    WC="0.9875400053958098"></String>
          </TextLine>
          <TextLine ID="line_30"
                    TAGREFS="LT8"
                    BASELINE="335 1501 1343 1493" 
                    HPOS="334"
                    VPOS="1449"
                    WIDTH="1009"
                    HEIGHT="74">
            <Shape><Polygon POINTS="335 1501 335 1515 414 1515 432 1523 434 1523 435 1523 547 1515 549 1515 552 1515 619 1522 621 1522 656 1515 669 1513 675 1515 690 1520 691 1520 692 1520 805 1515 891 1511 899 1515 904 1519 905 1519 907 1519 908 1520 955 1520 955 1519 977 1515 1005 1510 1024 1515 1028 1517 1029 1517 1030 1517 1031 1517 1035 1515 1051 1510 1095 1510 1107 1515 1109 1518 1111 1518 1112 1518 1113 1518 1134 1515 1181 1510 1199 1515 1202 1517 1203 1517 1204 1517 1215 1515 1256 1510 1268 1515 1269 1517 1271 1517 1272 1517 1343 1515 1343 1493 1341 1453 1193 1449 1191 1449 1159 1456 1130 1461 1122 1456 1120 1453 1118 1453 1117 1453 1072 1450 1070 1450 1069 1450 1051 1457 1033 1465 934 1465 921 1459 918 1458 917 1458 916 1458 914 1458 913 1458 913 1459 903 1465 855 1459 787 1453 786 1453 784 1453 783 1453 773 1461 768 1465 740 1462 720 1459 718 1459 684 1462 634 1467 621 1463 605 1458 604 1458 603 1458 531 1465 489 1469 465 1466 383 1456 382 1456 380 1456 379 1456 365 1467 363 1469 334 1469 335 1501"/></Shape>
	    <String CONTENT="teſmoignage, que les vns entendent eſtre le"
                    HPOS="334"
                    VPOS="1449"
                    WIDTH="1009"
                    HEIGHT="74"
                    WC="0.9981305959612824"></String>
          </TextLine>
          <TextLine ID="line_31"
                    TAGREFS="LT8"
                    BASELINE="335 1559 1341 1552" 
                    HPOS="334"
                    VPOS="1508"
                    WIDTH="1007"
                    HEIGHT="67">
            <Shape><Polygon POINTS="335 1559 335 1575 1339 1575 1341 1552 1338 1519 1198 1508 1196 1508 1195 1508 1169 1520 1034 1520 1007 1509 1005 1509 1004 1509 959 1510 957 1510 956 1510 939 1520 851 1514 849 1514 848 1514 831 1523 807 1523 792 1511 791 1511 790 1511 788 1511 683 1518 639 1513 638 1513 636 1513 601 1523 569 1515 567 1515 566 1515 510 1523 497 1514 496 1514 495 1514 428 1514 427 1514 426 1514 405 1522 361 1514 360 1514 358 1514 334 1524 335 1559"/></Shape>
	    <String CONTENT="droit du peuple du Royaume, les autres la Loy"
                    HPOS="334"
                    VPOS="1508"
                    WIDTH="1007"
                    HEIGHT="67"
                    WC="0.9911674115392897"></String>
          </TextLine>
          <TextLine ID="line_32"
                    TAGREFS="LT8"
                    BASELINE="335 1619 1342 1611" 
                    HPOS="334"
                    VPOS="1566"
                    WIDTH="1008"
                    HEIGHT="75">
            <Shape><Polygon POINTS="335 1619 335 1631 453 1632 470 1641 471 1641 473 1641 474 1641 491 1632 492 1632 547 1640 548 1640 549 1640 566 1632 569 1631 603 1632 679 1636 681 1636 682 1636 683 1636 687 1632 691 1630 704 1632 730 1639 731 1640 773 1640 773 1639 774 1639 787 1632 794 1630 807 1632 820 1636 821 1636 822 1636 823 1636 830 1632 840 1628 872 1634 887 1635 888 1635 900 1634 927 1628 978 1634 999 1635 1000 1635 1002 1635 1008 1634 1030 1627 1039 1634 1043 1636 1044 1636 1046 1636 1047 1637 1135 1637 1135 1636 1137 1636 1138 1636 1141 1634 1147 1630 1165 1634 1172 1635 1173 1635 1174 1635 1177 1634 1191 1627 1222 1634 1229 1635 1230 1635 1342 1634 1342 1611 1338 1578 1320 1578 1317 1578 1302 1566 1300 1566 1299 1566 1298 1566 1297 1566 1273 1578 1268 1578 1195 1571 1194 1571 1193 1571 1170 1579 1168 1580 1003 1582 960 1582 960 1580 937 1569 935 1569 859 1569 857 1569 856 1569 855 1569 843 1576 803 1570 801 1570 800 1570 799 1570 784 1582 729 1570 727 1570 726 1570 725 1570 709 1582 675 1570 674 1570 673 1570 671 1570 639 1583 608 1571 606 1571 561 1571 560 1571 558 1571 557 1571 541 1584 510 1584 492 1574 491 1574 361 1572 360 1572 358 1572 334 1584 335 1619"/></Shape>
	    <String CONTENT="de Dieu, ſelon laquelle il deuoit gouuerner le"
                    HPOS="334"
                    VPOS="1566"
                    WIDTH="1008"
                    HEIGHT="75"
                    WC="0.9987533662630164"></String>
          </TextLine>
          <TextLine ID="eSc_line_6160ce64"
                    TAGREFS="LT8"
                    BASELINE="344 1678 1339 1670" 
                    HPOS="341"
                    VPOS="1621"
                    WIDTH="997"
                    HEIGHT="83">
            <Shape><Polygon POINTS="342 1677 344 1704 368 1693 401 1702 559 1693 586 1702 646 1691 820 1691 835 1702 851 1689 1334 1696 1338 1669 1332 1628 1178 1632 1132 1621 1110 1634 985 1634 974 1622 908 1622 896 1634 837 1626 830 1638 738 1638 699 1624 691 1624 680 1638 621 1638 586 1624 341 1640 342 1677"/></Shape>
	    <String CONTENT="peuple. Cyrus ſe reconoiſſant conſeruateur"
                    HPOS="341"
                    VPOS="1621"
                    WIDTH="997"
                    HEIGHT="83"
                    WC="0.9986998935540518"></String>
          </TextLine>
          <TextLine ID="line_34"
                    TAGREFS="LT8"
                    BASELINE="334 1734 1342 1730" 
                    HPOS="332"
                    VPOS="1689"
                    WIDTH="1010"
                    HEIGHT="65">
            <Shape><Polygon POINTS="334 1734 334 1754 419 1754 419 1753 421 1753 422 1753 432 1747 543 1753 582 1754 583 1754 605 1752 669 1745 683 1752 686 1753 687 1753 688 1753 704 1752 766 1745 908 1745 918 1750 924 1753 925 1753 926 1753 1031 1752 1033 1752 1034 1752 1035 1750 1044 1744 1087 1750 1105 1752 1107 1752 1118 1749 1147 1744 1180 1744 1189 1749 1191 1752 1193 1752 1194 1752 1195 1752 1341 1748 1342 1730 1336 1691 1325 1697 1312 1692 1311 1692 1310 1692 1274 1698 1267 1692 1265 1692 1264 1692 1263 1692 1261 1692 1224 1698 1215 1692 1213 1691 1212 1691 1211 1691 1209 1691 1208 1691 1202 1692 1180 1698 1146 1693 1120 1689 1118 1689 1090 1693 1061 1698 1030 1695 999 1691 833 1691 831 1691 784 1697 769 1700 758 1698 723 1691 722 1691 721 1691 704 1698 701 1701 610 1701 609 1700 587 1692 586 1692 584 1692 583 1692 582 1692 571 1700 569 1702 470 1702 470 1701 445 1692 444 1692 443 1692 441 1692 440 1692 428 1702 391 1702 361 1692 360 1692 358 1692 357 1692 332 1701 334 1734"/></Shape>
	    <String CONTENT="des loix, leur promet aſſiſtance contre tout"
                    HPOS="332"
                    VPOS="1689"
                    WIDTH="1010"
                    HEIGHT="65"
                    WC="0.9894341596148231"></String>
          </TextLine>
          <TextLine ID="line_35"
                    TAGREFS="LT8"
                    BASELINE="334 1797 1341 1791" 
                    HPOS="332"
                    VPOS="1744"
                    WIDTH="1009"
                    HEIGHT="73">
            <Shape><Polygon POINTS="334 1797 334 1817 823 1817 823 1815 825 1815 826 1815 833 1810 838 1808 856 1810 891 1814 892 1814 894 1814 895 1814 900 1809 903 1808 907 1809 922 1815 924 1815 925 1815 926 1815 944 1809 953 1806 966 1809 995 1814 996 1814 998 1814 999 1814 1008 1808 1012 1805 1157 1805 1267 1805 1269 1805 1303 1813 1304 1813 1306 1813 1341 1804 1341 1791 1337 1744 1237 1754 1207 1747 1206 1747 1204 1747 1203 1747 1187 1754 1172 1745 1170 1744 1169 1744 1168 1744 1167 1744 1138 1747 1068 1752 1051 1747 1044 1745 1043 1745 1042 1745 1041 1745 1034 1748 998 1761 957 1761 935 1749 931 1747 930 1747 861 1747 860 1747 859 1747 857 1747 855 1749 840 1761 814 1753 813 1753 812 1753 810 1753 809 1753 801 1759 773 1754 771 1754 720 1762 691 1752 683 1749 682 1749 681 1749 679 1749 673 1752 652 1763 588 1763 571 1754 570 1754 569 1754 567 1754 566 1754 556 1763 388 1763 376 1756 367 1749 366 1749 365 1749 363 1749 332 1756 334 1797"/></Shape>
	    <String CONTENT="homme qui s’efforcera de les enfraindre: &amp; à"
                    HPOS="332"
                    VPOS="1744"
                    WIDTH="1009"
                    HEIGHT="73"
                    WC="0.9994646761152479"></String>
          </TextLine>
          <TextLine ID="line_36"
                    TAGREFS="LT8"
                    BASELINE="334 1858 1338 1848" 
                    HPOS="332"
                    VPOS="1802"
                    WIDTH="1006"
                    HEIGHT="76">
            <Shape><Polygon POINTS="334 1858 334 1870 388 1869 392 1870 404 1875 405 1875 406 1875 443 1870 452 1869 460 1870 506 1876 508 1876 509 1876 510 1876 519 1869 531 1876 532 1876 534 1876 535 1878 579 1878 579 1876 580 1876 582 1876 592 1869 595 1866 603 1867 627 1875 629 1875 630 1875 631 1875 632 1875 644 1867 647 1866 657 1867 695 1874 696 1874 697 1874 710 1867 716 1865 755 1865 757 1866 769 1874 770 1874 771 1874 773 1874 825 1866 843 1863 870 1865 959 1872 960 1872 1011 1863 1024 1862 1028 1863 1037 1869 1038 1869 1039 1869 1085 1863 1096 1862 1099 1863 1113 1870 1115 1870 1116 1870 1209 1869 1211 1869 1212 1869 1219 1862 1221 1861 1237 1862 1323 1869 1324 1869 1325 1869 1326 1869 1338 1861 1338 1848 1336 1814 1248 1802 1247 1802 1182 1814 1157 1804 1156 1804 1095 1804 1094 1804 1092 1804 1091 1804 1078 1813 1048 1806 1047 1806 1046 1806 1044 1806 1033 1815 1003 1805 1002 1805 1000 1805 999 1805 960 1817 959 1817 957 1817 937 1806 935 1806 835 1806 834 1806 833 1806 800 1818 799 1819 738 1819 738 1818 721 1808 720 1808 718 1808 717 1808 716 1808 714 1808 701 1819 700 1819 687 1819 597 1814 596 1814 530 1821 522 1821 518 1821 470 1811 469 1811 467 1811 466 1811 450 1821 448 1823 396 1823 395 1822 380 1811 379 1811 378 1811 348 1811 347 1811 345 1811 344 1811 332 1818 334 1858"/></Shape>
	    <String CONTENT="ſon couronnement s’oblige à l’obſeruation"
                    HPOS="332"
                    VPOS="1802"
                    WIDTH="1006"
                    HEIGHT="76"
                    WC="0.992975108680271"></String>
          </TextLine>
          <TextLine ID="line_37"
                    TAGREFS="LT8"
                    BASELINE="334 1917 1338 1908" 
                    HPOS="332"
                    VPOS="1863"
                    WIDTH="1006"
                    HEIGHT="77">
            <Shape><Polygon POINTS="334 1917 334 1935 384 1928 417 1934 444 1939 445 1940 445 1939 478 1934 504 1928 514 1932 525 1936 526 1936 527 1936 570 1931 621 1926 727 1926 734 1928 745 1936 747 1936 748 1936 749 1936 821 1927 826 1927 827 1927 844 1935 846 1935 847 1935 918 1927 973 1934 974 1934 976 1934 977 1934 990 1924 991 1923 999 1924 1046 1932 1047 1934 1135 1934 1135 1932 1137 1932 1167 1924 1190 1932 1191 1932 1193 1932 1194 1932 1225 1921 1226 1921 1228 1921 1284 1931 1285 1931 1338 1918 1338 1908 1336 1875 1282 1875 1268 1863 1267 1863 1265 1863 1239 1863 1238 1863 1237 1863 1217 1874 1168 1865 1167 1865 1165 1865 1164 1865 1147 1876 1113 1876 1098 1866 1096 1866 1095 1866 1094 1866 1092 1866 1069 1876 1008 1876 996 1870 995 1870 994 1870 992 1870 947 1876 927 1866 926 1866 925 1866 924 1866 904 1876 787 1872 786 1872 709 1879 696 1869 695 1869 694 1869 630 1869 629 1869 627 1869 626 1869 612 1880 610 1880 601 1880 357 1871 356 1871 354 1871 332 1880 334 1917"/></Shape>
	    <String CONTENT="d’icelles: combien que quelque temps les flat¬"
                    HPOS="332"
                    VPOS="1863"
                    WIDTH="1006"
                    HEIGHT="77"
                    WC="0.9931479860907015"></String>
          </TextLine>
          <TextLine ID="line_38"
                    TAGREFS="LT8"
                    BASELINE="335 1975 1336 1966" 
                    HPOS="334"
                    VPOS="1923"
                    WIDTH="1002"
                    HEIGHT="83">
            <Shape><Polygon POINTS="335 1975 335 1997 380 2005 382 2005 383 2005 398 1998 409 1993 475 1993 486 1998 499 2005 500 2005 501 2006 619 2006 619 2005 621 2005 644 1998 655 1996 664 1998 684 2004 686 2004 687 2004 688 2004 690 2004 699 1998 712 1991 792 1996 794 1996 829 1989 853 1997 855 1997 856 1997 899 1989 929 1998 938 2001 939 2001 940 2001 955 1998 992 1991 1005 1998 1008 2001 1009 2001 1011 2001 1012 2002 1041 2002 1041 2001 1081 1998 1267 1986 1333 1998 1336 1966 1333 1935 1251 1935 1238 1923 1237 1923 1235 1923 1204 1923 1203 1923 1202 1923 1200 1923 1200 1924 1189 1935 1168 1924 1167 1924 1165 1924 1089 1935 1050 1924 1048 1924 1047 1924 1046 1924 1021 1936 1002 1926 1000 1926 999 1926 946 1937 927 1937 914 1926 913 1926 912 1926 911 1926 856 1935 840 1928 839 1928 838 1928 836 1928 835 1928 822 1936 619 1928 618 1928 549 1940 532 1934 531 1934 530 1934 482 1940 374 1931 372 1931 371 1931 334 1943 335 1975"/></Shape>
	    <String CONTENT="teurs cornaſſent aux oreilles de ſon fils Cam¬"
                    HPOS="334"
                    VPOS="1923"
                    WIDTH="1002"
                    HEIGHT="83"
                    WC="0.9992079812547435"></String>
          </TextLine>
        </TextBlock>
        <TextBlock HPOS="154.0"
                   VPOS="1064.0"
                   WIDTH="175.0"
                   HEIGHT="98.0"
                   ID="eSc_textblock_c4c99166"
                   TAGREFS="BT100009">
          <Shape><Polygon POINTS="154 1064 154 1162 329 1162 329 1064"/></Shape>
          <TextLine ID="eSc_line_9e0794ab"
                    TAGREFS="LT8"
                    BASELINE="164 1100 323 1102" 
                    HPOS="161"
                    VPOS="1065"
                    WIDTH="160"
                    HEIGHT="47">
            <Shape><Polygon POINTS="319 1065 300 1065 280 1065 261 1065 241 1065 222 1065 202 1065 183 1065 163 1065 163 1098 161 1112 319 1112 321 1100 319 1065 319 1065"/></Shape>
	    <String CONTENT="I.Sam.10."
                    HPOS="161"
                    VPOS="1065"
                    WIDTH="160"
                    HEIGHT="47"></String>
          </TextLine>
          <TextLine ID="line_1"
                    TAGREFS="LT8"
                    BASELINE="165 1144 231 1144" 
                    HPOS="163"
                    VPOS="1104"
                    WIDTH="66"
                    HEIGHT="61">
            <Shape><Polygon POINTS="163 1165 229 1157 229 1143 229 1108 163 1104 163 1143"/></Shape>
	    <String CONTENT="25."
                    HPOS="163"
                    VPOS="1104"
                    WIDTH="66"
                    HEIGHT="61"
                    WC="0.9999404549598694"></String>
          </TextLine>
        </TextBlock>
        <TextBlock HPOS="155.0"
                   VPOS="1173.0"
                   WIDTH="168.0"
                   HEIGHT="75.0"
                   ID="eSc_textblock_6d39cf0e"
                   TAGREFS="BT100009">
          <Shape><Polygon POINTS="155 1173 155 1248 323 1248 323 1173"/></Shape>
          <TextLine ID="line_2"
                    TAGREFS="LT8"
                    BASELINE="165 1191 315 1191" 
                    HPOS="165"
                    VPOS="1146"
                    WIDTH="150"
                    HEIGHT="60">
            <Shape><Polygon POINTS="165 1202 314 1206 315 1191 313 1148 292 1158 274 1150 267 1148 266 1148 215 1146 214 1146 213 1146 211 1146 194 1157 191 1159 165 1159 165 1191"/></Shape>
	    <String CONTENT="1.Chron."
                    HPOS="165"
                    VPOS="1146"
                    WIDTH="150"
                    HEIGHT="60"
                    WC="0.9938489869236946"></String>
          </TextLine>
          <TextLine ID="line_3"
                    TAGREFS="LT8"
                    BASELINE="165 1240 246 1240" 
                    HPOS="165"
                    VPOS="1204"
                    WIDTH="81"
                    HEIGHT="53">
            <Shape><Polygon POINTS="165 1249 205 1257 206 1257 246 1249 246 1240 246 1211 165 1204 165 1240"/></Shape>
	    <String CONTENT="11.3."
                    HPOS="165"
                    VPOS="1204"
                    WIDTH="81"
                    HEIGHT="53"
                    WC="0.9991859316825866"></String>
          </TextLine>
        </TextBlock>
        <TextBlock HPOS="159.0"
                   VPOS="1255.0"
                   WIDTH="168.0"
                   HEIGHT="100.0"
                   ID="block_3"
                   TAGREFS="BT100009">
          <Shape><Polygon POINTS="326 1255 327 1351 159 1355 159 1259"/></Shape>
          <TextLine ID="line_4"
                    TAGREFS="LT8"
                    BASELINE="165 1287 324 1283" 
                    HPOS="163"
                    VPOS="1243"
                    WIDTH="161"
                    HEIGHT="66">
            <Shape><Polygon POINTS="165 1304 323 1309 324 1283 321 1243 257 1244 256 1244 253 1245 240 1252 222 1246 220 1246 219 1246 218 1246 217 1246 207 1253 163 1249 165 1287"/></Shape>
	    <String CONTENT="2.Rois II."
                    HPOS="163"
                    VPOS="1243"
                    WIDTH="161"
                    HEIGHT="66"
                    WC="0.96362344622612"></String>
          </TextLine>
          <TextLine ID="line_5"
                    TAGREFS="LT8"
                    BASELINE="168 1335 230 1332" 
                    HPOS="166"
                    VPOS="1304"
                    WIDTH="64"
                    HEIGHT="58">
            <Shape><Polygon POINTS="168 1362 230 1362 230 1332 227 1306 166 1304 168 1335"/></Shape>
	    <String CONTENT="17."
                    HPOS="166"
                    VPOS="1304"
                    WIDTH="64"
                    HEIGHT="58"
                    WC="0.999991774559021"></String>
          </TextLine>
        </TextBlock>
        <TextBlock HPOS="155.0"
                   VPOS="1633.0"
                   WIDTH="172.0"
                   HEIGHT="122.0"
                   ID="block_4"
                   TAGREFS="BT100009">
          <Shape><Polygon POINTS="327 1633 327 1755 155 1755 155 1633"/></Shape>
          <TextLine ID="line_33"
                    TAGREFS="LT8"
                    BASELINE="163 1679 323 1678" 
                    HPOS="161"
                    VPOS="1617"
                    WIDTH="160"
                    HEIGHT="79">
            <Shape><Polygon POINTS="161 1696 321 1696 321 1677 321 1632 161 1617 161 1677"/></Shape>
	    <String CONTENT="Xenoph."
                    HPOS="161"
                    VPOS="1617"
                    WIDTH="160"
                    HEIGHT="79"
                    WC="0.9999650887080601"></String>
          </TextLine>
          <TextLine ID="line_6"
                    TAGREFS="LT8"
                    BASELINE="163 1728 310 1726" 
                    HPOS="162"
                    VPOS="1688"
                    WIDTH="148"
                    HEIGHT="66">
            <Shape><Polygon POINTS="165 1754 191 1744 223 1753 224 1753 226 1753 227 1753 228 1753 230 1753 230 1752 237 1745 269 1752 272 1752 274 1752 275 1752 276 1752 292 1743 305 1750 310 1726 308 1697 241 1688 240 1688 239 1688 211 1697 178 1691 176 1691 175 1691 174 1691 162 1697 163 1728"/></Shape>
	    <String CONTENT="au S.liu."
                    HPOS="162"
                    VPOS="1688"
                    WIDTH="148"
                    HEIGHT="66"
                    WC="0.9914452764723036"></String>
          </TextLine>
        </TextBlock>
        <TextBlock HPOS="1184.0"
                   VPOS="1988.0"
                   WIDTH="161.0"
                   HEIGHT="64.0"
                   ID="block_6"
                   TAGREFS="BT17">
          <Shape><Polygon POINTS="1345 1988 1345 2052 1188 2049 1184 1989"/></Shape>
          <TextLine ID="line_39"
                    TAGREFS="LT8"
                    BASELINE="1198 2026 1333 2025" 
                    HPOS="1196"
                    VPOS="1989"
                    WIDTH="136"
                    HEIGHT="82">
            <Shape><Polygon POINTS="1313 1989 1293 1989 1274 1989 1254 1989 1235 1989 1215 1989 1196 1989 1196 2024 1196 2057 1229 2071 1231 2071 1233 2071 1332 2067 1332 2024 1332 1989 1313 1989"/></Shape>
	    <String CONTENT="byſes,"
                    HPOS="1196"
                    VPOS="1989"
                    WIDTH="136"
                    HEIGHT="82"
                    WC="0.9999150236447653"></String>
          </TextLine>
        </TextBlock>
      </PrintSpace>
    </Page>
  </Layout>
</alto>
