1417 2338
351.0 98.0 92.0 70.0 190

358 164 1017 68 blic que par l’auis des Miris. ftent qu'ir lania

356 226 1015 71 au Parlemẽt, aux Eſtats, aux officiers du Roy¬

356.0 285.0 1015.0 68.0 aume leur autorité, & tout ce qui a eſté touſ¬

356.0 349.0 1016.0 67.0 iours obſerué au Royaume de France. Quand

356.0 401.0 1012.0 74.0 il entre en quelque ville ou prouince, il eſt te¬

356.0 463.0 1011.0 73.0 nu de confermer les priuileges d’icelle, & iu¬

354.0 523.0 1013.0 69.0 rer qu’il maintiendra les loix & couſtu¬

354.0 580.0 1013.0 70.0 mes d’icelles. Cela eſt eſtroittement obſerué

353.0 636.0 1012.0 77.0 à Thoulouſe, à la Rochelle, en Daulphiné, en

354.0 697.0 1012.0 77.0 Prouence & en Bretaigne, leſquelles villes &

354.0 762.0 1012.0 67.0 prouinces ont des conuentions expreſſes auec

356.0 818.0 1007.0 71.0 les Rois, ce qui ſeroit fruſtratoire, ſi la condi¬

353.0 878.0 1009.0 70.0 tion couchee au contract n’eſtoit valable. On

354 937 1006 76 lit encores auiourd’huy le ſerment des anciens

354 989 1000 84 Rois de Bourgongne, en ces termes ci, Ie gar

354.0 1050.0 1006.0 80.0 deray à tous Loy, iuſtice & protection. On

351.0 1115.0 1007.0 72.0 pratique en Angleterre, en Eſcoſſe, en Suede,

349.0 1179.0 1009.0 70.0 en Danemarch le meſme qu’en France: mais

344.0 1236.0 1011.0 71.0 il n’y a endroit où lon y tiene mieux la main

347.0 1296.0 1001.0 71.0 qu’en Eſpagne. Car au Royaume d’Aragon,

344.0 1358.0 1011.0 69.0 apres pluſieurs ceremonies paracheuees entre

344.0 1414.0 1010.0 71.0 celuy qui repreſente la iuſtice d’Aragon ou la

345.0 1472.0 1007.0 72.0 maieſté du public, eſleué en vn haut ſiege, &

341.0 1530.0 1012.0 74.0 le Roy qui doit eſtre ſacré, qui promet fideli¬

341.0 1591.0 1012.0 72.0 té & qui fait hommage: puis ayant leu les loix

338.0 1649.0 1012.0 74.0 & conditions à l’acompliſſement deſquelles il

338.0 1708.0 1011.0 74.0 eſt obligé, finalement les Seigneurs du Roy¬

332.0 1771.0 1017.0 68.0 aume parlent au Roy, en la ſorte qui a eſté de¬

328.0 1824.0 1018.0 77.0 ſcrite ci deſſus, page nI. Nous qui valons autãt

332.0 1893.0 1010.0 65.0 que vous, & qui pouuons plus que vous, vous

328.0 1947.0 1013.0 87.0 eſliſons Roy à telles & telles conditions: & y

672.0 101.0 435.0 60.0 TROISIESME

181 939 162 62 Es anna¬

181 989 165 76 les de Bour

185.0 1058.0 127.0 60.0 gongne.

1255.0 2015.0 85.0 63.0 en
