1426 2338
340.0 88.0 104.0 65.0 106

626.0 103.0 432.0 64.0 TROISTES ME

344.0 187.0 1006.0 50.0 la lanontequiert, queocraj role parduildunu¬

344.0 224.0 1006.0 76.0 tre qui a eſté fait pour luy. Ainſi c’eſt pour l’a¬

340.0 283.0 1008.0 71.0 mour de la nauire que le maiſtre d’icelle y eſta

336.0 341.0 1009.0 74.0 blit vn pilote, qui manie le gouuernail de peur

339.0 403.0 1007.0 68.0 qu’elle ne ſorte de ſa route, ou ſe briſe contre

336.0 458.0 1008.0 77.0 vn eſcueil. Le pilote faiſant ſa charge eſt obei

331.0 520.0 1006.0 70.0 des matelots, & de celuy meſmes qui eſt Sei¬

332.0 581.0 1006.0 71.0 gneur du vaiſſeau: cependant le pilote en eſt

328.0 644.0 1008.0 62.0 ſeruiteur, comme vn des moindres, d’auec leſ¬

331.0 696.0 1006.0 74.0 quels il ne differe ſinon en ce qu’il eſt grand

328.0 758.0 1009.0 69.0 ſeruiteur, & les autres ſont petis. En vne Re¬

330.0 820.0 1005.0 68.0 publique couſtumierement cõparee à vne na¬

328.0 876.0 1010.0 74.0 uire, le Roy tient place de pilote, le peuple eſt

327.0 935.0 1013.0 71.0 Seigneur du vaiſſeau, obeiſſant à ſon pilote, tã¬

328.0 996.0 1010.0 69.0 dis qu’il a ſoin du ſalut du public, encores que

326.0 1054.0 1010.0 69.0 ce pilote ne ſoit ni ne doiue eſtre eſtimé autre

327.0 1115.0 1008.0 73.0 choſe que ſeruiteur du public, comme quelque

327.0 1175.0 1009.0 68.0 iuge ou chef de guerre, & ne differe d’auec

327.0 1233.0 1002.0 61.0 les autres officiers, ſinon qu’il eſt tenu porter

327.0 1293.0 1001.0 72.0 plus grandes charges, & s’expoſer à beaucoup

328.0 1352.0 1003.0 70.0 plus de dangers. Pour ceſte cauſe auſsi tout ce

332.0 1413.0 999.0 69.0 que le Roy acquiert par les armes, ſoit qu’il ſe

328.0 1475.0 1001.0 68.0 empare des places frontieres en guerroyant

328.0 1531.0 1000.0 66.0 I’ennemi, ou par iuſtice & confiſcation, il l’ac¬

330.0 1592.0 998.0 66.0 quiert au Royaume, non pas à ſoy, aſauoir au

328.0 1650.0 996.0 71.0 peuple, de qui le Royaume eſt cõpoſé: ne plus

326.0 1710.0 998.0 65.0 ne moins que le ſeruiteur à ſon maiſtre: & ne

327.0 1769.0 992.0 72.0 peut-on contracter ni s’obliger à luy que par

326.0 1824.0 463.0 74.0 l’autorité du peuple.

378.0 1887.0 941.0 67.0 DAVANTAGE il y a infinis peuples qui

328.0 1948.0 991.0 74.0 viuent ſans Roy: mais on ne ſauroit imaginer

1251.0 2011.0 71.0 59.0 vn
