1417 2338
327.0 89.0 103.0 78.0 248

317.0 167.0 1006.0 70.0 cloſe & couuerte, & ne ſe ſoucieroit nullement

317.0 210.0 1006.0 93.0 du reſte, encores que la pluye gaſtaſt tout. Sẽ¬

318.0 277.0 1004.0 73.0 blablement tous les Rois Chreſtiens en rece¬

315.0 337.0 1009.0 77.0 uant l’eſpee au iour de leur ſacre promettent

315.0 393.0 1007.0 78.0 de maintenir l’Egliſe Catholique ou vniuer¬

312.0 453.0 1008.0 75.0 ſelle: & la ceremonie dont ils vſent alors mõ¬

310.0 511.0 1010.0 81.0 ſtre cela, car auec ceſté eſpee en main ils ſe tour

313.0 574.0 1006.0 78.0 nent vers Orient, Occident, Midi & Septen¬

313.0 633.0 1005.0 80.0 trion, afin que lon ſache que nulle partie du

312.0 693.0 1006.0 73.0 monde n’eſt exceptee. En ſe declairant ainſi

314.0 752.0 1002.0 77.0 protecteurs de l’Egliſe, cela s’entend infailli¬

309.0 809.0 1005.0 80.0 blement de la vraye, non pas de la fauſſe: au

306.0 874.0 1008.0 74.0 moyen dequoy ils doyuent s’employer à la re¬

310.0 931.0 1003.0 75.0 formation & vraye reſtauration de celle qu’ils

309.0 988.0 1004.0 80.0 tienent eſtre pure & vraye, c’eſt à dire Chre¬

308.0 1048.0 729.0 75.0 ſtienne & reglee parole de Dieu.

654.0 101.0 449.0 66.0 QVATRIESME

367 1110 940 78 NOVS auons des exemples pour prouuer

310 1169 997 77 que les princes craignans Dieu l’ont ainſi pra¬

305 1226 1002 84 tiqué. Du temps d’Ezechias Roy de Iuda, le

317 1278 988 91 Royaume d’Iſrael eſtoit des lõg tẽps au para¬

297.0 1346.0 1008.0 78.0 uant, aſauoir depuis le Roy Oſee, aſſerui au

299.0 1404.0 1003.0 80.0 Roy des Aſſyriẽs. Et pourtant ſi ſeulemẽt l’E¬

297.0 1462.0 1003.0 82.0 gliſe de Iuda, & non toute l’Egliſe vniuerſelle,

293.0 1522.0 1007.0 78.0 euſt eſté baillee en garde à Ezechias: & ſi en la

292.0 1583.0 1009.0 73.0 cõſeruatiõ de l’Egliſe il euſt falu tenir meſme

289.0 1665.0 1011.0 57.0 meſure qu’au paitage des terres, & en l’impoiſ

288.0 1701.0 1012.0 78.0 tiõ des tributs, il n’y a doute qu’Ezechias ſe fuſt

288.0 1767.0 1008.0 73.0 contenu en ſon pays lors que les Aſſyriens do¬

288.0 1822.0 1008.0 78.0 minoyent ainſi par tout. Or nous liſons qu’il

286.0 1884.0 1011.0 76.0 enuoya des poſtes en Iſrael, aſauoir vers les

286.0 1939.0 1006.0 85.0 ſuiets du Roy d’Aſſyrie pour les faire venir en

1157.0 2008.0 133.0 80.0 Ieru¬

140 1287 156 80 2.Chron

140.0 1344.0 62.0 70.0 30.
