1440 2338
98 188 1006 74 ple enuers le Prince: & que ces deuoirs mu¬

97.0 261.0 1008.0 63.0 tuels & reciproques ſont diſtinguez l’vn de

96.0 344.0 1009.0 37.0 fauuel Aeen que nlea, nature deleocoulta

94.0 372.0 1011.0 69.0 mes des peuples ont poſé des bornes au Prince

97.0 435.0 1011.0 67.0 & au peuple: que celui qui outrepaſſe les ſienes

98.0 490.0 1009.0 69.0 peche griefuemẽt cõtre Dieu, cõtre les bõnes

97.0 548.0 1008.0 70.0 loix, & cõtre le droict des Gents. Qu’en outre¬

100.0 607.0 1000.0 69.0 paſſant les bornes, l’eſtat tombe en cõfuſion,

94.0 667.0 1013.0 68.0 dõt s’enſuit rupture d’alliãce ciuile & humai¬

94.0 728.0 1010.0 69.0 ne: de là naiſt tyrannie, qui engẽdre ſedition,

96.0 785.0 1009.0 69.0 dõt procede la guerre ciuile. Au cõtraire ſi on

97.0 846.0 1005.0 65.0 eſtraint fermemẽt ce liẽ de la ſocieté humai¬

96.0 904.0 1008.0 71.0 ne, & qu’õ plante ces bornes & limites comme

97.0 965.0 1007.0 70.0 les Queſtiõs le mõſtrent & prouuent par prin

97.0 1027.0 1012.0 67.0 cipes veritables & equitables: il s’enſuit que la

97.0 1083.0 1011.0 70.0 doctrine de Machiauel, qui n’a que babil, qui

96.0 1144.0 1012.0 69.0 eſt meſchãte & pernicieuſe au gẽre humain, ſe

93.0 1202.0 1015.0 70.0 ruine de ſoy-meſme, & ne peut ſubſiſter en ſor

97.0 1263.0 1012.0 72.0 te que ce ſoit. Et n’y a hõme qui luy puiſſe four

97.0 1320.0 1015.0 75.0 nir aſſez fermes eſtãçons pour l’appuyer & ſou

96.0 1379.0 1016.0 70.0 ſtenir. Toutesfois, que les Machiauelliſtes en¬

93.0 1437.0 1022.0 71.0 trẽt en chãpde bataille, ſi bõ leur ſemble. Nous

94.0 1502.0 1019.0 68.0 nous aiderõs de ces vrayes & legitimes armes

96.0 1559.0 1017.0 69.0 de l’Eſcriture ſaincte, de la Philoſophie mora¬

94.0 1615.0 1022.0 73.0 le & politique, des loix, des couſtumes des peu

100.0 1679.0 1013.0 69.0 ples, & des exẽples que fourniſſẽt les hiſtoires:

97.0 1740.0 1020.0 66.0 puis nous viẽdrons hardimẽt aux mains cõtre

96.0 1797.0 1020.0 68.0 eux. S’ils ne veulẽt ioindre, ils mõſtrẽt leur mau

94.0 1852.0 1021.0 75.0 uai ſe cõſciẽce, & cõfeſſeront par cela qu’ils ſõt

97.0 1917.0 1014.0 71.0 vaincus. S’ils s’excuſent à cauſe des armes, qui

96 1976 1012 69 toutesfois ſont pour les vns & pour les autres,

94 2035 1014 84 qu’auons-nous beſoin de nous plus arreſter

414.0 131.0 339.0 63.0 PREFACE.

1060.0 118.0 55.0 75.0 11
