1412 2338
325.0 116.0 88.0 72.0 180

323.0 188.0 1007.0 67.0 ce droit ſuſmentionné demeure touſiours en

322.0 245.0 1010.0 70.0 ſon entier. Concluõs pour la fin, que les Rois

323.0 300.0 1007.0 72.0 ne ſont proprietaires ni vſufruictiers du Do¬

323.0 358.0 1008.0 75.0 maine, ains adminiſtrateurs ſeulement: & puis

326.0 419.0 1006.0 74.0 qu’il eſt ainſi, ils ne ſe peuuẽt attribuer la pro¬

326.0 475.0 1004.0 82.0 prieté, ni l’vſage, ni le fruict des biens aparte¬

326.0 541.0 1006.0 70.0 nans aux particuliers, moins encor de ceux du

329.0 594.0 998.0 84.0 public qui ſont en la puiſſance des villes & cõ¬

328.0 668.0 255.0 61.0 munautez.

649.0 116.0 431.0 61.0 TROISIESME

381.0 710.0 943.0 81.0 MAIS auant que paſſer plus outre, il nous

333.0 765.0 997.0 84.0 faut icy reſoudre vne difficulté. Le peuple

159.0 841.0 156.0 94.0 1. Sam.8

333.0 824.0 997.0 85.0 Iſraelite ayant demãdé vn Roy, le Seigneur dit

331.0 886.0 997.0 84.0 à Samuel, eſcoute la voix du peuple: cependant

332.0 952.0 1000.0 74.0 fay leur entẽdre quel ſera le droit du Roy qui

329.0 1015.0 1002.0 76.0 regnera ſur eux. Alors Samuel declaire entre

329.0 1074.0 999.0 76.0 autres parties de ce droit, que le Roy s’empa¬

329.0 1135.0 1002.0 71.0 rera des champs, vignes & arbres des particu¬

331.0 1191.0 1001.0 78.0 liers pour s’on accõmoder & enrichir ſes ſer¬

331.0 1248.0 1004.0 79.0 uiteurs: brief qu’il rendra le peuple eſclaue. On

328.0 1311.0 1006.0 77.0 ne ſauroit dire combien nos Courtiſans d’au¬

328.0 1370.0 1009.0 76.0 iourd’huy font valoir ce texte, encores qu’au

328.0 1433.0 1006.0 73.0 demeurant ils tienent autãt de compte de tou¬

327.0 1485.0 1012.0 80.0 te l’Eſcriture ſaincte que d’vne fable. En ce paſ

329.0 1549.0 1006.0 73.0 ſage Dieu veut deſcouurir aux Iſraelites leur

332.0 1608.0 1003.0 81.0 legereté, en ce qu’ayans leur Seigneur ſouue¬

329.0 1667.0 1007.0 80.0 rain touſiours au milieu d’eux, qui leur dõnoit

332.0 1726.0 1004.0 79.0 des bons & ſages iuges & chefs de guerre quãd

332.0 1791.0 1004.0 71.0 on les luy demandoit, toutesfois aimoyent

333.0 1848.0 1001.0 74.0 mieux s’aſſuiettir au cõmandement d’vn pau¬

331.0 1902.0 1000.0 78.0 ure hõme muable & mortel, qu’à la ferme do¬

331.0 1965.0 990.0 83.0 mination de Dieu immortel & immuable. I

163.0 911.0 138.0 69.0 7,9.14.

1219.0 2023.0 107.0 68.0 leur
