1450 2338
349.0 85.0 91.0 74.0 176

352.0 151.0 1033.0 71.0 n’auoyent excedé la ſomme de nonante qua¬

350.0 209.0 1028.0 67.0 tre mille francs, montoyent en ce miſerable e¬

350.0 266.0 1031.0 75.0 ſtat du public alors à la ſomme de cinq cens

353.0 326.0 1024.0 70.0 quarante mille francs. Or comme le Domaine

349.0 383.0 1028.0 74.0 eſtoit employé aux afaires ſuſmẽtionnez, auſ¬

345.0 446.0 1029.0 72.0 ſi les aides n’eſtoyent que pour la guerre, &

344.0 503.0 1029.0 75.0 les tailles aſſignees pour le payemẽt des genſ¬

341.0 562.0 1033.0 77.0 darmes, & nõ pour autre choſe. Es autres Roy¬

344.0 624.0 1028.0 72.0 aumes le Roy n’a pas plus d’autorité, & en

344.0 685.0 1028.0 70.0 pluſieurs en a-il encores moins, ſpecialement

344.0 742.0 1026.0 73.0 en l’Empire d’Alemagne & en Pologne. Mais

348.0 805.0 1024.0 71.0 nous en auons fait la preuue ſur le Royaume

348.0 861.0 1021.0 74.0 de France, afin que lon ne penſe qu’iceluy ait

352.0 922.0 1014.0 76.0 quelque prerogatiue par deſſus les autres, ſous

353.0 981.0 1012.0 76.0 pretexte que lon s’y dõne beaucoup de licen¬

352.0 1044.0 371.0 67.0 ce ſur le public.

657.0 88.0 440.0 60.0 TROISTESME

409.0 1100.0 956.0 70.0 EN ſomme, comme dit a eſté ci deuant, ce

353.0 1161.0 1011.0 65.0 nom de Roy ne ſignifie point heritage, ni

352.0 1218.0 1010.0 76.0 proprieté, ni vſufruict, ains charge & pro¬

356 1274 1000 74 curation. Comme l’Eueſque a eſté eſleu pour

181.0 1291.0 138.0 72.0 Ex Con

362 1381 1000 29 aen lem anllcacamearaainielcey de

171.0 1357.0 1191.0 51.0 cil. Valẽt. Ruon lon du laide deoumeoyauririercoy deu

177.0 1400.0 164.0 61.0 in c.1. de

356 1396 1004 74 ſté eſtabli pour conſeruer les corps & biens

352.0 1455.0 1006.0 64.0 du peuple, entant que cela concerne le bien

352.0 1511.0 1002.0 82.0 public: l’vn eſt diſpenſateur des biens celeſtes,

169.0 1529.0 172.0 86.0 prelat abi

348 1576 1008 70 l’autre des profanes: & tel droit que l’vn a és

171.0 1591.0 154.0 59.0 que con¬

350 1634 1004 76 biens Epiſcopaux, l’autre l’a pareil & non plus

173.0 1638.0 168.0 78.0 ſẽſu capit.

343.0 1693.0 1013.0 74.0 grãd au Domaine. Si l’Eueſque aliene les biẽs

337.0 1754.0 1012.0 70.0 de l’Eueſché ſans le conſentemẽt du chapitre,

336.0 1811.0 1020.0 73.0 ceſte alienation n’eſt valable: Si le Roy aliene

335.0 1872.0 1020.0 69.0 le Domaine ſans le vouloir des Eſtats, cela eſt

336.0 1928.0 1016.0 87.0 de nul effect. Vne portion des biens Eccleſia¬

174.0 1452.0 132.0 59.0 his quæ

172.0 1498.0 129.0 51.0 fiunt à

1188.0 1995.0 167.0 72.0 ſtiques
