<?xml version="1.0" encoding="UTF-8"?>
<alto xmlns:xsi="http://www.w3.org/2001/XMLSchema-instance"
      xmlns="http://www.loc.gov/standards/alto/ns-v4#"
      xsi:schemaLocation="http://www.loc.gov/standards/alto/ns-v4# http://www.loc.gov/standards/alto/v4/alto-4-2.xsd">
  <Description>
    <MeasurementUnit>pixel</MeasurementUnit>
    <sourceImageInformation>
      <fileName>page_00118.png</fileName>
    </sourceImageInformation>
  </Description>
  <Tags>
    <OtherTag ID="BT7" LABEL="CustomZone" DESCRIPTION="block type CustomZone"/><OtherTag ID="BT8" LABEL="DamageZone" DESCRIPTION="block type DamageZone"/><OtherTag ID="BT9" LABEL="DigitizationArtefactZone" DESCRIPTION="block type DigitizationArtefactZone"/><OtherTag ID="BT10" LABEL="DropCapitalZone" DESCRIPTION="block type DropCapitalZone"/><OtherTag ID="BT11" LABEL="GraphicZone" DESCRIPTION="block type GraphicZone"/><OtherTag ID="BT12" LABEL="MainZone" DESCRIPTION="block type MainZone"/><OtherTag ID="BT13" LABEL="MarginTextZone" DESCRIPTION="block type MarginTextZone"/><OtherTag ID="BT14" LABEL="MusicZone" DESCRIPTION="block type MusicZone"/><OtherTag ID="BT15" LABEL="NumberingZone" DESCRIPTION="block type NumberingZone"/><OtherTag ID="BT17" LABEL="QuireMarksZone" DESCRIPTION="block type QuireMarksZone"/><OtherTag ID="BT18" LABEL="RunningTitleZone" DESCRIPTION="block type RunningTitleZone"/><OtherTag ID="BT19" LABEL="SealZone" DESCRIPTION="block type SealZone"/><OtherTag ID="BT20" LABEL="StampZone" DESCRIPTION="block type StampZone"/><OtherTag ID="BT21" LABEL="TableZone" DESCRIPTION="block type TableZone"/><OtherTag ID="BT22" LABEL="TitlePageZone" DESCRIPTION="block type TitlePageZone"/><OtherTag ID="BT100001" LABEL="MainZone-Head" DESCRIPTION="block type MainZone-Head"/><OtherTag ID="BT100011" LABEL="MainZone-Entry" DESCRIPTION="block type MainZone-Entry"/><OtherTag ID="BT100005" LABEL="MainZone-P" DESCRIPTION="block type MainZone-P"/><OtherTag ID="BT100008" LABEL="MainZone-Sp" DESCRIPTION="block type MainZone-Sp"/><OtherTag ID="BT100006" LABEL="MainZone-Continued" DESCRIPTION="block type MainZone-Continued"/><OtherTag ID="BT100009" LABEL="MarginTextZone-Notes" DESCRIPTION="block type MarginTextZone-Notes"/><OtherTag ID="BT100007" LABEL="MarginTextZone-ManuscriptAddendum" DESCRIPTION="block type MarginTextZone-ManuscriptAddendum"/><OtherTag ID="BT100013" LABEL="StampZone-Sticker" DESCRIPTION="block type StampZone-Sticker"/><OtherTag ID="BT100014" LABEL="MainZone-ListItem" DESCRIPTION="block type MainZone-ListItem"/>
    <OtherTag ID="LT7" LABEL="CustomLine" DESCRIPTION="line type CustomLine"/><OtherTag ID="LT8" LABEL="DefaultLine" DESCRIPTION="line type DefaultLine"/><OtherTag ID="LT9" LABEL="DropCapitalLine" DESCRIPTION="line type DropCapitalLine"/><OtherTag ID="LT10" LABEL="HeadingLine" DESCRIPTION="line type HeadingLine"/><OtherTag ID="LT11" LABEL="InterlinearLine" DESCRIPTION="line type InterlinearLine"/><OtherTag ID="LT12" LABEL="MusicLine" DESCRIPTION="line type MusicLine"/><OtherTag ID="LT747" LABEL="default" DESCRIPTION="line type default"/>
  </Tags>
  <Layout>
    <Page WIDTH="1431"
          HEIGHT="2333"
          PHYSICAL_IMG_NR="117"
          ID="eSc_dummypage_">
      <PrintSpace HPOS="0"
                  VPOS="0"
                  WIDTH="1431"
                  HEIGHT="2333">
        <TextBlock HPOS="330.0"
                   VPOS="99.0"
                   WIDTH="78.0"
                   HEIGHT="62.0"
                   ID="block_1"
                   TAGREFS="BT15">
          <Shape><Polygon POINTS="408 99 408 161 330 161 330 99"/></Shape>
          <TextLine ID="line_2"
                    TAGREFS="LT8"
                    BASELINE="329 149 409 146" 
                    HPOS="326"
                    VPOS="89"
                    WIDTH="83"
                    HEIGHT="78">
            <Shape><Polygon POINTS="329 149 329 167 409 156 409 146 404 89 378 90 377 90 375 90 373 93 362 101 326 99 329 149"/></Shape>
	    <String CONTENT="118"
                    HPOS="326"
                    VPOS="89"
                    WIDTH="83"
                    HEIGHT="78"
                    WC="0.9999761978785197"></String>
          </TextLine>
        </TextBlock>
        <TextBlock HPOS="294.0"
                   VPOS="177.0"
                   WIDTH="1040.0"
                   HEIGHT="1597.0"
                   ID="block_5"
                   TAGREFS="BT100006">
          <Shape><Polygon POINTS="1334 190 1302 1774 294 1771 319 284 320 177"/></Shape>
          <TextLine ID="line_3"
                    TAGREFS="LT8"
                    BASELINE="322 212 1333 226" 
                    HPOS="321"
                    VPOS="187"
                    WIDTH="1012"
                    HEIGHT="59">
            <Shape><Polygon POINTS="1332 220 1319 220 1306 220 1293 220 1280 220 1267 220 1254 220 1241 220 1228 220 1215 220 1202 220 1189 220 1176 220 1163 220 1151 220 1138 220 1125 220 1112 220 1099 220 1086 220 1073 220 1060 220 1047 220 1034 220 1021 220 1008 220 995 220 982 220 969 220 956 220 943 220 930 220 917 217 904 217 891 217 878 217 865 217 852 217 839 217 826 217 815 212 802 212 789 212 776 212 763 212 750 212 737 212 724 212 711 212 698 212 685 212 672 212 659 212 646 212 633 212 620 212 607 212 594 212 581 212 569 212 556 212 543 212 530 212 517 212 504 212 491 212 478 212 465 212 452 212 439 212 425 212 412 212 399 212 397 190 394 189 391 187 390 187 322 187 322 212 321 224 353 234 355 234 356 234 412 226 435 235 436 235 438 235 518 229 541 237 543 237 544 237 645 230 658 230 663 230 696 238 697 238 698 238 721 232 724 232 725 232 736 239 737 239 738 239 740 239 772 233 781 232 869 232 877 235 898 242 899 242 900 242 902 242 917 235 919 235 921 235 941 242 942 242 943 242 994 237 1004 237 1014 238 1052 243 1053 243 1055 243 1071 239 1081 237 1101 239 1149 246 1151 246 1332 243 1333 226 1332 220"/></Shape>
	    <String CONTENT="il yla quenqueounnces auce lEmpereur Ciarx"
                    HPOS="321"
                    VPOS="187"
                    WIDTH="1012"
                    HEIGHT="59"
                    WC="0.959427189259302"></String>
          </TextLine>
          <TextLine ID="line_4"
                    TAGREFS="LT8"
                    BASELINE="320 272 1335 282" 
                    HPOS="318"
                    VPOS="228"
                    WIDTH="1017"
                    HEIGHT="76">
            <Shape><Polygon POINTS="320 272 318 283 439 285 440 286 464 298 465 298 466 298 557 289 569 287 598 289 702 295 703 295 737 291 749 290 755 291 782 300 784 300 785 300 786 300 814 292 824 290 858 292 955 303 956 304 1043 304 1043 303 1044 303 1046 303 1055 296 1061 292 1071 296 1087 303 1088 303 1090 303 1333 300 1335 282 1335 250 1267 237 1266 237 1208 247 1206 247 1081 247 1081 246 1057 235 1056 235 1055 235 1053 235 1034 244 985 238 983 238 982 238 959 244 957 244 852 244 851 243 836 233 834 233 833 233 832 233 786 239 771 232 769 232 768 232 728 239 696 230 694 230 530 229 528 229 470 238 464 239 462 238 442 228 440 228 439 228 365 235 337 228 335 228 334 228 333 228 331 228 320 234 320 272"/></Shape>
	    <String CONTENT="ies cinquieſme, le Parlement y doit entrepo¬"
                    HPOS="318"
                    VPOS="228"
                    WIDTH="1017"
                    HEIGHT="76"
                    WC="0.989187250083143"></String>
          </TextLine>
          <TextLine ID="line_5"
                    TAGREFS="LT8"
                    BASELINE="318 330 1333 343" 
                    HPOS="318"
                    VPOS="283"
                    WIDTH="1015"
                    HEIGHT="81">
            <Shape><Polygon POINTS="318 330 320 351 343 343 418 343 432 349 434 349 435 349 513 344 549 353 550 353 552 353 553 353 587 346 628 355 635 356 636 356 637 356 640 355 668 347 705 353 706 353 732 348 750 356 751 356 753 356 804 348 833 357 836 359 837 359 966 360 968 360 972 360 1008 351 1069 361 1074 361 1075 361 1081 361 1123 355 1132 361 1132 362 1134 362 1135 362 1136 364 1226 364 1226 362 1227 362 1241 356 1270 364 1272 364 1274 364 1275 364 1276 364 1278 364 1296 356 1331 364 1333 343 1332 309 1245 309 1240 307 1219 295 1218 295 1217 295 1215 295 1193 305 1189 307 1184 305 1154 295 1153 295 1152 295 1151 295 1130 304 1123 307 1044 307 1035 301 1021 294 1020 294 1018 294 1017 294 1016 294 1007 300 1000 305 928 305 877 298 825 290 824 290 798 295 784 298 775 295 762 290 760 290 759 290 758 290 750 294 738 300 727 294 719 289 718 289 716 289 715 289 685 292 623 300 592 294 591 294 535 298 523 289 522 289 521 289 519 289 461 294 451 286 449 286 448 286 447 286 439 286 365 290 318 283 318 330"/></Shape>
	    <String CONTENT="ſer ſon autorité, &amp; faut que lon couche en"
                    HPOS="318"
                    VPOS="283"
                    WIDTH="1015"
                    HEIGHT="81"
                    WC="0.9959037761355556"></String>
          </TextLine>
          <TextLine ID="line_6"
                    TAGREFS="LT8"
                    BASELINE="316 388 1331 404" 
                    HPOS="316"
                    VPOS="346"
                    WIDTH="1015"
                    HEIGHT="76">
            <Shape><Polygon POINTS="316 388 316 401 399 401 403 401 427 410 429 410 430 410 526 404 531 404 539 404 685 413 686 413 725 406 729 406 734 406 824 417 825 417 826 417 855 410 939 410 950 418 951 418 952 418 954 418 1007 412 1022 419 1023 419 1025 419 1074 414 1088 421 1090 421 1091 421 1092 421 1117 413 1161 422 1162 422 1329 414 1331 404 1328 370 1310 370 1307 369 1294 359 1293 359 1292 359 1258 359 1257 359 1256 359 1254 359 1245 366 1219 357 1218 357 1217 357 1215 357 1196 366 1176 357 1175 357 1128 356 1127 356 1126 356 1109 364 1104 366 1097 364 1079 357 1078 357 1077 357 1029 362 990 366 885 365 876 359 867 352 865 352 864 352 863 352 861 352 860 352 854 359 845 365 823 365 714 362 697 355 692 352 690 352 689 352 679 353 648 360 614 352 611 352 610 352 609 352 607 352 583 360 552 351 537 347 536 347 535 347 513 349 460 357 419 347 409 346 316 346 316 388"/></Shape>
	    <String CONTENT="ſes regiſtres tout ce qui concerne le public:"
                    HPOS="316"
                    VPOS="346"
                    WIDTH="1015"
                    HEIGHT="76"
                    WC="0.9830125649770101"></String>
          </TextLine>
          <TextLine ID="line_7"
                    TAGREFS="LT8"
                    BASELINE="316 448 1333 462" 
                    HPOS="314"
                    VPOS="404"
                    WIDTH="1019"
                    HEIGHT="79">
            <Shape><Polygon POINTS="316 448 314 458 405 460 430 471 431 471 432 471 575 464 777 476 779 476 838 471 964 478 965 478 966 478 988 471 1004 479 1005 479 1007 480 1086 480 1086 479 1087 479 1104 473 1119 480 1121 480 1122 480 1298 475 1316 483 1318 483 1319 483 1320 483 1322 483 1332 473 1333 462 1333 425 1315 417 1314 417 1240 416 1200 416 1198 416 1197 416 1176 423 1169 426 907 423 896 419 867 410 865 410 864 410 808 418 790 421 785 418 780 413 779 413 777 413 776 413 732 417 718 418 710 417 675 408 674 408 672 408 671 408 670 408 659 416 649 408 648 408 646 408 645 408 613 413 594 406 593 406 571 406 570 406 569 406 567 406 557 414 554 417 552 414 539 406 537 406 536 406 535 406 477 413 454 416 370 416 365 412 352 404 351 404 349 404 348 404 316 410 316 448"/></Shape>
	    <String CONTENT="&amp; rien n’eſt ferme que premierement il n’ait"
                    HPOS="314"
                    VPOS="404"
                    WIDTH="1019"
                    HEIGHT="79"
                    WC="0.9923333525657654"></String>
          </TextLine>
          <TextLine ID="line_8"
                    TAGREFS="LT8"
                    BASELINE="314 505 991 521 1331 521" 
                    HPOS="313"
                    VPOS="458"
                    WIDTH="1018"
                    HEIGHT="85">
            <Shape><Polygon POINTS="314 505 313 517 696 533 697 533 738 526 742 526 745 526 772 535 773 535 775 535 834 528 836 528 838 528 911 537 912 537 913 537 937 532 1004 539 1005 539 1007 539 1022 532 1025 531 1027 532 1052 540 1053 540 1055 540 1104 533 1108 533 1113 533 1189 543 1191 543 1227 536 1236 535 1328 537 1331 521 1329 487 1301 487 1298 486 1279 476 1278 476 1276 476 1275 476 1252 486 1249 486 1153 486 1149 483 1119 473 1118 473 1117 473 1058 482 1049 483 1038 482 972 470 970 470 926 479 922 480 920 479 906 473 904 473 903 473 811 476 799 469 798 469 797 469 795 469 794 469 776 478 775 478 768 478 694 465 693 465 627 471 602 464 601 464 600 464 598 464 597 464 581 474 580 475 556 475 553 474 524 464 523 464 522 464 521 464 504 473 457 473 436 461 435 461 434 461 384 465 342 458 340 458 339 458 314 469 314 505"/></Shape>
	    <String CONTENT="eſté aprouué du Parlement. Et afin que les"
                    HPOS="313"
                    VPOS="458"
                    WIDTH="1018"
                    HEIGHT="85"
                    WC="0.9877864298495379"></String>
          </TextLine>
          <TextLine ID="line_9"
                    TAGREFS="LT8"
                    BASELINE="314 565 1329 580" 
                    HPOS="313"
                    VPOS="519"
                    WIDTH="1016"
                    HEIGHT="84">
            <Shape><Polygon POINTS="314 565 313 576 408 579 431 591 432 591 434 591 435 591 474 580 477 580 491 592 492 592 493 592 495 592 550 581 557 581 565 583 613 591 614 591 661 584 667 584 670 584 693 594 694 594 763 596 764 596 804 588 811 587 817 588 851 596 852 596 982 592 1053 589 1075 593 1112 601 1189 602 1191 602 1192 602 1214 597 1231 592 1241 597 1253 603 1254 603 1256 603 1257 603 1279 598 1300 593 1327 598 1329 580 1329 548 1309 540 1307 540 1306 540 1276 546 1245 532 1244 532 1243 532 1241 532 1214 546 1202 546 1161 546 1160 545 1135 533 1134 533 1132 533 1131 533 1130 533 1116 544 1114 544 1109 544 1055 537 1053 537 1009 541 991 543 985 541 969 535 968 535 966 535 926 540 907 541 890 539 821 526 820 526 785 533 763 526 762 526 760 526 662 530 613 523 611 523 610 523 584 531 567 536 536 531 483 521 435 521 434 521 432 521 431 521 422 527 416 533 397 527 375 519 374 519 373 519 314 524 314 565"/></Shape>
	    <String CONTENT="Conſeillers de ce Parlement ne craigniſſent"
                    HPOS="313"
                    VPOS="519"
                    WIDTH="1016"
                    HEIGHT="84"
                    WC="0.988505411979764"></String>
          </TextLine>
          <TextLine ID="line_10"
                    TAGREFS="LT8"
                    BASELINE="313 624 1329 640" 
                    HPOS="312"
                    VPOS="581"
                    WIDTH="1017"
                    HEIGHT="81">
            <Shape><Polygon POINTS="313 624 312 637 431 640 444 650 445 650 447 650 497 651 499 651 566 644 579 651 580 651 581 651 583 651 584 651 602 644 627 651 628 651 629 651 631 651 651 644 753 645 764 655 766 655 767 655 768 655 843 649 882 657 884 657 885 657 907 648 1014 659 1016 659 1017 659 1046 650 1075 661 1077 661 1160 662 1161 662 1328 653 1329 640 1329 598 1281 597 1280 597 1279 597 1250 609 1189 602 1188 602 1161 607 1136 600 1135 600 1134 600 1132 600 1112 606 1073 600 1071 600 911 603 894 591 893 591 891 591 860 591 849 591 847 591 846 591 825 602 807 591 806 591 804 591 803 591 802 591 780 602 744 602 727 593 725 593 724 593 670 600 649 587 648 587 646 587 626 587 624 587 623 587 622 587 585 598 559 592 558 592 557 592 487 597 454 584 453 584 452 584 451 584 431 594 418 584 417 584 416 584 313 581 313 624"/></Shape>
	    <String CONTENT="le Roy, ancienement ils ne paruenoyent à"
                    HPOS="312"
                    VPOS="581"
                    WIDTH="1017"
                    HEIGHT="81"
                    WC="0.9916981923870924"></String>
          </TextLine>
          <TextLine ID="line_11"
                    TAGREFS="LT8"
                    BASELINE="311 683 1324 699" 
                    HPOS="309"
                    VPOS="640"
                    WIDTH="1015"
                    HEIGHT="83">
            <Shape><Polygon POINTS="311 683 309 699 344 698 362 702 390 708 391 708 392 708 394 708 403 702 407 701 474 701 484 703 504 710 505 710 622 712 623 712 654 706 670 703 701 707 737 711 738 711 758 707 767 706 771 707 777 712 779 712 780 712 781 712 782 712 793 708 799 706 806 708 825 715 826 715 828 715 874 710 885 708 894 710 939 718 941 718 986 711 1005 708 1031 711 1099 720 1100 720 1101 720 1118 712 1131 712 1244 712 1249 715 1261 723 1262 723 1263 723 1265 723 1323 715 1324 699 1323 657 1245 666 1182 666 1161 654 1161 653 1160 653 1158 653 1157 653 1152 653 1128 658 1093 653 1083 651 1082 651 1081 651 1079 651 1079 653 1066 661 1013 662 996 651 996 650 995 650 994 650 992 650 986 651 938 661 920 650 919 649 917 649 916 649 915 649 907 650 856 659 825 659 807 648 806 648 804 648 803 648 802 648 801 648 789 655 755 649 754 649 699 657 636 657 624 645 623 645 623 644 622 644 620 644 619 644 601 645 515 653 496 644 493 642 492 642 491 642 473 642 394 648 383 641 381 640 379 640 378 640 377 640 311 640 311 683"/></Shape>
	    <String CONTENT="tel eſtat que par nomination de tout le corps"
                    HPOS="309"
                    VPOS="640"
                    WIDTH="1015"
                    HEIGHT="83"
                    WC="0.9988435096210904"></String>
          </TextLine>
          <TextLine ID="line_12"
                    TAGREFS="LT8"
                    BASELINE="314 743 1326 758" 
                    HPOS="313"
                    VPOS="699"
                    WIDTH="1013"
                    HEIGHT="81">
            <Shape><Polygon POINTS="314 743 313 756 499 771 500 771 501 771 502 771 518 762 549 762 588 762 589 762 622 772 623 772 624 772 626 772 627 772 641 763 657 772 658 772 659 772 727 764 728 764 729 764 773 775 775 776 814 776 814 775 815 775 816 775 829 766 832 766 874 775 876 775 877 775 898 768 909 776 911 776 912 776 913 776 969 771 978 777 979 777 981 777 982 777 1026 769 1033 768 1038 769 1070 778 1071 778 1073 778 1074 778 1099 772 1123 778 1125 778 1126 778 1171 772 1196 778 1197 778 1198 778 1200 778 1219 772 1226 771 1240 772 1289 780 1291 780 1324 773 1326 758 1326 719 1288 712 1287 712 1285 712 1274 718 1262 724 1252 718 1244 712 1243 712 1241 712 1240 712 1239 712 1226 718 1214 721 1197 718 1173 711 1171 711 1170 711 1141 716 1121 721 1109 716 1093 710 1092 710 1091 710 1090 710 1069 716 1051 721 782 719 775 714 764 708 763 708 762 708 760 708 747 714 742 716 731 714 683 703 633 703 632 703 631 703 629 703 615 712 611 715 602 712 584 708 583 708 581 708 543 712 527 714 523 712 500 701 499 701 465 701 464 701 462 701 440 711 407 699 405 699 404 699 403 699 377 711 351 699 349 699 348 699 347 699 314 710 314 743"/></Shape>
	    <String CONTENT="de la Cour, ni ne pouuoyent eſtre deſmis"
                    HPOS="313"
                    VPOS="699"
                    WIDTH="1013"
                    HEIGHT="81"
                    WC="0.9875411257147789"></String>
          </TextLine>
          <TextLine ID="line_13"
                    TAGREFS="LT8"
                    BASELINE="313 803 1326 819" 
                    HPOS="312"
                    VPOS="759"
                    WIDTH="1014"
                    HEIGHT="83">
            <Shape><Polygon POINTS="313 803 312 826 337 828 338 828 339 828 340 828 359 817 480 817 518 828 519 828 521 828 522 828 541 820 588 820 644 832 650 833 651 833 658 833 712 823 745 834 747 834 749 834 750 835 801 835 801 834 802 834 819 825 834 835 836 835 837 835 838 835 845 835 898 829 961 837 964 837 965 837 966 837 968 837 979 829 1061 838 1073 839 1074 839 1081 839 1135 829 1201 835 1202 835 1240 830 1323 842 1326 819 1326 780 1306 771 1305 771 1303 771 1139 775 1123 768 1122 768 1121 768 1033 769 1031 769 1030 769 1020 777 1014 781 1000 777 988 775 987 775 986 775 858 776 747 777 738 775 699 762 698 762 697 762 645 772 633 763 632 763 631 763 566 759 565 759 499 772 489 773 470 772 349 760 348 760 347 760 313 769 313 803"/></Shape>
	    <String CONTENT="pour cauſe legitime, que par l’autorité du"
                    HPOS="312"
                    VPOS="759"
                    WIDTH="1014"
                    HEIGHT="83"
                    WC="0.9878451436064964"></String>
          </TextLine>
          <TextLine ID="line_14"
                    TAGREFS="LT8"
                    BASELINE="312 859 935 876 1324 877" 
                    HPOS="311"
                    VPOS="815"
                    WIDTH="1013"
                    HEIGHT="85">
            <Shape><Polygon POINTS="312 859 311 873 540 878 559 889 561 889 562 889 623 882 689 891 690 891 741 882 753 891 753 893 754 893 755 893 756 893 869 885 871 885 872 885 943 896 944 896 1068 889 1069 889 1144 900 1145 900 1210 893 1296 900 1297 900 1298 900 1323 893 1324 877 1323 835 1202 843 1184 834 1178 830 1176 830 1175 830 1174 830 1166 833 1151 841 1135 833 1126 829 1125 829 1123 829 1122 829 1110 833 1087 841 1033 832 992 826 991 826 990 826 988 826 982 832 973 839 943 839 926 832 913 826 912 826 911 826 909 826 899 832 891 834 885 830 877 828 876 828 874 828 858 830 833 835 826 830 817 823 816 823 815 823 814 823 756 828 737 821 736 821 734 821 733 821 702 829 692 820 690 820 689 820 688 820 686 820 662 829 654 832 562 832 554 828 527 817 526 817 524 817 482 828 479 828 475 828 435 815 434 815 432 815 377 826 374 826 312 826 312 859"/></Shape>
	    <String CONTENT="meſme corps. Qui plus eſt, ſi les lettres du"
                    HPOS="311"
                    VPOS="815"
                    WIDTH="1013"
                    HEIGHT="85"
                    WC="0.9952573261477731"></String>
          </TextLine>
          <TextLine ID="line_15"
                    TAGREFS="LT8"
                    BASELINE="313 921 947 935 1323 935" 
                    HPOS="313"
                    VPOS="880"
                    WIDTH="1010"
                    HEIGHT="79">
            <Shape><Polygon POINTS="313 921 313 935 366 935 369 935 387 946 388 946 390 946 439 937 443 937 451 937 581 948 583 948 584 948 615 939 616 939 627 946 628 946 629 946 779 952 780 952 851 943 854 943 873 953 874 953 933 955 934 955 988 946 1056 953 1057 953 1058 953 1073 947 1090 953 1091 953 1092 953 1144 948 1176 959 1178 959 1179 959 1322 950 1323 935 1323 909 1213 898 1211 898 1175 904 1174 904 1173 904 1141 894 1140 894 1139 894 1138 894 1136 894 1125 902 1108 893 1106 893 1105 893 990 899 935 902 725 899 696 890 674 885 672 885 642 885 641 885 640 885 639 885 633 889 622 896 588 890 587 890 585 890 572 895 553 886 545 882 544 882 543 882 519 885 474 891 313 880 313 921"/></Shape>
	    <String CONTENT="Roy ne ſont ſouſsignees par vn Secretaire"
                    HPOS="313"
                    VPOS="880"
                    WIDTH="1010"
                    HEIGHT="79"
                    WC="0.9890536142558586"></String>
          </TextLine>
          <TextLine ID="line_16"
                    TAGREFS="LT8"
                    BASELINE="311 979 1322 996" 
                    HPOS="309"
                    VPOS="935"
                    WIDTH="1013"
                    HEIGHT="78">
            <Shape><Polygon POINTS="311 979 309 994 438 996 465 1005 466 1005 467 1005 502 999 557 1007 558 1007 675 1001 685 1001 686 1001 701 1009 702 1009 703 1009 824 1004 841 1004 843 1004 864 1012 865 1012 1319 1013 1322 996 1320 960 1250 964 1237 957 1223 950 1222 950 1221 950 1161 951 1160 951 1147 955 1127 961 1108 955 1088 947 1087 947 1086 947 1084 947 1070 953 1055 960 1043 952 1039 950 1038 950 1036 950 1035 950 1034 950 1033 950 1030 952 1023 957 884 957 860 948 847 943 846 943 804 943 803 943 802 943 801 943 795 947 780 956 718 956 703 944 701 942 699 942 698 942 697 942 696 942 690 944 670 955 622 955 589 953 572 940 571 939 570 939 569 939 535 938 534 938 532 938 527 940 504 950 469 938 466 938 465 938 464 938 462 938 460 938 434 947 412 937 410 937 409 937 311 935 311 979"/></Shape>
	    <String CONTENT="du Royaume, auiourd’huy nommé Secretaire"
                    HPOS="309"
                    VPOS="935"
                    WIDTH="1013"
                    HEIGHT="78"
                    WC="0.9901538665701703"></String>
          </TextLine>
          <TextLine ID="line_17"
                    TAGREFS="LT8"
                    BASELINE="309 1040 934 1053 1319 1053" 
                    HPOS="308"
                    VPOS="994"
                    WIDTH="1011"
                    HEIGHT="81">
            <Shape><Polygon POINTS="309 1040 308 1053 387 1055 404 1064 405 1064 407 1064 408 1064 409 1064 422 1056 423 1056 484 1065 486 1065 531 1057 534 1057 536 1057 597 1066 598 1066 644 1060 720 1067 721 1067 723 1067 749 1061 771 1067 772 1067 773 1067 808 1062 819 1070 820 1070 821 1070 823 1070 1056 1067 1064 1074 1065 1074 1066 1074 1068 1074 1104 1066 1184 1075 1186 1075 1187 1075 1205 1069 1243 1075 1244 1075 1318 1067 1319 1053 1318 1014 1274 1008 1272 1008 1271 1008 1270 1008 1262 1013 1256 1017 1240 1013 1217 1007 1215 1007 1214 1007 1213 1007 1211 1007 1205 1013 1195 1021 1156 1021 1140 1012 1127 1005 1126 1005 1125 1005 1123 1005 1100 1012 1069 1020 803 1017 779 1009 755 1001 754 1001 753 1001 751 1001 732 1008 724 1010 719 1008 702 999 701 999 699 999 698 999 677 1008 664 1013 655 1008 642 999 641 999 640 999 639 999 554 1007 548 1007 546 1007 536 998 536 996 535 996 534 996 532 996 488 999 487 999 473 1005 465 1009 443 1009 439 1005 426 995 425 995 423 995 370 994 329 994 327 994 326 994 309 1001 309 1040"/></Shape>
	    <String CONTENT="d’Eſtat, &amp; ſi les lettres patentes ne ſont ſeel¬"
                    HPOS="308"
                    VPOS="994"
                    WIDTH="1011"
                    HEIGHT="81"
                    WC="0.9977748853464922"></String>
          </TextLine>
          <TextLine ID="line_18"
                    TAGREFS="LT8"
                    BASELINE="305 1100 1318 1114" 
                    HPOS="305"
                    VPOS="1055"
                    WIDTH="1013"
                    HEIGHT="81">
            <Shape><Polygon POINTS="305 1100 307 1125 329 1115 377 1115 395 1125 400 1127 401 1127 403 1127 422 1125 483 1117 491 1123 492 1123 493 1123 495 1123 540 1118 596 1126 629 1130 631 1130 632 1130 633 1130 639 1126 648 1121 658 1126 667 1130 668 1130 718 1131 719 1131 741 1126 764 1121 788 1126 814 1132 815 1132 925 1128 947 1135 948 1135 950 1136 994 1136 994 1135 995 1135 1011 1127 1014 1126 1106 1126 1110 1127 1125 1134 1126 1134 1127 1134 1128 1134 1154 1127 1156 1127 1157 1127 1170 1134 1171 1134 1173 1134 1174 1134 1192 1127 1195 1127 1204 1127 1275 1134 1276 1134 1316 1127 1318 1114 1316 1078 1249 1067 1248 1067 1246 1067 1224 1075 1222 1077 1221 1075 1206 1066 1205 1066 1204 1066 1202 1066 1201 1066 1200 1066 1186 1075 1179 1079 1132 1079 1116 1074 1091 1065 1090 1065 1088 1065 1051 1071 1026 1064 1025 1064 1023 1064 987 1071 970 1075 965 1071 959 1066 957 1066 956 1066 955 1066 954 1066 939 1070 931 1073 929 1070 920 1064 919 1064 917 1064 916 1064 915 1064 913 1064 906 1070 898 1077 856 1077 779 1075 764 1067 750 1060 749 1060 747 1060 707 1066 671 1073 622 1073 611 1065 604 1058 602 1058 601 1058 578 1057 550 1057 549 1057 548 1057 546 1057 537 1064 531 1067 514 1064 487 1056 486 1056 484 1056 483 1056 465 1062 447 1070 418 1070 405 1061 396 1055 395 1055 394 1055 392 1055 366 1061 348 1065 335 1060 322 1055 321 1055 320 1055 318 1055 305 1058 305 1100"/></Shape>
	    <String CONTENT="lees par le Chancellier, qui a puiſſance de les"
                    HPOS="305"
                    VPOS="1055"
                    WIDTH="1013"
                    HEIGHT="81"
                    WC="0.9973163845691275"></String>
          </TextLine>
          <TextLine ID="line_19"
                    TAGREFS="LT8"
                    BASELINE="304 1161 1316 1175" 
                    HPOS="303"
                    VPOS="1117"
                    WIDTH="1013"
                    HEIGHT="79">
            <Shape><Polygon POINTS="304 1161 303 1171 487 1174 495 1176 537 1184 539 1184 570 1178 578 1176 584 1178 610 1187 611 1187 613 1187 767 1182 832 1180 856 1184 899 1191 900 1191 965 1187 1016 1183 1034 1188 1053 1193 1055 1193 1056 1193 1077 1188 1092 1185 1110 1189 1134 1195 1135 1195 1154 1191 1176 1185 1204 1192 1224 1196 1226 1196 1315 1193 1316 1175 1316 1141 1297 1130 1296 1130 1294 1130 1293 1130 1292 1130 1263 1141 1262 1141 1236 1141 1236 1140 1222 1128 1221 1128 1219 1128 1218 1128 1148 1139 1132 1140 960 1139 948 1134 928 1125 926 1125 925 1125 924 1125 896 1132 877 1136 847 1131 841 1130 839 1130 832 1130 784 1135 773 1128 766 1122 764 1122 763 1122 671 1122 670 1122 668 1122 661 1126 649 1131 640 1125 633 1121 632 1121 631 1121 601 1121 600 1121 598 1121 597 1121 593 1123 579 1132 466 1121 439 1118 438 1118 436 1118 435 1118 434 1119 425 1127 379 1128 352 1117 349 1117 348 1117 304 1117 304 1161"/></Shape>
	    <String CONTENT="canceller, elles n’ont aucune vertu. Il y a"
                    HPOS="303"
                    VPOS="1117"
                    WIDTH="1013"
                    HEIGHT="79"
                    WC="0.996314004410145"></String>
          </TextLine>
          <TextLine ID="line_20"
                    TAGREFS="LT8"
                    BASELINE="302 1219 1311 1236" 
                    HPOS="300"
                    VPOS="1172"
                    WIDTH="1011"
                    HEIGHT="83">
            <Shape><Polygon POINTS="300 1236 1309 1255 1311 1236 1311 1202 1274 1188 1272 1188 1271 1188 1223 1200 1204 1200 1152 1200 1149 1197 1123 1185 1122 1185 1121 1185 1119 1185 1096 1193 1065 1187 1064 1187 1062 1187 1061 1187 1049 1195 1048 1196 998 1196 972 1193 891 1182 890 1182 814 1188 772 1192 764 1187 751 1179 750 1179 749 1179 747 1179 688 1185 680 1185 675 1184 649 1179 648 1179 646 1179 629 1184 607 1189 567 1182 530 1175 528 1175 500 1180 464 1187 453 1179 448 1174 447 1174 445 1174 360 1172 359 1172 357 1172 356 1172 351 1176 337 1184 303 1175 302 1219 300 1236"/></Shape>
	    <String CONTENT="auſsi des Ducs, Marquis, Comtes, Vicomtes,"
                    HPOS="300"
                    VPOS="1172"
                    WIDTH="1011"
                    HEIGHT="83"
                    WC="0.9977654530888512"></String>
          </TextLine>
          <TextLine ID="line_21"
                    TAGREFS="LT8"
                    BASELINE="303 1279 1315 1293" 
                    HPOS="302"
                    VPOS="1233"
                    WIDTH="1013"
                    HEIGHT="81">
            <Shape><Polygon POINTS="303 1279 302 1292 338 1301 339 1301 390 1294 444 1301 445 1301 543 1297 558 1303 559 1303 561 1303 562 1303 580 1298 597 1305 598 1305 600 1305 671 1298 1039 1311 1040 1311 1104 1305 1128 1312 1130 1312 1131 1312 1197 1306 1294 1314 1296 1314 1297 1314 1314 1306 1315 1293 1315 1254 1259 1246 1258 1246 1257 1246 1243 1253 1236 1254 1226 1252 1195 1245 1193 1245 1192 1245 1180 1252 1176 1253 1160 1250 1136 1248 1135 1248 1119 1250 1090 1255 1057 1249 1026 1242 1025 1242 1023 1242 1022 1242 1013 1248 1007 1253 1000 1248 995 1244 994 1244 992 1244 991 1244 974 1248 961 1250 951 1246 934 1241 933 1241 931 1241 908 1246 886 1252 871 1245 856 1240 855 1240 830 1240 829 1240 828 1240 826 1240 819 1245 806 1252 690 1252 679 1242 674 1237 672 1237 671 1237 670 1237 637 1241 581 1249 549 1240 536 1236 535 1236 534 1236 532 1236 531 1236 526 1240 511 1248 404 1248 364 1245 347 1236 342 1233 340 1233 339 1233 303 1235 303 1279"/></Shape>
	    <String CONTENT="Barons, Seneſchaux, Chaſtellains: &amp; és vil¬"
                    HPOS="302"
                    VPOS="1233"
                    WIDTH="1013"
                    HEIGHT="81"
                    WC="0.9900422597473318"></String>
          </TextLine>
          <TextLine ID="line_22"
                    TAGREFS="LT8"
                    BASELINE="303 1338 1307 1354" 
                    HPOS="302"
                    VPOS="1290"
                    WIDTH="1005"
                    HEIGHT="85">
            <Shape><Polygon POINTS="394 1301 388 1294 379 1297 360 1302 348 1296 337 1290 335 1290 334 1290 303 1294 303 1338 302 1351 426 1362 427 1362 552 1357 639 1366 640 1366 641 1366 662 1359 738 1367 740 1367 845 1362 889 1369 890 1369 933 1363 948 1369 950 1369 951 1369 1020 1366 1140 1373 1141 1373 1276 1368 1291 1375 1292 1375 1293 1375 1294 1375 1296 1375 1306 1367 1307 1354 1307 1320 1280 1319 1267 1307 1266 1307 1265 1307 1263 1307 1262 1307 1237 1318 1214 1318 1208 1318 1187 1303 1186 1303 1184 1303 1183 1303 1182 1303 1143 1315 1139 1316 1134 1315 1086 1305 1084 1305 1083 1305 1053 1314 1051 1315 973 1315 865 1312 860 1309 850 1301 849 1301 847 1301 846 1301 793 1307 789 1307 788 1307 775 1297 773 1297 772 1297 702 1296 701 1296 699 1296 683 1305 675 1309 663 1303 639 1294 637 1294 636 1294 596 1302 576 1306 569 1302 556 1293 554 1293 553 1293 467 1292 466 1292 465 1292 464 1292 453 1298 442 1306 423 1306 413 1298 405 1292 404 1292 403 1292 401 1292 400 1292 399 1292 394 1301"/></Shape>
	    <String CONTENT="les des Maires, Baillifs, Lieutenans, Capitouls,"
                    HPOS="302"
                    VPOS="1290"
                    WIDTH="1005"
                    HEIGHT="85"
                    WC="0.9887501671910286"></String>
          </TextLine>
          <TextLine ID="line_23"
                    TAGREFS="LT8"
                    BASELINE="305 1399 1311 1411" 
                    HPOS="304"
                    VPOS="1351"
                    WIDTH="1007"
                    HEIGHT="85">
            <Shape><Polygon POINTS="305 1399 304 1414 524 1416 524 1417 536 1427 536 1428 537 1428 539 1428 540 1428 589 1420 641 1429 642 1429 742 1421 760 1430 762 1430 763 1430 819 1421 841 1429 842 1429 843 1429 845 1429 864 1423 977 1433 978 1433 1052 1425 1105 1425 1122 1434 1123 1434 1125 1434 1188 1427 1298 1436 1300 1436 1301 1436 1302 1436 1310 1428 1311 1411 1310 1363 1243 1375 1088 1375 1048 1367 1047 1367 1012 1372 948 1359 947 1359 899 1367 838 1357 832 1357 830 1357 825 1357 751 1369 676 1369 639 1355 636 1354 635 1354 633 1354 632 1354 629 1354 602 1363 537 1355 536 1355 535 1355 508 1366 477 1353 475 1353 474 1353 305 1351 305 1399"/></Shape>
	    <String CONTENT="Conſuls, Syndiques, Eſcheuins, &amp; autres qui"
                    HPOS="304"
                    VPOS="1351"
                    WIDTH="1007"
                    HEIGHT="85"
                    WC="0.9987636458042056"></String>
          </TextLine>
          <TextLine ID="line_24"
                    TAGREFS="LT8"
                    BASELINE="302 1460 1309 1473" 
                    HPOS="300"
                    VPOS="1416"
                    WIDTH="1009"
                    HEIGHT="79">
            <Shape><Polygon POINTS="302 1460 300 1476 501 1476 508 1477 536 1486 537 1486 539 1486 540 1486 565 1478 567 1477 571 1478 602 1489 604 1489 605 1490 688 1490 688 1489 689 1489 690 1489 702 1480 703 1478 706 1480 719 1485 720 1485 721 1485 828 1481 832 1481 846 1491 847 1491 849 1491 906 1493 907 1493 908 1493 931 1486 964 1493 965 1493 966 1493 968 1493 981 1485 1046 1494 1047 1494 1048 1494 1077 1486 1126 1495 1127 1495 1307 1485 1309 1473 1309 1436 1258 1428 1257 1428 1256 1428 1230 1434 1209 1439 1200 1434 1188 1427 1187 1427 1186 1427 1160 1427 1158 1427 1157 1427 1131 1433 1114 1438 1108 1433 1096 1425 1095 1425 1093 1425 1071 1425 1070 1425 1069 1425 1068 1425 1056 1433 1049 1438 1020 1438 981 1433 911 1424 909 1424 908 1424 889 1432 881 1436 820 1436 814 1432 799 1421 798 1421 797 1421 795 1421 794 1421 768 1430 762 1434 723 1434 718 1430 703 1420 702 1420 701 1420 699 1420 649 1430 637 1432 624 1429 592 1424 591 1424 553 1429 543 1430 540 1429 526 1419 524 1419 523 1419 522 1419 465 1429 460 1429 453 1428 395 1416 394 1416 302 1427 302 1460"/></Shape>
	    <String CONTENT="ont en charge ſpeciale quelque eſtendue de"
                    HPOS="300"
                    VPOS="1416"
                    WIDTH="1009"
                    HEIGHT="79"
                    WC="0.9984795777570634"></String>
          </TextLine>
          <TextLine ID="line_25"
                    TAGREFS="LT8"
                    BASELINE="305 1520 1309 1533" 
                    HPOS="305"
                    VPOS="1474"
                    WIDTH="1004"
                    HEIGHT="82">
            <Shape><Polygon POINTS="1307 1493 1249 1487 1248 1487 1246 1487 1239 1491 1224 1498 1165 1498 1123 1489 1106 1486 1105 1486 1092 1489 1056 1495 968 1486 938 1484 937 1484 935 1484 930 1486 909 1494 894 1485 893 1484 891 1484 890 1484 889 1484 887 1484 884 1485 858 1493 810 1484 801 1482 799 1482 798 1482 797 1482 795 1484 784 1493 741 1493 705 1482 697 1480 696 1480 694 1480 679 1481 609 1490 506 1490 477 1478 475 1478 474 1478 419 1487 322 1486 308 1474 305 1520 305 1543 387 1539 401 1544 407 1546 408 1546 409 1546 429 1544 506 1535 602 1543 604 1543 679 1538 693 1544 706 1550 707 1550 709 1551 780 1551 780 1550 781 1550 782 1550 789 1544 794 1541 803 1544 817 1550 819 1550 820 1550 850 1544 874 1541 924 1544 1025 1554 1026 1554 1027 1554 1029 1554 1040 1544 1042 1544 1055 1550 1056 1550 1057 1550 1087 1544 1097 1543 1103 1544 1122 1554 1123 1554 1125 1554 1198 1548 1206 1555 1206 1556 1208 1556 1209 1556 1210 1556 1307 1544 1309 1533 1307 1493"/></Shape>
	    <String CONTENT="pays, où vne ville, pour conſeruer le peuple"
                    HPOS="305"
                    VPOS="1474"
                    WIDTH="1004"
                    HEIGHT="82"
                    WC="0.9898233162032233"></String>
          </TextLine>
          <TextLine ID="line_26"
                    TAGREFS="LT8"
                    BASELINE="303 1579 1303 1590" 
                    HPOS="302"
                    VPOS="1534"
                    WIDTH="1001"
                    HEIGHT="79">
            <Shape><Polygon POINTS="303 1579 302 1595 316 1604 317 1604 318 1604 320 1604 321 1604 340 1594 342 1594 370 1594 524 1594 528 1596 541 1601 543 1601 544 1601 666 1598 699 1598 702 1599 715 1608 716 1608 718 1608 719 1608 820 1603 867 1609 868 1609 912 1601 925 1599 930 1601 948 1611 950 1611 951 1611 1009 1603 1020 1601 1043 1603 1179 1613 1180 1613 1302 1605 1303 1590 1303 1556 1274 1543 1272 1543 1271 1543 1270 1543 1240 1556 1240 1557 1180 1557 1125 1556 1122 1555 1099 1542 1097 1542 1096 1542 1047 1554 1044 1554 1040 1554 961 1542 960 1542 959 1542 935 1552 931 1554 929 1552 908 1539 907 1539 906 1539 904 1539 903 1539 874 1551 871 1554 839 1554 834 1551 804 1538 803 1538 802 1538 801 1538 772 1550 767 1551 754 1550 675 1537 674 1537 635 1538 633 1538 632 1538 622 1547 618 1550 606 1547 552 1535 488 1535 487 1535 486 1535 484 1535 469 1546 465 1547 460 1544 449 1541 448 1541 447 1541 407 1543 392 1534 391 1534 390 1534 388 1534 387 1534 364 1543 362 1544 360 1543 339 1534 338 1534 337 1534 335 1534 303 1542 303 1579"/></Shape>
	    <String CONTENT="de leur reſſort. Vray eſt qu’auiourd’huy quel¬"
                    HPOS="302"
                    VPOS="1534"
                    WIDTH="1001"
                    HEIGHT="79"
                    WC="0.9984440194523853"></String>
          </TextLine>
          <TextLine ID="line_27"
                    TAGREFS="LT8"
                    BASELINE="304 1638 1302 1651" 
                    HPOS="304"
                    VPOS="1595"
                    WIDTH="998"
                    HEIGHT="75">
            <Shape><Polygon POINTS="304 1638 304 1659 404 1652 491 1652 523 1660 543 1664 544 1664 545 1664 557 1660 576 1655 604 1660 615 1662 616 1662 637 1660 676 1656 688 1661 702 1666 703 1666 899 1668 900 1668 902 1668 917 1661 920 1661 922 1661 951 1669 952 1669 954 1669 990 1661 1000 1660 1003 1662 1008 1666 1009 1666 1011 1666 1012 1666 1062 1662 1078 1661 1083 1662 1105 1669 1106 1669 1108 1669 1215 1664 1263 1670 1265 1670 1301 1662 1302 1651 1301 1614 1258 1616 1246 1613 1217 1605 1215 1605 1214 1605 1213 1605 1211 1605 1200 1613 1198 1614 1196 1613 1189 1608 1188 1608 1187 1608 1186 1608 1184 1608 1173 1612 1167 1614 1053 1614 1049 1611 1038 1603 1036 1603 1035 1603 1003 1601 1001 1601 959 1611 956 1611 943 1601 942 1601 941 1601 939 1601 938 1601 925 1607 904 1600 903 1600 902 1600 900 1600 874 1609 871 1611 790 1611 788 1608 776 1600 775 1600 773 1600 772 1600 771 1600 745 1608 741 1609 737 1608 719 1599 718 1599 716 1599 715 1599 689 1608 686 1609 607 1609 605 1607 584 1596 583 1596 543 1596 541 1596 540 1596 539 1596 527 1605 526 1607 523 1605 509 1600 508 1600 506 1600 505 1600 487 1605 471 1595 470 1595 469 1595 467 1595 466 1595 431 1605 429 1605 426 1605 412 1599 410 1599 409 1599 408 1599 387 1604 370 1595 369 1595 368 1595 304 1603 304 1638"/></Shape>
	    <String CONTENT="ques vnes de ces dignitez ſont deuenues he¬"
                    HPOS="304"
                    VPOS="1595"
                    WIDTH="998"
                    HEIGHT="75"
                    WC="0.9900061931720999"></String>
          </TextLine>
          <TextLine ID="line_28"
                    TAGREFS="LT8"
                    BASELINE="299 1699 1301 1709" 
                    HPOS="298"
                    VPOS="1656"
                    WIDTH="1003"
                    HEIGHT="74">
            <Shape><Polygon POINTS="299 1699 298 1713 309 1721 311 1721 312 1721 313 1721 355 1712 360 1712 369 1713 416 1718 417 1718 469 1714 482 1713 483 1714 492 1719 493 1719 495 1719 496 1719 497 1719 509 1714 511 1713 591 1713 593 1716 609 1725 610 1725 611 1725 613 1726 676 1726 676 1725 677 1725 679 1725 686 1718 699 1725 701 1725 702 1725 703 1725 725 1717 727 1717 747 1726 749 1726 801 1727 802 1729 852 1729 852 1727 854 1727 877 1718 884 1717 899 1719 959 1729 960 1729 1021 1722 1049 1730 1051 1730 1052 1730 1118 1722 1119 1722 1131 1730 1132 1730 1134 1730 1135 1730 1171 1722 1175 1722 1186 1722 1267 1730 1268 1730 1300 1723 1301 1709 1300 1677 1224 1675 1175 1664 1174 1664 1173 1664 1171 1664 1158 1673 1101 1664 1100 1664 1060 1673 1049 1674 937 1674 933 1670 924 1662 924 1661 922 1661 921 1661 920 1661 861 1669 860 1669 859 1669 826 1661 825 1661 824 1661 823 1661 807 1669 799 1671 728 1671 723 1668 712 1660 711 1660 710 1660 674 1659 593 1659 592 1659 591 1659 589 1659 580 1665 572 1669 443 1668 429 1662 407 1656 405 1656 359 1656 357 1656 356 1656 355 1656 348 1661 340 1666 299 1661 299 1699"/></Shape>
	    <String CONTENT="reditaires. Voila quant à ce qui eſt or¬"
                    HPOS="298"
                    VPOS="1656"
                    WIDTH="1003"
                    HEIGHT="74"
                    WC="0.9981036491510344"></String>
          </TextLine>
          <TextLine ID="line_29"
                    TAGREFS="LT8"
                    BASELINE="298 1758 511 1758" 
                    HPOS="298"
                    VPOS="1706"
                    WIDTH="213"
                    HEIGHT="72">
            <Shape><Polygon POINTS="298 1758 298 1778 511 1773 511 1758 511 1727 456 1726 456 1725 410 1706 409 1706 408 1706 365 1714 329 1706 327 1706 326 1706 298 1719 298 1758"/></Shape>
	    <String CONTENT="dinaire."
                    HPOS="298"
                    VPOS="1706"
                    WIDTH="213"
                    HEIGHT="72"></String>
          </TextLine>
        </TextBlock>
        <TextBlock HPOS="633.0"
                   VPOS="112.0"
                   WIDTH="443.0"
                   HEIGHT="58.0"
                   ID="block_2"
                   TAGREFS="BT18">
          <Shape><Polygon POINTS="1076 112 1076 170 633 170 633 112"/></Shape>
          <TextLine ID="line_1"
                    TAGREFS="LT8"
                    BASELINE="641 151 1070 155" 
                    HPOS="641"
                    VPOS="104"
                    WIDTH="429"
                    HEIGHT="69">
            <Shape><Polygon POINTS="1069 145 1056 145 1043 145 1030 145 1017 145 1004 145 991 145 978 145 965 145 952 145 939 145 926 145 913 145 900 145 887 145 874 145 861 145 849 145 836 145 823 145 821 137 798 119 781 104 780 104 779 104 777 104 641 106 641 151 642 169 650 163 681 168 696 171 697 171 723 168 771 163 780 168 784 169 785 169 786 169 788 169 795 168 807 164 810 167 815 172 816 172 817 172 819 172 911 167 913 167 916 167 1013 173 1014 173 1016 173 1017 173 1026 165 1069 165 1070 155 1069 145"/></Shape>
	    <String CONTENT="TROIS IESME"
                    HPOS="641"
                    VPOS="104"
                    WIDTH="429"
                    HEIGHT="69"
                    WC="0.9810959046537225"></String>
          </TextLine>
        </TextBlock>
        <TextBlock HPOS="130.0"
                   VPOS="1789.0"
                   WIDTH="173.0"
                   HEIGHT="164.0"
                   ID="block_4"
                   TAGREFS="BT100009">
          <Shape><Polygon POINTS="303 1789 302 1951 130 1953 130 1789"/></Shape>
          <TextLine ID="line_30"
                    TAGREFS="LT8"
                    BASELINE="128 1830 309 1825" 
                    HPOS="124"
                    VPOS="1767"
                    WIDTH="183"
                    HEIGHT="85">
            <Shape><Polygon POINTS="126 1829 126 1852 305 1841 307 1823 301 1767 124 1769 126 1829"/></Shape>
	    <String CONTENT="Affemblee"
                    HPOS="124"
                    VPOS="1767"
                    WIDTH="183"
                    HEIGHT="85"
                    WC="0.9729274378882514"></String>
          </TextLine>
          <TextLine ID="line_31"
                    TAGREFS="LT8"
                    BASELINE="128 1875 283 1877" 
                    HPOS="124"
                    VPOS="1843"
                    WIDTH="157"
                    HEIGHT="52">
            <Shape><Polygon POINTS="126 1874 124 1895 279 1889 281 1876 279 1848 126 1843 126 1874"/></Shape>
	    <String CONTENT="des trois"
                    HPOS="124"
                    VPOS="1843"
                    WIDTH="157"
                    HEIGHT="52"
                    WC="0.9980033702320523"></String>
          </TextLine>
          <TextLine ID="line_0"
                    TAGREFS="LT8"
                    BASELINE="129 1924 257 1928" 
                    HPOS="128"
                    VPOS="1884"
                    WIDTH="129"
                    HEIGHT="79">
            <Shape><Polygon POINTS="129 1924 128 1954 255 1963 257 1928 256 1892 217 1896 211 1892 202 1885 200 1885 199 1885 151 1884 150 1884 149 1884 129 1891 129 1924"/></Shape>
	    <String CONTENT="Estats avec à sa tête Lorenzo Paoli le 3ème."
                    HPOS="128"
                    VPOS="1884"
                    WIDTH="129"
                    HEIGHT="79"></String>
          </TextLine>
        </TextBlock>
        <TextBlock HPOS="310.0"
                   VPOS="1779.0"
                   WIDTH="998.0"
                   HEIGHT="190.0"
                   ID="block_3"
                   TAGREFS="BT100005">
          <Shape><Polygon POINTS="1308 1786 1308 1969 310 1964 311 1829 312 1779"/></Shape>
          <TextLine ID="eSc_line_7ad0a7de"
                    TAGREFS="LT8"
                    BASELINE="356 1823 405 1822 711 1822 1300 1830" 
                    HPOS="353"
                    VPOS="1780"
                    WIDTH="943"
                    HEIGHT="70">
            <Shape><Polygon POINTS="1289 1784 355 1780 353 1837 686 1837 699 1846 707 1846 725 1837 742 1848 919 1841 933 1850 1296 1841 1296 1784 1289 1784"/></Shape>
	    <String CONTENT="OVLTRE tout cela, ancienement tous"
                    HPOS="353"
                    VPOS="1780"
                    WIDTH="943"
                    HEIGHT="70"
                    WC="0.9993948533254511"></String>
          </TextLine>
          <TextLine ID="eSc_line_d60b0884"
                    TAGREFS="LT8"
                    BASELINE="309 1877 1297 1889" 
                    HPOS="305"
                    VPOS="1825"
                    WIDTH="991"
                    HEIGHT="86">
            <Shape><Polygon POINTS="307 1876 305 1891 449 1891 466 1903 604 1893 633 1905 694 1895 935 1907 944 1897 983 1909 1292 1911 1296 1887 1296 1848 1259 1835 1252 1835 1230 1848 1180 1835 1032 1846 979 1835 968 1845 931 1831 847 1845 830 1831 767 1843 690 1829 622 1839 610 1827 513 1827 474 1841 431 1825 313 1839 307 1876"/></Shape>
	    <String CONTENT="les ans, &amp; depuis moins ſouuent, aſauoir"
                    HPOS="305"
                    VPOS="1825"
                    WIDTH="991"
                    HEIGHT="86"
                    WC="0.9823978170752525"></String>
          </TextLine>
          <TextLine ID="line_32"
                    TAGREFS="LT8"
                    BASELINE="307 1935 1298 1948" 
                    HPOS="303"
                    VPOS="1883"
                    WIDTH="993"
                    HEIGHT="98">
            <Shape><Polygon POINTS="305 1934 303 1961 322 1971 330 1971 353 1957 454 1957 486 1973 519 1959 559 1959 577 1973 664 1961 736 1975 764 1963 847 1977 941 1963 977 1981 1067 1981 1106 1965 1213 1981 1252 1967 1292 1971 1296 1946 1294 1899 1145 1895 1131 1905 1034 1893 966 1903 859 1889 834 1901 802 1887 682 1887 635 1899 554 1885 484 1897 429 1883 423 1883 396 1895 334 1883 305 1893 305 1934"/></Shape>
	    <String CONTENT="quand quelque necéſsité le requeroit, les"
                    HPOS="303"
                    VPOS="1883"
                    WIDTH="993"
                    HEIGHT="98"
                    WC="0.9988395155862321"></String>
          </TextLine>
        </TextBlock>
        <TextBlock HPOS="1178.0"
                   VPOS="1972.0"
                   WIDTH="121.0"
                   HEIGHT="57.0"
                   ID="block_0"
                   TAGREFS="BT17">
          <Shape><Polygon POINTS="1296 1972 1299 2029 1178 2029 1178 1977"/></Shape>
          <TextLine ID="line_34"
                    TAGREFS="LT8"
                    BASELINE="1179 2010 1294 2010" 
                    HPOS="1179"
                    VPOS="1967"
                    WIDTH="115"
                    HEIGHT="83">
            <Shape><Polygon POINTS="1179 2010 1179 2045 1187 2050 1188 2050 1189 2050 1191 2050 1192 2050 1193 2050 1193 2049 1198 2043 1206 2037 1232 2037 1250 2047 1252 2049 1253 2049 1254 2049 1293 2050 1294 2010 1294 1975 1250 1975 1249 1973 1244 1968 1244 1967 1243 1967 1241 1967 1240 1967 1179 1971 1179 2010"/></Shape>
	    <String CONTENT="trois"
                    HPOS="1179"
                    VPOS="1967"
                    WIDTH="115"
                    HEIGHT="83"
                    WC="0.9996659278869628"></String>
          </TextLine>
        </TextBlock>
      </PrintSpace>
    </Page>
  </Layout>
</alto>
