1412 2333
315.0 101.0 101.0 66.0 260

320 151 1008 84 & ne mangeoit ni beuuoit de trois iours. Si le

322.0 217.0 1008.0 68.0 voiſin eſt ainſi obligé & tenu de faire deuoir à

321.0 282.0 1008.0 66.0 ſon voiſin, voire enuers vn incognu aſſailli par

318.0 340.0 1011.0 69.0 vn brigand: ne ſera-il pas encores plus loiſible

318.0 397.0 1009.0 70.0 à vn bõ Prince de ſecourir, nõ pas les ſerfs cõ¬

317.0 461.0 1014.0 67.0 tre vn maiſtre courroucé, ou les enfãs cõtre vn

322.0 519.0 1003.0 70.0 pere furieux, mais le Royaume cõtre vn tyran,

317.0 579.0 1008.0 71.0 la Republique contre vn particulier, le peuple

318.0 638.0 1008.0 70.0 (qui eſt vray ſeigneur) contre vn ſeruiteur &

317.0 696.0 1006.0 72.0 procureur du public? Et s’il n’ẽ tiẽt cõte, meri¬

316.0 754.0 1010.0 72.0 tera-il pas d’eſtre appellé tyran luy meſmes &

315.0 815.0 1011.0 67.0 d’eſtre chaſtié pour tel, comme l’autre d’eſtre

311.0 874.0 1012.0 73.0 appellé brigãd, qui n’aura ſecouru ſõ prochain?

317.0 935.0 1008.0 73.0 Thucydide ſur ce propos dit que nõ ſeulemẽt

318.0 1001.0 1006.0 58.0 ceux-là ſont tyrans qui font eſclaues les autres

308.0 1052.0 1013.0 74.0 hõmes, mais beaucoup pl' ceux qui ayãs moyẽ

308.0 1113.0 1013.0 72.0 de reprimer telle violẽce ne s’en ſouciẽt aucu¬

305.0 1172.0 1018.0 72.0 nemẽt. Entre autres, ceux qui veulẽt eſtre ap¬

308.0 1231.0 1014.0 72.0 pellez protecteurs de la Grece & defenſeurs de

304.0 1292.0 1017.0 75.0 la patrie: cependãt ils ne daigneroyẽt pas ſe re

304.0 1355.0 1014.0 69.0 muer pour deſgager ceux qui ſõt en peine. Ce¬

304.0 1408.0 1014.0 68.0 la eſt tresbien dit. Car quant au tyran il eſt cõ¬

303.0 1469.0 1014.0 70.0 traint de ſe comporter outrageuſemẽt en l’E¬

302.0 1529.0 1014.0 71.0 ſtat qu’il a vſurpé par violence, & tiẽt le loup

305.0 1590.0 1014.0 69.0 par les oreilles, comme diſoit Tiberius, ne le

305.0 1648.0 1013.0 73.0 pouuãt retenir qu’auec force, ni laſcher qu’au

304.0 1705.0 1012.0 74.0 grand hazard de ſa vie. Afin donc d’eſtain dre

304.0 1771.0 1013.0 66.0 vn crime par vn autre crime, il enfile vne meſ¬

299.0 1827.0 1018.0 65.0 chanceté à l’autre, & eſt contraint faire tort à

298.0 1888.0 1018.0 69.0 autruy, pour faire du bien & procurer quelque

295 1948 1021 84 repos à ſoy-meſme. Mais le Prince qui regarde

624.0 103.0 459.0 56.0 QVATRIESME

155 968 152 87 AuI. liu

1130.0 2015.0 183.0 70.0 comme
