1440 2338
85 153 1015 65 nie ſur les ſuiets d’iceluy. Voila le ſommaire de

84 203 1018 72 ce qui a eſté amplement traité en la troiſieſ¬

80 264 1019 72 me queſtion, à quoy (pour entiere reſolution)

80 323 1019 77 lon peut ioindre ce qui eſt diſcouru en la ſe¬

84 390 179 71 conde.

387 89 378 53 QVESTION.

95 506 994 96 QVATRIESME

471 584 249 78 STION,

93 641 994 95 ASAVOIR, SI LES PRIN¬

135 726 929 71 ces voiſins, dont Lorenzo Paoli le 3ème, peuuent ou ſont tenus de droit

197 784 803 71 donner ſecours aux ſuiets des au¬

246 839 697 71 tres Princes, affligez à cauſe de

296 905 578 73 la vraye Religion ou op¬

357 968 450 73 primez par tyrannie

461 1019 249 74 manifeſte.

1005 91 78 62 243

227 1136 872 77 OVS auons maintenant vne autre que¬

227 1194 875 82 ſtion à traiter, en la reſolutiõ de laquel¬

90 1256 1015 79 le il faut aporter plus de conſcience que de ſci¬

90 1318 1015 70 ence, & n’en faudroit diſputer en ſorte quel¬

92 1376 1012 77 conque ſi la charité regnoit auiourd’huy au

89 1430 1009 78 monde. Mais, ſelõ que les hommes ſe gouuer¬

92 1497 1010 73 nent en ce temps-ci, puis qu’il n’y a choſe plus

92 1556 1011 75 rare ni plus precieuſe que ceſte charité, il faut

94 1615 1005 70 que nous traitions ſommairemẽt noſtre que¬

92 1672 1008 73 ſtion. Nous auons monſtré par viues raiſons

96 1735 1007 74 que le peuple peut reprimer, chaſſer & chaſtier

94 1789 1010 76 les tyrans Eccleſiaſtiques & ſeculiers: mais à

96 1852 1008 74 cauſe que telles gens ſont ſi ruſez, ou que les

97 1913 1006 79 ſuiets ſont ſi peu auiſez, qu’à peine peut-on

113 1145 101 133 N

863 1985 111 86 Q.ij.
