1397 2338
71.0 144.0 1016.0 83.0 ont delaiſſé Dieu, au ſeruice duquel ils conoiſ¬

71.0 210.0 1012.0 78.0 ſent eſtre obligez de ſe ranger? Imaginons

71.0 268.0 1006.0 78.0 donc quelque Ioram ou Antiochus qui abo¬

68.0 328.0 1009.0 77.0 liſſe la vraye Religion, qui s’eſleue par deſ¬

68.0 387.0 1009.0 78.0 ſus Dieu: qu’Iſrael diſsimule & en ſoit con¬

70.0 448.0 1007.0 76.0 tent: que doit faire la ville qui deſire ſeruir

74.0 506.0 1003.0 79.0 purement à Dieu? Premierement, elle doit

68.0 563.0 1001.0 79.0 dire auec Ioſué, Quant à vous autres, regar¬

74.0 627.0 996.0 71.0 dez à qui vous aimez mieux obeit, ou au vray

71.0 685.0 1008.0 76.0 Dieu, ou aux dieux des Amorrheens. De

72.0 746.0 1006.0 73.0 ma part, moy & ma famille ſeruirons au Sei¬

77.0 804.0 996.0 76.0 gneur. Choiſiſſez, di-ie, ſi vous voulez o¬

72.0 861.0 1006.0 79.0 beir en ceſt endroit à ceſtuy-ci qui ſans droit

76.0 924.0 996.0 81.0 quelconque vſurpe vne puiſſance qui ne luy

75.0 984.0 1002.0 78.0 appartient nullement: de moy, quoy qu’il

76.0 1044.0 997.0 73.0 en doiue auenir, ie garderay ma foy à celuy

76.0 1104.0 1005.0 71.0 à qui ie l’ay promiſe. Ie ne doute nullement

77.0 1159.0 1000.0 78.0 que Ioſué n’euſt fait tous ſes efforts de con¬

74.0 1213.0 995.0 84.0 ſeruer le ſeruice du vray Dieu en Tham¬

77.0 1278.0 1017.0 75.0 nath Serath ville d’Ephraim, du eſtoit ſon

77.0 1332.0 1002.0 84.0 bien & ſa maiſon, ſi tous les Iſraelites enſem¬

77.0 1389.0 1002.0 81.0 ble ſe fuſſent oubliez iuſques là de vouloir

77.0 1453.0 1002.0 82.0 adorer le Dieu des Amorrheens en la terre

79.0 1517.0 298.0 74.0 de Chanaan.

408.0 103.0 376.0 52.0 Qy Es Fron..

1030 93 57 64 73

1081 547 146 72 Ioſué 24.

1085 611 43 72 15.

135.0 1574.0 951.0 79.0 MAIS ſi le Roy paſſe outre, & enuoye

81.0 1639.0 1008.0 72.0 des lieutenans qui nous contraignent d’eſtre

80.0 1696.0 1006.0 65.0 idolatres, & s’il nous commande de chaſſer

80.0 1758.0 1005.0 69.0 Dieu du milieu de nous, fermerons nous

84.0 1813.0 1001.0 76.0 pas la porte au Roy & à ſes officiers pluſtoſt

84.0 1875.0 997.0 88.0 que chaſſer hors de noſtre ville le Seigneur

1081 1207 144 80 Ioſué 19.

1085 1270 60 86 50.
