1392 2343
324.0 111.0 86.0 68.0 228

332 169 1019 79 en proye, & faiſoit que les putains, maque¬

332 231 1017 73 reaux & flatteurs gouuernoyent tout à leur

336.0 283.0 1014.0 82.0 plaiſir: oſtans à tels mal-auiſez Phaëthons

337.0 350.0 1017.0 75.0 la bride du gouuernement, de peur que tout le

338.0 425.0 1013.0 61.0 peuple ne fuſt conſumé d’vn embraſement ſi

337.0 471.0 1013.0 70.0 dangereux & ineuitable. Entre autres nous a¬

334.0 524.0 1016.0 76.0 uons Theodoric degradé à cauſe d’Ebroin,

333.0 580.0 1021.0 81.0 Dagobert à cauſe de Plectrude & de Thibaud

334.0 644.0 1018.0 77.0 ſon putier, auec certains autres: les Eſtats eſti¬

337.0 705.0 1015.0 72.0 mans autant inſupportable le commande¬

335.0 762.0 1015.0 77.0 ment d’vn Prince effeminé que d’vne femme,

337.0 823.0 1017.0 79.0 & portans auſsi enuis le ioug de quelques ty¬

334.0 882.0 1022.0 74.0 ranneaux manians les afaires ſous le nom d’vn

335.0 942.0 1020.0 77.0 Prince abeſti, que le ioug d’vn ſeul tyran: brief

333.0 1002.0 1022.0 77.0 ne voulans non plus eſtre gouuernez par vn

330.0 1056.0 1024.0 80.0 homme poſſedé du diable que par le diable

334.0 1119.0 1020.0 79.0 meſme. Il n’y a pas long temps que les Eſtats

332.0 1181.0 1022.0 76.0 contraignirent Louys onzieſme, Prince fort

332.0 1239.0 1022.0 74.0 haut à la main, de receuoir trente-ſix cura¬

334.0 1300.0 1020.0 77.0 teurs, par l’auis deſquels il ſeroit tenu de gou¬

335.0 1360.0 1021.0 66.0 uerner les afaires d’Eſtat. Les deſcendans de

337.0 1417.0 1017.0 76.0 Charlemagne ſubſtituez à ceux de Merouee

333.0 1481.0 1023.0 74.0 au gouuernement du Royaume, ou ceux de

338.0 1535.0 1018.0 79.0 Capet preferez aux Carlouingiens par ordon

335.0 1601.0 1019.0 71.0 nance des Eſtats, & qui regnent encores au¬

339.0 1658.0 1016.0 75.0 iourd’huy, n’ont pas autre droit que celuy qui

341.0 1715.0 1019.0 74.0 a eſté deſcrit ci deſſus: & a eſté permis de droit

342.0 1775.0 1013.0 79.0 à tout le corps du peuple repreſenté par le con

342.0 1829.0 1008.0 86.0 ſeil du Royaume, qu’on appelle l’aſſemblee des

342.0 1888.0 1010.0 78.0 Eſtats, de les degrader, ou de les eſtablir. Sui¬

344.0 1950.0 1006.0 102.0 uant ce meſme droit nous liſons qu’Adolphe

629.0 111.0 438.0 54.0 TROISIESME

1264.0 2009.0 86.0 81.0 fut
