1440 2338
192.0 350.0 113.0 63.0 & 3.

362.0 98.0 85.0 56.0 112

356.0 150.0 1029.0 79.0 liſons en vn autre endroit, que Sedechias eut

357.0 215.0 1028.0 74.0 en telle reuerence l’autorité de ce cõſeil, qu’au

187.0 272.0 1197.0 79.0 Ierem.37. lieu d’entreprendre de faire tirer Ieremie de la

353.0 335.0 1029.0 74.0 baſſe foſſe en laquelle les Septante vn anciens

360.0 389.0 1020.0 81.0 l’auoyent ſerré, il n’oſa pas meſme le faire chã¬

360.0 457.0 1018.0 76.0 ger en quelque autre endroit moins rigou¬

356.0 511.0 1025.0 77.0 reux. Eux le conſeillans de conſentir à la mort

356.0 570.0 1024.0 79.0 du Prophete, ſa reſpõſe fut qu’iceluy eſtoit en

357.0 633.0 1021.0 77.0 leurs mains, & que luy de ſa part ne leur pou¬

354.0 694.0 1023.0 72.0 uoit contredire en rien. Ce meſme Roy crai¬

357.0 752.0 1023.0 80.0 gnãt qu’ils ne fiſſent enqueſte des propos qu’il

350.0 815.0 1027.0 76.0 auoit tenus à Ieremie, pour puis apres leur en

349.0 871.0 1022.0 75.0 rendre compte, forge vne excuſe menſongere.

348.0 930.0 1030.0 79.0 Il appert dedà qu’en ce royaume de Iuda les of

348.0 991.0 1027.0 75.0 ficiers de la Couronne eſtoyent par deſſus le

345.0 1046.0 1028.0 80.0 Roy: en ce royaume (di-ie) eſtabli & ordonné

347.0 1111.0 1024.0 78.0 non point par Platon ni par Ariſtote, ains par

347.0 1172.0 1024.0 71.0 le Seigneur Dieu meſme auteur detout ordre,

348.0 1231.0 1021.0 73.0 & ſouuerain moderateur de tout eſtat & gou¬

350.0 1296.0 446.0 66.0 uernement public.

645.0 100.0 438.0 63.0 TROISTES MA

183.0 1365.0 132.0 80.0 Eſter I.

444.0 1344.0 927.0 79.0 TELS eſtoyent au royaume de Perſe les

347.0 1409.0 1020.0 74.0 ſept Mages ou Sages, qui auoyent comme pa¬

343.0 1466.0 1024.0 78.0 reille dignité que le Roy, & qu’on appelloit les

345.0 1527.0 1022.0 73.0 oreilles & les yeux des Rois, leſquels acquieſ¬

345.0 1587.0 1022.0 76.0 çoyent auſſi au iugement de ces Sages. Au roy¬

347.0 1646.0 1018.0 75.0 aume de Sparte il y auoit les Ephores, auſquels

347.0 1708.0 1012.0 71.0 on appelloit des ſentẽces donnees par le Roy,

177.0 1745.0 160.0 90.0 Aus. liu¬

350 1763 1010 68 & qui iugeoy ent auſſi les Rois meſmes, ce dit

350.0 1817.0 1012.0 82.0 Ariſtote. En Egypte, le peuple eſliſoit & bail¬

350.0 1874.0 1010.0 80.0 loit des officiers au Roy, ſeulemẽt afin de l’em

353.0 1943.0 1007.0 84.0 peſcher qu’il ne fiſt choſe aucune contre les

1245.0 2002.0 117.0 74.0 loix.

175.0 1821.0 162.0 53.0 des Polit

176.0 1869.0 142.0 58.0 ch.11.&

172.0 1915.0 150.0 60.0 au 3.liu.

175.0 1965.0 104.0 63.0 ch.7.
