1431 2338
181 264 171 84 L5. D.de

184.0 342.0 147.0 58.0 painim.

352.0 105.0 80.0 76.0 156

360 155 1004 88 ſens que nous entẽdions que la puiſſance pa¬

362 222 1004 76 ternelle cõſiſte en pieté, nõ point en rigueur,

362.0 278.0 1006.0 76.0 comme dit le Iuriſconſulte Martian. Gar ce

358.0 348.0 1006.0 72.0 qui eſtoit pratiqué entre les premiers anciens,

356.0 423.0 1016.0 58.0 que le pere pouuoit vendre & tuer ſans repre¬

352.0 466.0 1020.0 70.0 henſion ſes enfans, n’a point de lieu auiour¬

353.0 524.0 1019.0 73.0 d’huy entre les Chreſtiens, & entre les Payens

357.0 585.0 1015.0 73.0 qui ont quelque humanité ne ſe pratique pas

360 637 1012 74 meſmes à l’endroit des eſclaues. Ainſi donc le

362 701 1012 74 pere ne peut tuer ſon fils, que premierement

360.0 757.0 1014.0 74.0 il n’ait eſté oui en ſes defenſes, autrement il eſt

360.0 814.0 1010.0 84.0 chaſtiable par la Loy Cornelia: & par la Loy

360 876 1012 76 Pompeia le pere n’eſt pas moins coulpable

366 933 996 89 qui aura tué son fils, que le fils qui aura meur -

353.0 1000.0 1020.0 76.0 tri ſon pere: à l’occaſion dequoy l’Empereur

353.0 1058.0 1019.0 77.0 Adriã relegua en vne iſle vn pere qui auoit tué

353.0 1118.0 1022.0 73.0 ſon fils à la chaſſe, lequel eſtoit meſcreu d’a¬

354.0 1176.0 1019.0 81.0 buſer de ſa belle mere. Quãt aux ſerfs ou eſcla¬

357.0 1239.0 1018.0 72.0 ues, nous ſommes admoneſtez en l’hiſtoire

356.0 1300.0 1019.0 72.0 ſaincte de les traiter comme freres, & par les

357.0 1359.0 1019.0 76.0 profanes, de ne leur pas faire pis qu’aux merce

360 1410 1012 80 naires. Le droit ciuil des Egyptiens & des Ro¬

360 1469 1010 83 mains, par la conſtitution des Antonins, con¬

362.0 1531.0 1012.0 76.0 damne autant le maiſtre qui aura tué ſon eſcla

362.0 1589.0 1010.0 86.0 ue que celuy d’autruy. Meſmes la Loy deliure

364.0 1652.0 1010.0 78.0 de la puiſſance du maiſtre l’eſclaue qui n’aura

364.0 1710.0 1006.0 76.0 eſté aſſiſté durant ſa maladie & que le maiſtre

364 1767 1008 80 aura laiſſé auoir faim: & le ſerf afranchi qui

360.0 1831.0 1010.0 84.0 aura eſté indignement outragé par ſon prote¬

360.0 1893.0 1010.0 72.0 cteur luy peut intenter action de crime. Or

362.0 1950.0 1010.0 91.0 veu qu’il y a ſi grande difference entre les e¬

185 639 167 76 L. 2. ad

185 709 169 64 leg.Corne

185.0 758.0 137.0 56.0 liam de

184.0 806.0 163.0 60.0 Sicar. vbi

187.0 859.0 160.0 56.0 Vlp..1.e.

181 900 162 60 de parri¬

183.0 944.0 78.0 78.0 did.

699.0 109.0 437.0 54.0 TROISIESME

184.0 1257.0 157.0 86.0 Eecleſuaſt.

185.0 1338.0 101.0 53.0 33.31.

181 1422 162 70 Disd. Si

181 1474 140 67 cilliu.2

184.0 1531.0 92.0 61.0 ch2.

191.0 1653.0 159.0 60.0 L.1.D. de

187.0 1700.0 124.0 59.0 his qui

184.0 1741.0 143.0 69.0 ſunt ſui,

185 1792 156 90 vel al.iu

185.0 1841.0 67.0 72.0 ris.

1216.0 2016.0 160.0 70.0 ſclaues
