1421 2338
74.0 173.0 1007.0 66.0 de iuſtice. Outreplus il fait du debonnaire,

74.0 220.0 1009.0 80.0 mais en telle ſorte qu’il pardonne à certains

71.0 281.0 1013.0 80.0 meſchans, au ſupplice deſquels il euſt meſmes

71.0 344.0 1014.0 75.0 acquis le nom de Prince clement. Pour le dire

74.0 405.0 1011.0 75.0 en vn mot, ce que le Roy eſt, le tyrã veut ſẽbler

71.0 461.0 1018.0 74.0 l’eſtre, & ſachant que la vertu attire & eſmeut

72.0 522.0 1017.0 72.0 merueilleuſement les hommes, auſſi conoit-il

76.0 581.0 1013.0 81.0 qu’il les faut piper par quelque beau maſque

74.0 644.0 1013.0 72.0 de vertu: mais comment que ce ſoit qu’il ſe cõ¬

74.0 702.0 1009.0 74.0 treface, touſiours la queuë du renard ſe mon¬

75.0 759.0 1009.0 77.0 ſtre: & quoy qu’il face du chiẽ couchant, neãt¬

74.0 820.0 1009.0 78.0 moins à ſa queuë & à ſon rugiſſement on deſ¬

76.0 881.0 569.0 68.0 couure que c’eſt vn lion.

399.0 111.0 376.0 60.0 QVESTION.

124.0 944.0 953.0 74.0 A v reſte, comme vn Royaume bien dreſ¬

1089.0 954.0 164.0 76.0 Tom. A¬

76.0 997.0 1001.0 84.0 ſé contient en ſoy toutes les commoditez des

1089 1015 166 68 quin.in ſe

72.0 1055.0 1005.0 82.0 autres gouuernemens: auſſi au contraire la ty¬

1089.0 1067.0 164.0 70.0 cũd. ſecũd,

76.0 1112.0 1001.0 80.0 rannie contient les incommoditez & vices de

77.0 1170.0 1000.0 82.0 toutes les confuſions du monde. L’eſtat Royal

77.0 1237.0 1010.0 76.0 eſt conforme à l’Ariſtocratique en ce que les

81.0 1296.0 1007.0 79.0 plus ſages & ſuffiſans ſont appellez au conſeil:

77.0 1358.0 1012.0 75.0 la tyrannie & l’oligarchie s’accordẽt en ce que

79.0 1413.0 1012.0 82.0 leur conſeil eſt compoſé des plus meſchans &

79.0 1476.0 1013.0 77.0 corrompus. Et comme au conſeil Royal il y a

83.0 1536.0 1005.0 77.0 vne multitude de Rois, en ceſtuy-ci au con¬

81.0 1598.0 1011.0 72.0 traire il y a vne troupe de tyrans. La monar¬

83.0 1656.0 1011.0 76.0 chie emprunte du gouuernement populaire

84.0 1711.0 1009.0 72.0 l’aſſemblee de tous les Eſtats, où lon enuoye

88.0 1776.0 1005.0 74.0 pour deputez les plus capables des villes & pro

84.0 1834.0 1012.0 79.0 uinces pour y deliberer touchant les matieres

84.0 1892.0 1012.0 77.0 d’Eſtat: la tyrannie a cela de l’ochlocratie, que

85.0 1950.0 1009.0 89.0 ſi elle ne peut empeſcher la conuocation des

994.0 116.0 83.0 67.0 205

1091.0 1124.0 140.0 56.0 q.12.art.

1093.0 1171.0 44.0 53.0 II.
