1431 2338
107 158 1005 86 que grãde neceſſité le requeroit, lõ fourniroit

106 226 1003 76 argent extraordinaire. La fin & le but de tout

107 283 999 81 cela eſt le profit public, tellement que qui cõ¬

109.0 345.0 999.0 75.0 uertit ce Domaine à ſon particulier, ne merite

106.0 424.0 1003.0 53.0 aucunement le nom de Roy. Car, telſnon l’A¬

113.0 453.0 994.0 90.0 poſtre, le Prince eſt ſeruiteur de Dieu pour le

107.0 514.0 1000.0 91.0 biẽ du peuple: à l’occaſiõ dequoy les tributs &

107.0 572.0 1000.0 94.0 peages luy ſont payez. Telle eſt la vraye ſour¬

107.0 639.0 1000.0 83.0 ce, ce ſẽble, de tous les ports, paſſages & pea¬

109.0 693.0 998.0 88.0 ges des Romains, aſauoir que les marchãdiſes

107.0 750.0 1000.0 95.0 de prix apportees d’Inde, d’Arabie, d’Ethio¬

109.0 812.0 998.0 86.0 pie, fuſſent voicturees ſeurement, & garanties

109.0 872.0 998.0 86.0 des courſes des eſcumeurs de mer, tellement

107.0 929.0 1000.0 89.0 auſſiq̃ pour leur ſeureté la Republique de Ro¬

110.0 1000.0 994.0 74.0 me tenoit en mer vne flotte biẽ armee. En ce

109.0 1050.0 998.0 89.0 rang faut mettre le peage de la mer rouge, les

122.0 1112.0 985.0 86.0 põts, ports, paſſages & autres impoſts, afin que

111.0 1169.0 996.0 89.0 les grands chemins (appellez pour ceſt effect

111.0 1225.0 998.0 94.0 Pretorians, Conſulaires, Royaux,) fuſſent bien

116.0 1293.0 991.0 82.0 entretenus & nets de voleurs & courſaires. Ce

113.0 1348.0 994.0 89.0 ſte charge apartiẽt au commiſſaire deputé pai

115.0 1414.0 992.0 72.0 le Roy, de tenir la main à la reparatiõ des põts

116.0 1470.0 991.0 86.0 publics, comme il appert par l’ordonnance de

115.0 1523.0 992.0 92.0 Loys le Debõnaire, touchãt les douze põts ſui

116.0 1587.0 991.0 84.0 la riuiere de Seine, & cõmandant que les bac¬

116.0 1642.0 995.0 90.0 à paſſer l’eau fuſſent touſiours preſts. Quãt aux

118.0 1702.0 1001.0 90.0 gabelles du ſel, il n’y en auoit point alors: au

122.0 1771.0 995.0 76.0 contraire pluſieurs particuliers eſtoyent ſei¬

124.0 1827.0 996.0 77.0 gneurs d’vne grãd’ partie des ſalines: & ſẽbloit

124.0 1882.0 995.0 87.0 que ce dõt nature faiſoit ainſi preſent aux hõ¬

122.0 1946.0 997.0 93.0 mes ne ſe pouuoit nõ plus vẽdre que la clairté;

434.0 118.0 380.0 53.0 QVES IROR.

1037.0 97.0 74.0 82.0 165

1130 455 119 67 Rom.13.

1132.0 966.0 148.0 70.0 plin.li.19.

1132.0 1015.0 96.0 68.0 cha.4.

1130 1118 158 66 Archid.in

1130 1172 158 65 Cã. ſiquis

1130 1227 148 56 Romipe¬

1130.0 1278.0 158.0 60.0 tas & pe¬

1130.0 1330.0 137.0 53.0 regr 24.

1130.0 1371.0 139.0 66.0 4.3 Bal¬

1132 1416 141 66 in c.1.5.

1130 1470 156 59 conuenti¬

1130.0 1515.0 162.0 74.0 cula de pa

1132.0 1574.0 158.0 58.0 ce iureiur.

1130.0 1615.0 160.0 62.0 fir.l.2.D.

1132 1663 164 67 ne quid in

1126 1704 166 74 loco publ.

1134 1763 152 58 viarum

1132.0 1808.0 162.0 62.0 L. Magis

1128.0 1854.0 2.0 63.0 puto D.de

1126 1899 147 70 rebus eo¬

1128 1961 86 61 rum.

873.0 2020.0 117.0 90.0 Lauj.
