1417 2338
334.0 98.0 79.0 66.0 64

687.0 96.0 328.0 57.0 SECONDE

332.0 157.0 1022.0 75.0 peuple: & que ſouuent des cas ſe preſentent

334.0 220.0 1019.0 70.0 que lon ne ſauroit faire entendre à vne multi¬

331.0 280.0 1022.0 70.0 tude ſans peril & danger pour tout le public:

331.0 341.0 1022.0 70.0 nous diſons que tout ce qui a eſté dit des pri¬

330.0 401.0 1023.0 65.0 uileges octroyez & du droit commis au peu¬

335.0 462.0 1019.0 70.0 ple, ſe doit rapporter aux officiers & deputez

331.0 520.0 1022.0 68.0 du royaume: que tout ce qui a eſté dit d’Ifrael

330.0 579.0 1019.0 67.0 s’entend des Princes & Anciens d’Iſrael, à qui

332.0 639.0 1013.0 68.0 ces choſes ont eſté accordees & commiſes,

331.0 697.0 689.0 64.0 comme auſsi l’vſage l’a verifié.

386.0 755.0 963.0 68.0 LA Roine Athalia, apres la mort de ſon fils

335.0 815.0 1014.0 66.0 Ochozias Roy de Iuda, donna ordre de faire

328.0 876.0 1020.0 72.0 mourir toute la race royale, excepté le petit

331.0 939.0 1014.0 68.0 Ioas, qui eſtant encores au berceau fut ſauué

330.0 996.0 1015.0 71.0 par la pieté & prudence de Ioſaba ſa tante. A¬

328.0 1061.0 1020.0 67.0 thalia s’empare du gouuernement, & regne

325.0 1115.0 1019.0 73.0 ſix ans ſur Iuda. Peut-eſtre que le peuple mur¬

323.0 1176.0 1023.0 68.0 muroit lors entre les dents, & n’oſoit à cauſe

325.0 1237.0 1015.0 69.0 du danger dire ce qu’il retenoit en ſa penſee.

325.0 1297.0 1019.0 68.0 Finalement le Souuerain Sacrificateur Ioia¬

325.0 1353.0 1017.0 71.0 das, mari de Ioſaba, ayant fait ſecrettement

325.0 1419.0 1021.0 65.0 vne ligue & coniuration auec les principaux

323.0 1475.0 1019.0 65.0 du royaume, fait ſacrer & couronner Roy ſon

322.0 1533.0 1020.0 69.0 neueu loas aagé de ſept ans. Il ne ſe contente

325.0 1596.0 1016.0 66.0 pas ſeulement de chaſſer la Roine mere du

322.0 1654.0 1015.0 67.0 throne Royal, mais auſsi la fait mettre à mort,

322.0 1711.0 1018.0 64.0 & racle incontinent l’idolatrie de Baal. Le fait

322.0 1771.0 1017.0 72.0 de Ioiadas eſt aprouué & à bon droit: car il

322.0 1831.0 1013.0 73.0 plaidoit pour bonne cauſe, & aſſailloit la ty¬

321.0 1896.0 1011.0 66.0 rannie, non pas le royaume: la tyrannie, di-ie,

323.0 1953.0 1012.0 82.0 qui n’auoit point de titre, comme parlent les

166.0 787.0 152.0 84.0 2Chron.

169.0 845.0 57.0 66.0 23.

1194.0 2009.0 137.0 87.0 Iuriſ¬
