1407 2338
54 163 1000 68 venir l’Arche du Seigneur, on appelſe les

50 202 1004 96 principaux du pays & des villes, les Capi¬

54 266 1000 82 taines, les Centeniers, les Preuoſts & au¬

56 325 998 84 tres, par le decret, & mandement de Da¬

54 381 1000 84 uid & de la Synagogue d’Iſrael. S’il eſt que¬

50 440 1004 80 ſtion de baſtir vn temple au Seigneur,m on

55 509 983 74 obſerue le meſme. Et afin que lon ne pen¬

50 565 1004 76 ſe quelque changement eſtre ſuruenu apres

52 619 1002 76 la creation des Rois, du temps de Ioas &

54 679 1000 86 de Ioſias, lors qu’il fut queſtion de renou¬

55 746 1001 73 ueller l’Alliance entre Dieu & le peuple,

57 804 1009 70 tous les Eſtats s’y treuuent, & tous ſont a¬

55 862 1012 77 ſtraints & obligez particulierement. Auſsi

55 923 1011 74 non ſeulement le Roy, mais le Royaume:

58 981 1015 77 & non ſeulement tout le Royaume, mais

55 1044 1014 73 auſsi toutes les parties du Royaumeapro¬

59 1098 1014 77 mettent chaſcune pour ſoy fidelité & o¬

58 1158 1019 75 beiſſance à Dieu. Ie di derechef que non

59 1218 1018 75 ſeulement le Roy & le peuple, mais auſsi

58 1275 1012 79 toutes les villes d’Iſrael & leurs Magiſtrats

61 1336 1006 75 s’obligent à Dieu, & luy faiſans vn hommage

61 1400 1008 74 lige s’aſtraignent d’eſtre ſiens à iamais enuers

62 1457 1005 73 & contre tous. Pour preuue de ce que deſſus

63 1515 1010 76 ie prie le lecteur de fueilletter diligemment

64 1570 1022 84 l’Hiſtoire ſaincte, ſpecialement és liures des

64 1639 538 72 Rois & és Chroniques.

372 106 368 49 QV ES HIORS

1019 101 50 60 71

1071 151 143 63 I.Chron.

1069 200 45 72 13.

1071 241 146 70 2. Chron¬

1069 300 26 66 5.

1071 342 146 63 1.Rois 7.

1073 403 144 52 1.Chron.

1069 438 55 64 28.

1073 490 158 59 2. Rois II.

1071 539 158 61 2.Rois 23.

1071 588 148 82 2.Chron.

1073 642 49 61 23.

84 1695 969 68 POVR eſclaircir encores mieux cela,

66 1753 992 77 prenons vn exemple de ce qui eſt auiour¬

62 1808 1000 81 d’huy en vſage. En l’Empire d’Alema¬

68 1866 994 92 gne, quand il faut couronner l’Empereur,

1077 1634 154 57 Exemple

1077 1683 152 66 de ce que

1075 1726 146 70 deſſus en

1077 1788 144 59 l'Empire

1075 1825 164 78 d’Alema¬

1075 1882 72 68 gne.

795 1930 132 68 E.iiij.
