<?xml version="1.0" encoding="UTF-8"?>
<alto xmlns:xsi="http://www.w3.org/2001/XMLSchema-instance"
      xmlns="http://www.loc.gov/standards/alto/ns-v4#"
      xsi:schemaLocation="http://www.loc.gov/standards/alto/ns-v4# http://www.loc.gov/standards/alto/v4/alto-4-2.xsd">
  <Description>
    <MeasurementUnit>pixel</MeasurementUnit>
    <sourceImageInformation>
      <fileName>page_00154.png</fileName>
    </sourceImageInformation>
  </Description>
  <Tags>
    <OtherTag ID="BT7" LABEL="CustomZone" DESCRIPTION="block type CustomZone"/><OtherTag ID="BT8" LABEL="DamageZone" DESCRIPTION="block type DamageZone"/><OtherTag ID="BT9" LABEL="DigitizationArtefactZone" DESCRIPTION="block type DigitizationArtefactZone"/><OtherTag ID="BT10" LABEL="DropCapitalZone" DESCRIPTION="block type DropCapitalZone"/><OtherTag ID="BT11" LABEL="GraphicZone" DESCRIPTION="block type GraphicZone"/><OtherTag ID="BT12" LABEL="MainZone" DESCRIPTION="block type MainZone"/><OtherTag ID="BT13" LABEL="MarginTextZone" DESCRIPTION="block type MarginTextZone"/><OtherTag ID="BT14" LABEL="MusicZone" DESCRIPTION="block type MusicZone"/><OtherTag ID="BT15" LABEL="NumberingZone" DESCRIPTION="block type NumberingZone"/><OtherTag ID="BT17" LABEL="QuireMarksZone" DESCRIPTION="block type QuireMarksZone"/><OtherTag ID="BT18" LABEL="RunningTitleZone" DESCRIPTION="block type RunningTitleZone"/><OtherTag ID="BT19" LABEL="SealZone" DESCRIPTION="block type SealZone"/><OtherTag ID="BT20" LABEL="StampZone" DESCRIPTION="block type StampZone"/><OtherTag ID="BT21" LABEL="TableZone" DESCRIPTION="block type TableZone"/><OtherTag ID="BT22" LABEL="TitlePageZone" DESCRIPTION="block type TitlePageZone"/><OtherTag ID="BT100001" LABEL="MainZone-Head" DESCRIPTION="block type MainZone-Head"/><OtherTag ID="BT100011" LABEL="MainZone-Entry" DESCRIPTION="block type MainZone-Entry"/><OtherTag ID="BT100005" LABEL="MainZone-P" DESCRIPTION="block type MainZone-P"/><OtherTag ID="BT100008" LABEL="MainZone-Sp" DESCRIPTION="block type MainZone-Sp"/><OtherTag ID="BT100006" LABEL="MainZone-Continued" DESCRIPTION="block type MainZone-Continued"/><OtherTag ID="BT100009" LABEL="MarginTextZone-Notes" DESCRIPTION="block type MarginTextZone-Notes"/><OtherTag ID="BT100007" LABEL="MarginTextZone-ManuscriptAddendum" DESCRIPTION="block type MarginTextZone-ManuscriptAddendum"/><OtherTag ID="BT100013" LABEL="StampZone-Sticker" DESCRIPTION="block type StampZone-Sticker"/><OtherTag ID="BT100014" LABEL="MainZone-ListItem" DESCRIPTION="block type MainZone-ListItem"/>
    <OtherTag ID="LT7" LABEL="CustomLine" DESCRIPTION="line type CustomLine"/><OtherTag ID="LT8" LABEL="DefaultLine" DESCRIPTION="line type DefaultLine"/><OtherTag ID="LT9" LABEL="DropCapitalLine" DESCRIPTION="line type DropCapitalLine"/><OtherTag ID="LT10" LABEL="HeadingLine" DESCRIPTION="line type HeadingLine"/><OtherTag ID="LT11" LABEL="InterlinearLine" DESCRIPTION="line type InterlinearLine"/><OtherTag ID="LT12" LABEL="MusicLine" DESCRIPTION="line type MusicLine"/><OtherTag ID="LT747" LABEL="default" DESCRIPTION="line type default"/>
  </Tags>
  <Layout>
    <Page WIDTH="1431"
          HEIGHT="2338"
          PHYSICAL_IMG_NR="153"
          ID="eSc_dummypage_">
      <PrintSpace HPOS="0"
                  VPOS="0"
                  WIDTH="1431"
                  HEIGHT="2338">
        <TextBlock HPOS="305.0"
                   VPOS="112.0"
                   WIDTH="100.0"
                   HEIGHT="65.0"
                   ID="block_0"
                   TAGREFS="BT15">
          <Shape><Polygon POINTS="403 112 405 176 305 177 305 114"/></Shape>
          <TextLine ID="eSc_line_50f2ab70"
                    TAGREFS="LT8"
                    BASELINE="313 146 392 146" 
                    HPOS="311"
                    VPOS="109"
                    WIDTH="80"
                    HEIGHT="72">
            <Shape><Polygon POINTS="311 144 311 181 391 179 391 144 391 111 311 109 311 144"/></Shape>
	    <String CONTENT="154"
                    HPOS="311"
                    VPOS="109"
                    WIDTH="80"
                    HEIGHT="72"
                    WC="0.9999927679697672"></String>
          </TextLine>
        </TextBlock>
        <TextBlock HPOS="315.0"
                   VPOS="163.0"
                   WIDTH="1026.0"
                   HEIGHT="306.0"
                   ID="block_1"
                   TAGREFS="BT100006">
          <Shape><Polygon POINTS="1341 163 1341 449 319 469 315 188"/></Shape>
          <TextLine ID="line_2"
                    TAGREFS="LT8"
                    BASELINE="324 214 1325 203" 
                    HPOS="321.0"
                    VPOS="163.0"
                    WIDTH="1002.0"
                    HEIGHT="74.0">
            <Shape><Polygon POINTS="1315 163 1296 163 1276 163 1257 163 1237 163 1218 163 1198 163 1179 163 1160 163 1140 163 1121 163 1101 163 1082 163 1062 163 1043 163 1023 163 1004 163 984 163 965 163 945 163 926 163 906 163 887 163 867 163 848 163 828 163 809 163 789 163 770 163 750 163 731 163 711 163 692 163 672 163 653 163 633 163 614 163 594 163 575 163 555 163 551 163 549 163 321 175 323 212 323 237 1321 224 1323 202 1319 163 1315 163"/></Shape>
	    <String CONTENT="nous auons dit demeure touſiours ferme, que"
                    HPOS="321.0"
                    VPOS="163.0"
                    WIDTH="1002.0"
                    HEIGHT="74.0"
                    WC="0.9890698735104051"></String>
          </TextLine>
          <TextLine ID="line_3"
                    TAGREFS="LT8"
                    BASELINE="329 272 1329 264" 
                    HPOS="325.0"
                    VPOS="214.0"
                    WIDTH="1002.0"
                    HEIGHT="80.0">
            <Shape><Polygon POINTS="327 270 327 294 1325 282 1327 263 1325 226 1304 214 1302 214 1300 214 1298 214 1198 226 1183 214 1181 214 1179 214 1076 214 1074 214 1072 214 1070 214 1070 216 1068 216 1058 227 890 216 889 216 811 229 797 218 795 218 793 218 713 218 711 218 635 229 608 218 606 218 604 218 602 218 600 218 586 229 549 220 547 220 545 220 543 220 541 220 522 233 432 233 403 220 401 220 399 220 397 220 395 220 380 233 325 233 327 270"/></Shape>
	    <String CONTENT="ce ſont les loix qui ont puiſſance de vie &amp; de"
                    HPOS="325.0"
                    VPOS="214.0"
                    WIDTH="1002.0"
                    HEIGHT="80.0"
                    WC="0.9926392384197401"></String>
          </TextLine>
          <TextLine ID="line_4"
                    TAGREFS="LT8"
                    BASELINE="326 332 1330 322" 
                    HPOS="323.0"
                    VPOS="276.0"
                    WIDTH="1006.0"
                    HEIGHT="80.0">
            <Shape><Polygon POINTS="325 331 325 356 1327 340 1329 321 1323 280 1154 286 1058 276 1033 288 980 276 957 288 924 276 838 290 809 278 801 278 787 290 752 282 670 292 657 280 647 280 629 292 618 280 520 280 491 294 464 282 456 282 442 294 393 286 323 296 325 331"/></Shape>
	    <String CONTENT="mort ſur les habitans d’vn Royaume, non pas"
                    HPOS="323.0"
                    VPOS="276.0"
                    WIDTH="1006.0"
                    HEIGHT="80.0"
                    WC="0.9988283473391866"></String>
          </TextLine>
          <TextLine ID="line_5"
                    TAGREFS="LT8"
                    BASELINE="328 391 1335 375" 
                    HPOS="325.0"
                    VPOS="333.0"
                    WIDTH="1008.0"
                    HEIGHT="89.0">
            <Shape><Polygon POINTS="327 389 327 413 376 422 499 411 567 420 618 409 655 416 799 407 828 416 957 403 1068 413 1097 401 1152 411 1161 401 1232 409 1333 397 1333 374 1329 335 986 333 972 342 959 333 951 333 908 344 867 335 824 346 699 337 651 348 598 339 573 350 335 342 325 350 327 389"/></Shape>
	    <String CONTENT="les Rois qui ne ſont qu’adminiſtrateurs &amp;"
                    HPOS="325.0"
                    VPOS="333.0"
                    WIDTH="1008.0"
                    HEIGHT="89.0"
                    WC="0.9941433319231359"></String>
          </TextLine>
          <TextLine ID="line_6"
                    TAGREFS="LT8"
                    BASELINE="330 451 855 448" 
                    HPOS="327.0"
                    VPOS="399.0"
                    WIDTH="526.0"
                    HEIGHT="80.0">
            <Shape><Polygon POINTS="329 450 329 479 621 467 850 475 853 446 851 414 795 399 793 399 662 399 660 399 658 399 619 413 592 399 590 399 588 399 586 399 555 414 555 416 460 416 460 414 419 401 417 401 415 401 413 401 411 401 411 403 397 414 397 416 327 416 329 450"/></Shape>
	    <String CONTENT="conſeruateurs des loix."
                    HPOS="327.0"
                    VPOS="399.0"
                    WIDTH="526.0"
                    HEIGHT="80.0"
                    WC="0.9998478474824325"></String>
          </TextLine>
        </TextBlock>
        <TextBlock HPOS="153.0"
                   VPOS="486.0"
                   WIDTH="184.0"
                   HEIGHT="261.0"
                   ID="block_3"
                   TAGREFS="BT100009">
          <Shape><Polygon POINTS="337 486 329 739 154 747 153 486"/></Shape>
          <TextLine ID="line_33"
                    TAGREFS="LT8"
                    BASELINE="161 532 340 524" 
                    HPOS="158.0"
                    VPOS="475.0"
                    WIDTH="182.0"
                    HEIGHT="74.0">
            <Shape><Polygon POINTS="161 532 161 542 245 549 246 549 248 549 278 540 283 539 285 540 305 545 306 545 308 545 340 537 340 524 336 480 207 475 206 475 205 475 158 487 161 532"/></Shape>
	    <String CONTENT="Les ſuiets"
                    HPOS="158.0"
                    VPOS="475.0"
                    WIDTH="182.0"
                    HEIGHT="74.0"
                    WC="0.9938674807548523"></String>
          </TextLine>
          <TextLine ID="line_34"
                    TAGREFS="LT8"
                    BASELINE="163 675 297 675" 
                    HPOS="163.0"
                    VPOS="637.0"
                    WIDTH="134.0"
                    HEIGHT="61.0">
            <Shape><Polygon POINTS="163 675 163 698 297 694 297 675 296 648 240 649 239 648 228 639 228 637 227 637 226 637 202 637 201 637 200 637 163 649 163 675"/></Shape>
	    <String CONTENT="eſclaues"
                    HPOS="163.0"
                    VPOS="637.0"
                    WIDTH="134.0"
                    HEIGHT="61.0"
                    WC="0.9922609403729439"></String>
          </TextLine>
          <TextLine ID="line_35"
                    TAGREFS="LT8"
                    BASELINE="165 726 300 723" 
                    HPOS="163.0"
                    VPOS="687.0"
                    WIDTH="137.0"
                    HEIGHT="67.0">
            <Shape><Polygon POINTS="165 726 165 744 204 744 207 746 218 754 219 754 220 754 222 754 300 752 300 723 297 698 239 687 237 687 236 687 211 694 189 688 188 688 187 688 185 688 163 698 165 726"/></Shape>
	    <String CONTENT="du Roy."
                    HPOS="163.0"
                    VPOS="687.0"
                    WIDTH="137.0"
                    HEIGHT="67.0"
                    WC="0.9491307479994637"></String>
          </TextLine>
        </TextBlock>
        <TextBlock HPOS="337.0"
                   VPOS="464.0"
                   WIDTH="1018.0"
                   HEIGHT="1555.0"
                   ID="block_2"
                   TAGREFS="BT100005">
          <Shape><Polygon POINTS="1340 464 1355 2002 1302 2003 347 2019 342 914 337 620 347 481"/></Shape>
          <TextLine ID="line_7"
                    TAGREFS="LT8"
                    BASELINE="391 509 726 508 1333 495" 
                    HPOS="387.0"
                    VPOS="465.0"
                    WIDTH="944.0"
                    HEIGHT="62.0">
            <Shape><Polygon POINTS="1323 465 387 479 389 527 1331 522 1331 494 1323 465"/></Shape>
	    <String CONTENT="CAR auſsi les ſuiets ne ſont pas eſclaues ni"
                    HPOS="387.0"
                    VPOS="465.0"
                    WIDTH="944.0"
                    HEIGHT="62.0"
                    WC="0.9878723811019551"></String>
          </TextLine>
          <TextLine ID="eSc_line_5dc99b5a"
                    TAGREFS="LT8"
                    BASELINE="345 573 1332 559" 
                    HPOS="341.0"
                    VPOS="512.0"
                    WIDTH="990.0"
                    HEIGHT="88.0">
            <Shape><Polygon POINTS="341 541 343 572 343 600 1331 574 1331 557 1325 512 345 524 341 541"/></Shape>
	    <String CONTENT="ſerfs du Roy, comme on parle: veu que ce ne"
                    HPOS="341.0"
                    VPOS="512.0"
                    WIDTH="990.0"
                    HEIGHT="88.0"
                    WC="0.982315530610639"></String>
          </TextLine>
          <TextLine ID="line_8"
                    TAGREFS="LT8"
                    BASELINE="161 581 335 578" 
                    HPOS="157.0"
                    VPOS="539.0"
                    WIDTH="176.0"
                    HEIGHT="66.0">
            <Shape><Polygon POINTS="159 580 159 605 333 603 333 576 329 547 157 539 159 580"/></Shape>
	    <String CONTENT="ſont freres,"
                    HPOS="157.0"
                    VPOS="539.0"
                    WIDTH="176.0"
                    HEIGHT="66.0"
                    WC="0.9627415686845779"></String>
          </TextLine>
          <TextLine ID="line_9"
                    TAGREFS="LT8"
                    BASELINE="165 632 335 632" 
                    HPOS="163.0"
                    VPOS="596.0"
                    WIDTH="170.0"
                    HEIGHT="54.0">
            <Shape><Polygon POINTS="163 631 163 650 333 646 333 631 331 596 163 598 163 631"/></Shape>
	    <String CONTENT="&amp; nõ pas"
                    HPOS="163.0"
                    VPOS="596.0"
                    WIDTH="170.0"
                    HEIGHT="54.0"
                    WC="0.995265265305837"></String>
          </TextLine>
          <TextLine ID="eSc_line_d63a0307"
                    TAGREFS="LT8"
                    BASELINE="344 632 543 632 1334 618" 
                    HPOS="343"
                    VPOS="568"
                    WIDTH="990"
                    HEIGHT="84">
            <Shape><Polygon POINTS="343 619 343 631 343 652 1333 639 1333 617 1327 568 1261 580 1220 570 1218 570 1216 570 1214 570 1204 570 1134 582 1011 576 957 574 955 574 953 574 951 574 947 578 935 588 742 588 727 584 703 578 701 578 699 578 697 578 666 586 649 590 639 586 621 580 619 580 618 580 616 580 614 580 614 582 608 588 604 590 577 588 493 582 491 582 352 594 343 619"/></Shape>
	    <String CONTENT="ſont priſonniers de guerre, ni gens achetez au"
                    HPOS="343"
                    VPOS="568"
                    WIDTH="990"
                    HEIGHT="84"
                    WC="0.9875882203164308"></String>
          </TextLine>
          <TextLine ID="line_10"
                    TAGREFS="LT8"
                    BASELINE="338 692 1334 676" 
                    HPOS="335.0"
                    VPOS="627.0"
                    WIDTH="998.0"
                    HEIGHT="86.0">
            <Shape><Polygon POINTS="337 691 337 713 1333 693 1333 674 1327 629 1282 637 1253 629 1241 627 1239 627 1237 627 1236 627 1234 627 1230 631 1212 642 1082 642 1054 635 1043 631 1041 631 1039 631 1037 631 1021 635 988 644 928 637 887 633 885 633 883 633 871 639 855 646 834 639 830 639 828 639 826 639 797 641 707 648 697 642 690 637 688 637 686 637 684 637 682 637 680 637 670 642 660 650 610 644 553 639 551 639 335 650 337 691"/></Shape>
	    <String CONTENT="marché: ains comme tous en vn corps ſont"
                    HPOS="335.0"
                    VPOS="627.0"
                    WIDTH="998.0"
                    HEIGHT="86.0"
                    WC="0.9884897601313707"></String>
          </TextLine>
          <TextLine ID="line_11"
                    TAGREFS="LT8"
                    BASELINE="339 750 1333 736" 
                    HPOS="337.0"
                    VPOS="687.0"
                    WIDTH="994.0"
                    HEIGHT="92.0">
            <Shape><Polygon POINTS="337 779 1331 755 1331 734 1327 693 1187 687 1181 687 1169 703 1050 703 1013 691 984 701 916 691 885 705 832 693 779 705 768 693 762 693 705 705 655 695 643 707 425 701 417 711 397 699 387 699 374 711 337 701 337 779"/></Shape>
	    <String CONTENT="Seigneurs, auſsi chaſcun d’eux en particulier"
                    HPOS="337.0"
                    VPOS="687.0"
                    WIDTH="994.0"
                    HEIGHT="92.0"
                    WC="0.9826132032606337"></String>
          </TextLine>
          <TextLine ID="line_12"
                    TAGREFS="LT8"
                    BASELINE="345 810 1333 794" 
                    HPOS="341.0"
                    VPOS="750.0"
                    WIDTH="990.0"
                    HEIGHT="83.0">
            <Shape><Polygon POINTS="343 808 343 833 1331 812 1331 792 1323 750 1294 759 1232 752 1218 750 1216 750 1214 750 1210 752 1191 761 1136 754 1122 752 1121 752 1105 754 1043 763 994 755 978 754 976 754 961 755 914 767 341 767 343 808"/></Shape>
	    <String CONTENT="doiuent eſtre tenus comme freres &amp; parens"
                    HPOS="341.0"
                    VPOS="750.0"
                    WIDTH="990.0"
                    HEIGHT="83.0"
                    WC="0.9946921845761741"></String>
          </TextLine>
          <TextLine ID="line_13"
                    TAGREFS="LT8"
                    BASELINE="339 869 1334 854" 
                    HPOS="335.0"
                    VPOS="806.0"
                    WIDTH="998.0"
                    HEIGHT="90.0">
            <Shape><Polygon POINTS="337 868 337 886 442 896 444 896 1333 872 1333 853 1329 818 1206 806 1204 806 1103 818 1080 820 1066 818 1021 810 1019 810 900 818 826 824 803 820 779 814 777 814 744 820 707 826 676 820 657 816 655 816 629 820 582 828 557 820 549 818 547 818 545 818 543 818 536 820 506 828 335 822 337 868"/></Shape>
	    <String CONTENT="du Roy. Et afin que lon ne trouue cela eſtran¬"
                    HPOS="335.0"
                    VPOS="806.0"
                    WIDTH="998.0"
                    HEIGHT="90.0"
                    WC="0.998395042574924"></String>
          </TextLine>
          <TextLine ID="line_14"
                    TAGREFS="LT8"
                    BASELINE="348 931 1337 914" 
                    HPOS="345.0"
                    VPOS="865.0"
                    WIDTH="990.0"
                    HEIGHT="93.0">
            <Shape><Polygon POINTS="347 929 347 958 483 946 586 954 600 944 643 952 1335 937 1335 913 1331 874 1210 865 1146 876 1138 876 1130 867 1058 868 1048 880 1013 868 959 882 836 870 820 884 711 872 699 886 606 876 600 876 586 888 526 876 464 890 345 886 347 929"/></Shape>
	    <String CONTENT="ge, voici ce que Dieu meſme en dit, baillant"
                    HPOS="345.0"
                    VPOS="865.0"
                    WIDTH="990.0"
                    HEIGHT="93.0"
                    WC="0.977338969707489"></String>
          </TextLine>
          <TextLine ID="eSc_line_36ab34b8"
                    TAGREFS="LT8"
                    BASELINE="344 991 825 987 1337 972" 
                    HPOS="341"
                    VPOS="923"
                    WIDTH="994"
                    HEIGHT="92">
            <Shape><Polygon POINTS="343 989 343 1013 536 1005 637 1015 647 1003 733 1001 758 1011 797 1001 1218 1003 1333 987 1335 970 1327 923 1308 933 1236 923 1198 935 1027 927 1015 939 986 929 959 939 824 931 801 942 723 933 682 944 641 935 623 946 341 944 343 989"/></Shape>
	    <String CONTENT="la leçon aux Rois, Qu’ils n’eſleuent point"
                    HPOS="341"
                    VPOS="923"
                    WIDTH="994"
                    HEIGHT="92"
                    WC="0.9960540477619615"></String>
          </TextLine>
          <TextLine ID="line_15"
                    TAGREFS="LT8"
                    BASELINE="172 992 329 991" 
                    HPOS="169.0"
                    VPOS="937.0"
                    WIDTH="158.0"
                    HEIGHT="68.0">
            <Shape><Polygon POINTS="171 991 171 1003 325 1005 327 989 323 952 220 952 216 948 204 939 204 937 202 937 200 937 198 937 196 937 169 942 171 991"/></Shape>
	    <String CONTENT="Deut.17."
                    HPOS="169.0"
                    VPOS="937.0"
                    WIDTH="158.0"
                    HEIGHT="68.0"
                    WC="0.9978067725896835"></String>
          </TextLine>
          <TextLine ID="line_16"
                    TAGREFS="LT8"
                    BASELINE="350 1047 1337 1032" 
                    HPOS="348.0"
                    VPOS="985.0"
                    WIDTH="987.0"
                    HEIGHT="90.0">
            <Shape><Polygon POINTS="348 1075 1335 1050 1335 1030 1329 985 1198 999 1111 987 1091 987 1078 1001 1054 989 1002 1001 908 991 896 1005 836 1005 809 993 799 993 779 1005 719 993 707 1007 684 995 586 1009 462 999 440 1013 368 1013 350 1001 348 1075"/></Shape>
	    <String CONTENT="leur cœur par deſſus leurs freres, d’entre leſ¬"
                    HPOS="348.0"
                    VPOS="985.0"
                    WIDTH="987.0"
                    HEIGHT="90.0"
                    WC="0.9797434959005802"></String>
          </TextLine>
          <TextLine ID="eSc_line_bf23abbe"
                    TAGREFS="LT8"
                    BASELINE="348 1111 1336 1091" 
                    HPOS="345"
                    VPOS="1040"
                    WIDTH="990"
                    HEIGHT="91">
            <Shape><Polygon POINTS="347 1110 347 1131 1335 1114 1335 1089 1331 1052 1241 1040 1062 1057 1048 1048 1039 1048 1029 1059 945 1059 910 1048 879 1061 797 1050 781 1061 701 1052 610 1067 543 1055 504 1065 467 1057 454 1069 440 1057 434 1057 345 1065 347 1110"/></Shape>
	    <String CONTENT="quels ils ont eſté choiſis. Bartole, Iuriſcon¬"
                    HPOS="345"
                    VPOS="1040"
                    WIDTH="990"
                    HEIGHT="91"
                    WC="0.9912902725503799"></String>
          </TextLine>
          <TextLine ID="line_17"
                    TAGREFS="LT8"
                    BASELINE="174 1115 340 1112" 
                    HPOS="171.0"
                    VPOS="1071.0"
                    WIDTH="168.0"
                    HEIGHT="62.0">
            <Shape><Polygon POINTS="173 1114 173 1128 337 1133 339 1110 335 1073 171 1071 173 1114"/></Shape>
	    <String CONTENT="Au traite"
                    HPOS="171.0"
                    VPOS="1071.0"
                    WIDTH="168.0"
                    HEIGHT="62.0"
                    WC="0.9986861215697395"></String>
          </TextLine>
          <TextLine ID="line_18"
                    TAGREFS="LT8"
                    BASELINE="176 1161 340 1164" 
                    HPOS="173.0"
                    VPOS="1116.0"
                    WIDTH="166.0"
                    HEIGHT="82.0">
            <Shape><Polygon POINTS="175 1159 173 1184 335 1198 339 1163 337 1131 251 1116 249 1116 175 1126 175 1159"/></Shape>
	    <String CONTENT="de regim."
                    HPOS="173.0"
                    VPOS="1116.0"
                    WIDTH="166.0"
                    HEIGHT="82.0"
                    WC="0.9991783764627244"></String>
          </TextLine>
          <TextLine ID="eSc_line_fc27fa4d"
                    TAGREFS="LT8"
                    BASELINE="348 1164 584 1169 1341 1153" 
                    HPOS="345"
                    VPOS="1104"
                    WIDTH="994"
                    HEIGHT="90">
            <Shape><Polygon POINTS="347 1163 347 1194 1339 1169 1339 1151 1335 1106 1140 1104 1138 1104 1113 1108 1062 1116 970 1110 941 1108 939 1108 920 1110 853 1120 836 1112 834 1110 832 1110 830 1110 818 1112 752 1122 676 1114 660 1112 658 1112 657 1112 655 1112 655 1114 653 1114 645 1124 598 1114 594 1114 592 1114 590 1114 588 1114 547 1126 493 1116 491 1116 489 1116 444 1128 345 1118 347 1163"/></Shape>
	    <String CONTENT="ſulte renommé, &amp; qui viuoit en vn ſiecle qui"
                    HPOS="345"
                    VPOS="1104"
                    WIDTH="994"
                    HEIGHT="90"
                    WC="0.9912220769458346"></String>
          </TextLine>
          <TextLine ID="line_19"
                    TAGREFS="LT8"
                    BASELINE="343 1232 1342 1211" 
                    HPOS="340.0"
                    VPOS="1169.0"
                    WIDTH="1002.0"
                    HEIGHT="85.0">
            <Shape><Polygon POINTS="343 1232 343 1245 404 1254 405 1254 462 1244 467 1244 478 1244 571 1250 573 1250 574 1250 590 1243 592 1241 599 1243 626 1248 627 1248 661 1241 673 1240 696 1241 772 1246 773 1246 822 1240 850 1236 895 1239 964 1243 965 1243 1065 1236 1173 1230 1182 1235 1185 1237 1186 1237 1187 1237 1189 1237 1204 1235 1237 1228 1341 1232 1342 1211 1340 1178 1229 1169 1228 1169 1158 1180 1150 1183 1078 1183 1076 1183 1051 1175 1050 1175 1048 1175 1047 1175 1031 1183 1013 1175 1012 1175 1011 1175 1009 1175 991 1184 990 1184 955 1179 954 1179 952 1179 926 1185 904 1175 903 1175 902 1175 851 1176 850 1176 848 1176 833 1188 831 1188 812 1178 811 1178 809 1178 764 1188 734 1179 733 1179 731 1179 730 1179 713 1187 652 1180 651 1180 586 1193 580 1193 578 1193 547 1183 545 1183 544 1183 474 1184 473 1184 471 1184 458 1196 457 1197 340 1197 343 1232"/></Shape>
	    <String CONTENT="a porté grand nombre de tyrans, a tiré vne"
                    HPOS="340.0"
                    VPOS="1169.0"
                    WIDTH="1002.0"
                    HEIGHT="85.0"
                    WC="0.9932906708934091"></String>
          </TextLine>
          <TextLine ID="line_20"
                    TAGREFS="LT8"
                    BASELINE="343 1292 1343 1271" 
                    HPOS="341.0"
                    VPOS="1226.0"
                    WIDTH="1002.0"
                    HEIGHT="84.0">
            <Shape><Polygon POINTS="343 1292 343 1309 480 1302 488 1306 497 1310 499 1310 500 1310 501 1310 517 1305 531 1301 549 1305 577 1310 578 1310 579 1310 591 1304 596 1301 610 1304 648 1309 649 1309 651 1309 652 1309 661 1302 668 1298 705 1301 749 1304 751 1304 773 1300 785 1297 794 1298 818 1305 820 1305 821 1305 904 1304 934 1302 935 1302 937 1302 944 1294 947 1293 954 1294 973 1301 974 1301 976 1301 1142 1291 1148 1291 1151 1291 1216 1297 1217 1297 1219 1297 1245 1288 1250 1287 1264 1288 1324 1293 1325 1293 1327 1293 1343 1285 1343 1271 1340 1226 1233 1228 1232 1228 1230 1228 1210 1240 1167 1233 1165 1233 1164 1233 1147 1241 1115 1232 1103 1230 1102 1230 1100 1230 1099 1230 1086 1233 1077 1236 1069 1235 1055 1231 1054 1231 1052 1231 1051 1231 1035 1235 1005 1244 991 1237 982 1232 981 1232 979 1232 978 1232 961 1237 938 1246 839 1249 811 1249 804 1244 795 1236 794 1236 792 1236 791 1236 756 1243 717 1237 716 1237 714 1237 713 1237 703 1246 697 1252 653 1252 645 1249 626 1240 625 1240 623 1240 622 1240 590 1250 580 1253 561 1252 467 1243 466 1243 465 1243 436 1256 436 1257 404 1257 402 1257 386 1246 384 1246 383 1246 382 1246 380 1246 341 1258 343 1292"/></Shape>
	    <String CONTENT="concluſion de ceſte loy, que les ſuiets ne ſont"
                    HPOS="341.0"
                    VPOS="1226.0"
                    WIDTH="1002.0"
                    HEIGHT="84.0"
                    WC="0.9902401338232324"></String>
          </TextLine>
          <TextLine ID="line_21"
                    TAGREFS="LT8"
                    BASELINE="344 1352 1340 1331" 
                    HPOS="343.0"
                    VPOS="1285.0"
                    WIDTH="997.0"
                    HEIGHT="87.0">
            <Shape><Polygon POINTS="434 1333 427 1315 405 1317 404 1317 378 1309 376 1309 375 1309 374 1309 343 1318 344 1352 344 1372 421 1365 526 1369 528 1369 530 1369 534 1369 658 1359 704 1365 705 1365 707 1365 708 1365 709 1365 720 1358 753 1363 755 1363 966 1352 1340 1350 1340 1331 1337 1285 1277 1285 1276 1285 1275 1285 1273 1285 1272 1287 1259 1294 1242 1288 1241 1288 1239 1288 1238 1288 1237 1288 1216 1296 1190 1289 1181 1288 1180 1288 1178 1288 1173 1291 1150 1302 1089 1302 1031 1296 1003 1292 1002 1292 1000 1292 999 1292 994 1297 982 1305 839 1307 809 1302 774 1297 733 1297 731 1297 730 1297 712 1306 710 1306 709 1306 673 1298 671 1298 670 1298 669 1298 655 1307 652 1310 648 1309 629 1300 627 1300 626 1300 625 1300 608 1306 547 1301 545 1301 502 1304 501 1304 500 1304 488 1314 487 1315 439 1315 434 1333"/></Shape>
	    <String CONTENT="poiht eſclaues des Rois, ains freres: &amp; qu’ils"
                    HPOS="343.0"
                    VPOS="1285.0"
                    WIDTH="997.0"
                    HEIGHT="87.0"
                    WC="0.9995075243970623"></String>
          </TextLine>
          <TextLine ID="line_22"
                    TAGREFS="LT8"
                    BASELINE="178 1404 329 1405" 
                    HPOS="175.0"
                    VPOS="1352.0"
                    WIDTH="152.0"
                    HEIGHT="78.0">
            <Shape><Polygon POINTS="177 1402 175 1420 323 1430 327 1404 325 1357 177 1352 177 1402"/></Shape>
	    <String CONTENT="1Chron."
                    HPOS="175.0"
                    VPOS="1352.0"
                    WIDTH="152.0"
                    HEIGHT="78.0"
                    WC="0.9783592990466526"></String>
          </TextLine>
          <TextLine ID="eSc_line_3f3b23b8"
                    TAGREFS="LT8"
                    BASELINE="348 1405 627 1406 1336 1391" 
                    HPOS="345"
                    VPOS="1342"
                    WIDTH="990"
                    HEIGHT="84">
            <Shape><Polygon POINTS="347 1404 347 1426 1335 1412 1335 1389 1331 1348 1089 1342 1087 1342 1033 1354 1021 1356 1011 1354 970 1344 968 1344 966 1344 857 1357 834 1359 807 1359 682 1352 680 1352 678 1352 651 1361 645 1363 637 1361 580 1352 579 1352 577 1352 549 1365 545 1365 536 1365 458 1354 456 1354 454 1354 452 1354 438 1363 372 1356 370 1356 368 1356 345 1365 347 1404"/></Shape>
	    <String CONTENT="doiuent eſtre tenus pour tels. Auſsi le Roy"
                    HPOS="345"
                    VPOS="1342"
                    WIDTH="990"
                    HEIGHT="84"
                    WC="0.9996609174928"></String>
          </TextLine>
          <TextLine ID="line_23"
                    TAGREFS="LT8"
                    BASELINE="344 1470 1343 1450" 
                    HPOS="341.0"
                    VPOS="1405.0"
                    WIDTH="1002.0"
                    HEIGHT="83.0">
            <Shape><Polygon POINTS="434 1452 426 1424 417 1420 415 1420 414 1420 341 1426 344 1470 344 1485 605 1488 606 1488 608 1488 609 1488 616 1482 617 1482 619 1482 669 1487 670 1487 671 1487 697 1480 704 1479 710 1480 740 1485 742 1485 743 1485 762 1479 768 1478 775 1479 808 1484 809 1484 811 1484 831 1478 838 1476 846 1478 876 1483 877 1483 978 1475 1022 1472 1038 1474 1069 1479 1070 1479 1072 1479 1083 1474 1086 1472 1089 1474 1100 1478 1102 1478 1103 1478 1137 1472 1158 1470 1343 1470 1343 1450 1341 1415 1239 1405 1238 1405 1189 1417 1187 1417 1185 1417 1142 1406 1141 1406 1086 1417 1052 1409 1051 1409 1013 1409 1012 1409 1011 1409 994 1418 942 1410 941 1410 939 1410 920 1419 913 1423 873 1424 848 1424 843 1420 835 1414 834 1414 833 1414 831 1414 830 1414 814 1420 805 1426 686 1426 678 1422 668 1417 666 1417 665 1417 622 1423 588 1428 562 1424 535 1419 534 1419 456 1420 454 1420 453 1420 447 1426 439 1430 434 1452"/></Shape>
	    <String CONTENT="Dauid n’a pas honte d’appeller ſes ſuiets de ce"
                    HPOS="341.0"
                    VPOS="1405.0"
                    WIDTH="1002.0"
                    HEIGHT="83.0"
                    WC="0.9951001291579389"></String>
          </TextLine>
          <TextLine ID="line_24"
                    TAGREFS="LT8"
                    BASELINE="344 1531 1340 1508" 
                    HPOS="343.0"
                    VPOS="1462.0"
                    WIDTH="997.0"
                    HEIGHT="84.0">
            <Shape><Polygon POINTS="434 1514 427 1497 343 1497 344 1531 344 1546 675 1546 675 1545 677 1545 691 1540 701 1537 873 1537 982 1537 983 1537 985 1537 991 1536 1013 1530 1094 1533 1116 1535 1117 1535 1138 1533 1234 1524 1338 1530 1340 1508 1336 1462 1282 1463 1281 1463 1280 1463 1265 1475 1251 1465 1250 1465 1249 1465 1247 1465 1246 1465 1245 1465 1234 1472 1193 1467 1185 1466 1184 1466 1182 1466 1180 1467 1155 1479 1033 1475 1031 1475 990 1483 978 1475 977 1475 976 1475 911 1472 909 1472 908 1472 907 1472 900 1478 887 1487 805 1487 796 1482 787 1475 786 1475 785 1475 783 1475 716 1484 703 1485 699 1484 674 1478 673 1478 671 1478 622 1488 599 1492 565 1489 480 1483 479 1483 478 1483 454 1493 449 1497 438 1497 434 1514"/></Shape>
	    <String CONTENT="nom. Les anciens Rois eſtoyent appellez A¬"
                    HPOS="343.0"
                    VPOS="1462.0"
                    WIDTH="997.0"
                    HEIGHT="84.0"
                    WC="0.9988444447517395"></String>
          </TextLine>
          <TextLine ID="line_25"
                    TAGREFS="LT8"
                    BASELINE="344 1591 1338 1567" 
                    HPOS="343.0"
                    VPOS="1524.0"
                    WIDTH="995.0"
                    HEIGHT="89.0">
            <Shape><Polygon POINTS="434 1574 426 1553 395 1553 343 1544 344 1591 344 1605 392 1613 393 1613 448 1604 454 1604 461 1604 506 1609 508 1609 509 1609 521 1602 523 1602 531 1602 570 1608 571 1608 614 1601 622 1601 629 1601 673 1608 674 1608 729 1606 730 1606 731 1606 740 1600 746 1596 799 1596 805 1598 809 1602 811 1602 812 1602 813 1602 850 1598 872 1596 876 1598 882 1602 883 1602 885 1602 886 1602 928 1597 960 1593 974 1596 989 1600 990 1600 991 1600 1090 1597 1091 1597 1093 1597 1095 1595 1102 1588 1135 1588 1158 1593 1160 1595 1161 1595 1163 1595 1164 1595 1165 1595 1165 1593 1172 1588 1184 1593 1186 1595 1187 1595 1189 1595 1190 1595 1194 1593 1210 1588 1219 1593 1223 1595 1224 1595 1225 1595 1338 1591 1338 1567 1334 1531 1199 1533 1195 1532 1180 1524 1178 1524 1177 1524 1129 1533 1112 1536 1108 1533 1100 1527 1099 1527 1098 1527 1059 1527 1057 1527 1056 1527 1037 1535 1026 1537 1009 1535 982 1530 981 1530 979 1530 978 1530 972 1535 966 1539 963 1535 955 1530 954 1530 952 1530 951 1530 920 1536 890 1541 834 1537 818 1536 817 1536 816 1536 814 1536 813 1537 805 1543 759 1537 726 1535 725 1535 686 1536 684 1536 679 1539 665 1546 634 1540 627 1539 626 1539 625 1539 623 1539 622 1540 609 1548 532 1541 518 1540 517 1540 515 1540 514 1540 513 1541 504 1548 470 1541 465 1541 464 1541 462 1541 461 1541 441 1553 439 1553 434 1574"/></Shape>
	    <String CONTENT="bimelech, mot Hebrieu qui ſignifie Mon pe¬"
                    HPOS="343.0"
                    VPOS="1524.0"
                    WIDTH="995.0"
                    HEIGHT="89.0"
                    WC="0.9997329484848749"></String>
          </TextLine>
          <TextLine ID="line_26"
                    TAGREFS="LT8"
                    BASELINE="343 1650 1341 1626" 
                    HPOS="341.0"
                    VPOS="1582.0"
                    WIDTH="1000.0"
                    HEIGHT="87.0">
            <Shape><Polygon POINTS="343 1650 343 1663 445 1669 447 1669 500 1662 540 1669 541 1669 606 1659 621 1658 661 1658 813 1662 814 1662 877 1656 898 1653 902 1654 912 1659 913 1659 915 1659 916 1659 931 1654 935 1653 972 1653 1076 1656 1077 1656 1109 1652 1148 1645 1164 1650 1169 1652 1171 1652 1172 1652 1173 1652 1181 1650 1206 1644 1220 1649 1228 1652 1229 1652 1230 1652 1341 1646 1341 1626 1338 1589 1285 1582 1284 1582 1282 1582 1281 1582 1268 1591 1262 1595 1245 1591 1223 1587 1221 1587 1220 1587 1211 1592 1204 1596 1198 1592 1185 1584 1184 1584 1182 1584 1181 1584 1126 1585 1125 1585 1102 1595 1091 1600 943 1602 937 1598 929 1593 928 1593 926 1593 925 1593 890 1600 864 1605 846 1601 813 1593 812 1593 811 1593 809 1593 809 1595 800 1602 798 1605 704 1609 681 1605 643 1598 642 1598 553 1608 521 1611 515 1609 500 1601 499 1601 497 1601 443 1602 341 1613 343 1650"/></Shape>
	    <String CONTENT="re le Roy. Dieu tout bon &amp; tout puiſſant, du¬"
                    HPOS="341.0"
                    VPOS="1582.0"
                    WIDTH="1000.0"
                    HEIGHT="87.0"
                    WC="0.9800810390048557"></String>
          </TextLine>
          <TextLine ID="line_27"
                    TAGREFS="LT8"
                    BASELINE="347 1709 1345 1685" 
                    HPOS="344.0"
                    VPOS="1644.0"
                    WIDTH="1001.0"
                    HEIGHT="82.0">
            <Shape><Polygon POINTS="436 1692 431 1676 344 1678 347 1709 347 1726 1345 1704 1345 1685 1342 1650 1289 1644 1288 1644 1250 1652 1236 1645 1234 1645 1233 1645 1177 1654 1154 1658 1146 1656 1126 1648 1125 1648 1124 1648 1122 1648 1121 1648 1121 1649 1112 1657 1111 1658 1047 1661 1035 1658 1005 1652 1004 1652 973 1658 913 1653 912 1653 857 1663 844 1666 837 1665 805 1656 804 1656 803 1656 801 1656 800 1656 787 1666 786 1667 781 1666 753 1658 752 1658 751 1658 749 1658 733 1667 730 1669 722 1667 673 1659 671 1659 670 1659 669 1659 656 1670 643 1659 642 1659 640 1659 639 1659 566 1661 565 1661 564 1661 548 1672 547 1674 440 1676 436 1692"/></Shape>
	    <String CONTENT="quel nous ſentons tous les iours la grande"
                    HPOS="344.0"
                    VPOS="1644.0"
                    WIDTH="1001.0"
                    HEIGHT="82.0"
                    WC="0.9933828697318122"></String>
          </TextLine>
          <TextLine ID="line_28"
                    TAGREFS="LT8"
                    BASELINE="355 1764 1345 1742" 
                    HPOS="352.0"
                    VPOS="1706.0"
                    WIDTH="991.0"
                    HEIGHT="80.0">
            <Shape><Polygon POINTS="354 1763 354 1786 1343 1772 1343 1741 1339 1708 840 1706 838 1706 836 1706 795 1718 711 1708 709 1708 707 1708 680 1720 670 1710 668 1710 666 1710 664 1710 662 1710 616 1722 540 1712 538 1712 536 1712 510 1726 352 1728 354 1763"/></Shape>
	    <String CONTENT="douceur, &amp; peu ſouuent la rigueur, &amp; s’il nous"
                    HPOS="352.0"
                    VPOS="1706.0"
                    WIDTH="991.0"
                    HEIGHT="80.0"
                    WC="0.9859521920266359"></String>
          </TextLine>
          <TextLine ID="line_29"
                    TAGREFS="LT8"
                    BASELINE="355 1824 1343 1805" 
                    HPOS="352.0"
                    VPOS="1759.0"
                    WIDTH="989.0"
                    HEIGHT="91.0">
            <Shape><Polygon POINTS="354 1823 354 1850 1341 1827 1341 1804 1337 1769 1142 1759 1140 1759 1060 1771 1039 1772 1017 1771 945 1763 943 1763 941 1763 918 1772 908 1774 898 1772 875 1765 873 1765 871 1765 795 1772 744 1778 721 1774 696 1769 694 1769 664 1774 633 1780 352 1778 354 1823"/></Shape>
	    <String CONTENT="frappe, quoy que ce ſoit iuſtement, ſi ſe mon¬"
                    HPOS="352.0"
                    VPOS="1759.0"
                    WIDTH="989.0"
                    HEIGHT="91.0"
                    WC="0.996094295512075"></String>
          </TextLine>
          <TextLine ID="line_30"
                    TAGREFS="LT8"
                    BASELINE="358 1881 1342 1865" 
                    HPOS="354.0"
                    VPOS="1821.0"
                    WIDTH="987.0"
                    HEIGHT="80.0">
            <Shape><Polygon POINTS="356 1880 356 1901 1341 1885 1341 1864 1337 1833 1216 1821 1214 1821 1122 1833 1101 1823 1099 1823 1097 1823 1095 1823 1093 1823 1080 1835 1078 1835 1070 1835 1015 1825 1013 1825 966 1835 953 1837 937 1835 879 1827 877 1827 875 1827 851 1835 842 1839 807 1837 723 1829 721 1829 719 1829 701 1837 694 1841 354 1841 356 1880"/></Shape>
	    <String CONTENT="ſtre-il benin en donnant le coup, a voulu ap¬"
                    HPOS="354.0"
                    VPOS="1821.0"
                    WIDTH="987.0"
                    HEIGHT="80.0"
                    WC="0.9924002634154425"></String>
          </TextLine>
          <TextLine ID="line_31"
                    TAGREFS="LT8"
                    BASELINE="360 1943 1348 1919" 
                    HPOS="356.0"
                    VPOS="1878.0"
                    WIDTH="991.0"
                    HEIGHT="97.0">
            <Shape><Polygon POINTS="358 1942 358 1975 1347 1950 1347 1917 1341 1878 1054 1880 988 1889 963 1891 935 1889 820 1884 818 1884 816 1884 814 1884 814 1885 805 1895 803 1897 736 1897 731 1897 678 1887 676 1887 508 1903 475 1893 473 1893 471 1893 469 1893 426 1905 372 1895 370 1895 368 1895 366 1895 356 1903 358 1942"/></Shape>
	    <String CONTENT="prendre aux Princes ſes lieutenans, qu’il faut"
                    HPOS="356.0"
                    VPOS="1878.0"
                    WIDTH="991.0"
                    HEIGHT="97.0"
                    WC="0.9773528653642406"></String>
          </TextLine>
          <TextLine ID="line_32"
                    TAGREFS="LT8"
                    BASELINE="357 2000 1346 1983" 
                    HPOS="354.0"
                    VPOS="1940.0"
                    WIDTH="991.0"
                    HEIGHT="92.0">
            <Shape><Polygon POINTS="356 1998 356 2032 1345 2016 1345 1981 1339 1940 1093 1952 1068 1946 1052 1942 1050 1942 1048 1942 1046 1942 1031 1948 1009 1954 959 1950 906 1944 904 1944 902 1944 900 1944 892 1950 883 1958 791 1958 750 1954 684 1948 682 1948 680 1948 658 1956 651 1960 631 1958 580 1950 579 1950 577 1950 543 1960 534 1963 354 1963 356 1998"/></Shape>
	    <String CONTENT="entretenir les ſuiets par amour, &amp; non par ſe¬"
                    HPOS="354.0"
                    VPOS="1940.0"
                    WIDTH="991.0"
                    HEIGHT="92.0"
                    WC="0.9948214668294658"></String>
          </TextLine>
        </TextBlock>
        <TextBlock HPOS="593.0"
                   VPOS="102.0"
                   WIDTH="458.0"
                   HEIGHT="59.0"
                   ID="block_8"
                   TAGREFS="BT18">
          <Shape><Polygon POINTS="1051 102 1051 161 593 161 593 102"/></Shape>
          <TextLine ID="line_1"
                    TAGREFS="LT8"
                    BASELINE="600 137 1043 134" 
                    HPOS="596.0"
                    VPOS="103.0"
                    WIDTH="445.0"
                    HEIGHT="54.0">
            <Shape><Polygon POINTS="1025 103 1005 103 986 103 966 103 947 103 928 103 908 103 889 103 869 103 850 103 830 103 811 103 791 103 772 103 770 103 596 105 598 136 598 157 1039 157 1041 132 1035 103 1025 103"/></Shape>
	    <String CONTENT="TROISIESME"
                    HPOS="596.0"
                    VPOS="103.0"
                    WIDTH="445.0"
                    HEIGHT="54.0"
                    WC="0.9999667942523957"></String>
          </TextLine>
        </TextBlock>
        <TextBlock HPOS="167.0"
                   VPOS="947.0"
                   WIDTH="169.0"
                   HEIGHT="114.0"
                   ID="block_6"
                   TAGREFS="BT100009">
          <Shape><Polygon POINTS="336 947 336 1061 167 1061 167 947"/></Shape>
          <TextLine ID="line_36"
                    TAGREFS="LT8"
                    BASELINE="174 1040 286 1042" 
                    HPOS="171.0"
                    VPOS="1007.0"
                    WIDTH="113.0"
                    HEIGHT="54.0">
            <Shape><Polygon POINTS="173 1038 171 1061 282 1057 284 1040 282 1009 173 1007 173 1038"/></Shape>
	    <String CONTENT="15.20."
                    HPOS="171.0"
                    VPOS="1007.0"
                    WIDTH="113.0"
                    HEIGHT="54.0"
                    WC="0.9941130876541138"></String>
          </TextLine>
        </TextBlock>
        <TextBlock HPOS="171.0"
                   VPOS="1081.0"
                   WIDTH="174.0"
                   HEIGHT="149.0"
                   ID="block_5"
                   TAGREFS="BT100009">
          <Shape><Polygon POINTS="345 1081 345 1111 342 1229 171 1230 171 1081"/></Shape>
          <TextLine ID="line_37"
                    TAGREFS="LT8"
                    BASELINE="179 1211 270 1211" 
                    HPOS="179.0"
                    VPOS="1175.0"
                    WIDTH="91.0"
                    HEIGHT="64.0">
            <Shape><Polygon POINTS="179 1211 179 1230 269 1239 270 1211 270 1183 245 1175 244 1175 243 1175 179 1181 179 1211"/></Shape>
	    <String CONTENT="ciuit."
                    HPOS="179.0"
                    VPOS="1175.0"
                    WIDTH="91.0"
                    HEIGHT="64.0"
                    WC="0.9996797740459442"></String>
          </TextLine>
        </TextBlock>
        <TextBlock HPOS="169.0"
                   VPOS="1362.0"
                   WIDTH="164.0"
                   HEIGHT="117.0"
                   ID="block_4"
                   TAGREFS="BT100009">
          <Shape><Polygon POINTS="333 1362 333 1479 169 1479 169 1362"/></Shape>
          <TextLine ID="line_38"
                    TAGREFS="LT8"
                    BASELINE="180 1449 275 1451" 
                    HPOS="177.0"
                    VPOS="1414.0"
                    WIDTH="97.0"
                    HEIGHT="68.0">
            <Shape><Polygon POINTS="179 1447 177 1480 270 1482 274 1449 270 1414 179 1418 179 1447"/></Shape>
	    <String CONTENT="28.2."
                    HPOS="177.0"
                    VPOS="1414.0"
                    WIDTH="97.0"
                    HEIGHT="68.0"
                    WC="0.9997550964355468"></String>
          </TextLine>
        </TextBlock>
        <TextBlock HPOS="1189.0"
                   VPOS="2006.0"
                   WIDTH="171.0"
                   HEIGHT="64.0"
                   ID="block_9"
                   TAGREFS="BT17">
          <Shape><Polygon POINTS="1360 2006 1357 2070 1189 2070 1190 2014 1206 2012"/></Shape>
          <TextLine ID="line_39"
                    TAGREFS="LT8"
                    BASELINE="1199 2043 1347 2040" 
                    HPOS="1197.0"
                    VPOS="2006.0"
                    WIDTH="148.0"
                    HEIGHT="82.0">
            <Shape><Polygon POINTS="1333 2006 1314 2006 1294 2008 1275 2008 1255 2008 1236 2010 1216 2010 1197 2012 1198 2041 1198 2088 1273 2088 1273 2086 1275 2086 1276 2086 1276 2084 1288 2074 1292 2069 1345 2065 1345 2039 1341 2006 1333 2006"/></Shape>
	    <String CONTENT="uerité."
                    HPOS="1197.0"
                    VPOS="2006.0"
                    WIDTH="148.0"
                    HEIGHT="82.0"
                    WC="0.9801843836903572"></String>
          </TextLine>
        </TextBlock>
      </PrintSpace>
    </Page>
  </Layout>
</alto>
