1417 2338
181 144 162 70 Matth.8.

188.0 213.0 81.0 50.0 9,13.

184.0 248.0 160.0 79.0 Luc 3.14.

348.0 101.0 69.0 66.0 90

356 148 998 89 il au Centenier ſa requeſte? pourquoy luy rend

354.0 224.0 996.0 69.0 il vn ſi excellent teſmoignage? Pourquoy

354.0 283.0 1000.0 68.0 Iean Baptiſte commande-il aux genſdarmes

351.0 341.0 1002.0 70.0 de ſe contenter de leurs gages ſans faire aucu¬

351.0 402.0 1001.0 69.0 ne extorſion, & ne leur conſeille point de quit

353.0 463.0 1001.0 68.0 ter ceſte vocation? Pourquoy ſainct Pierre

349.0 514.0 1001.0 78.0 baptiſe-il Corneille le Centenier, qui fut les

348.0 578.0 1005.0 70.0 premices des Gentils? d’où vient qu’il ne le

348.0 636.0 1004.0 73.0 exhorte en ſorte que ce ſoit de laiſſer ſa char¬

352.0 696.0 1009.0 76.0 ge? Or ſi porter les armes & faire la guerre eſt

349.0 759.0 1004.0 67.0 vne choſe licite, en ſauroit-on trouuer vne

347.0 817.0 1002.0 74.0 plus iuſte que celle qui eſt entreprinſe par le

345.0 878.0 1007.0 67.0 commandement du Superieur pour la defenſe

347.0 933.0 1002.0 68.0 de l’Egliſe & pour la conſeruation des fideles?

349.0 996.0 1001.0 71.0 Y a-il plus grande tyrannie que celle qui ſe

345.0 1059.0 1004.0 64.0 exerce contre l’ame? Sauroit-on imaginer

344.0 1114.0 1005.0 70.0 guerre plus louable que celle qui reprime vne

339.0 1172.0 1010.0 71.0 telle tyrannie? Pour le dernier poinct, ie ſau¬

339.0 1232.0 1011.0 64.0 rois volontiers de telles gens, s’il eſt defendu

340.0 1292.0 1010.0 69.0 aux Chreſtiens de faire guerre en ſorte ni

341.0 1350.0 1008.0 73.0 pour quelque occaſion que ce ſoit? S’ils diſent

343.0 1410.0 1002.0 70.0 que cela eſt defendu: d’où vient donc que les

341.0 1471.0 1008.0 72.0 genſdarmes, Capitaines & Centeniers, qui

339.0 1527.0 1005.0 66.0 n’ont autre choſe à faire qu’à manier les ar¬

339.0 1589.0 1005.0 69.0 mes, ſont receus en l’Egliſe? Pourquoy les An

338.0 1645.0 1002.0 74.0 ciens docteurs & hiſtoriographes font-ils

336.0 1705.0 1004.0 65.0 tant honnorable mention de certaines le¬

338.0 1766.0 1001.0 71.0 gions compoſees entierement de Chreſtiens,

336.0 1827.0 1005.0 61.0 entre autres de celle de Malte, tant renommee

339.0 1883.0 1002.0 67.0 pour la victoire qu’elle obtint, & de celle de

344 1940 995 83 Thebes, de laquelle ſainct Maurice eſtoit ge¬

183.0 481.0 152.0 65.0 Act.1o.

185.0 539.0 143.0 70.0 44,48.

700.0 96.0 308.0 68.0 SECONDE

1199.0 2011.0 142.0 72.0 neral,
