1431 2338
83.0 170.0 1015.0 79.0 Ieruſalẽ à la celebration de la Paſque: & meſ¬

85.0 271.0 1011.0 36.0 ines Il aida aua nuelts Macntes des nences

87.0 294.0 1011.0 72.0 d’Ephraim, de Manaſſé &autres ſuiets aux Aſ¬

84.0 357.0 1012.0 70.0 ſyriens, à ruiner les hauts lieux qui eſtoyẽt en

81.0 411.0 1004.0 76.0 leurs quartiers. Nous liſõs auſſi que le bõ Roy

81.0 477.0 1006.0 66.0 Ioſias chaſſa l’idolatrie non ſeulement de ſon

81.0 531.0 1008.0 69.0 Royaume, mais auſſihors du Royaume d’Iſrael

83.0 594.0 1006.0 69.0 lors entierement aſſerui au Roy des Aſſyriens.

85.0 650.0 1005.0 76.0 Et à bõ droit: car quãd il eſt queſtiõ de la gloi¬

81.0 719.0 1009.0 62.0 re de Dieu & du regne de Chriſt, il n’y a bornes

83.0 774.0 1010.0 66.0 ni limites qui doyuẽt arreſter le zele des Prin¬

81.0 831.0 1012.0 73.0 ces Chreſtiens. Si l’aduerſaire eſt puiſſant & a

81.0 893.0 1014.0 73.0 de grãds moyẽs, ceux qui craignent vrayemẽt

81.0 950.0 1009.0 70.0 le Seigneur doyuent à l’exemple des ſurnõmez

81.0 1013.0 1008.0 70.0 aprẽdre à ne craindre perſõne. Auſſi pluſieurs

80.0 1068.0 1009.0 69.0 Princes Chreſtiens ont enſuiui tels exemples

81.0 1128.0 1008.0 73.0 depuis le tẽps que l’Egliſe cõfinee en Paleſti¬

79.0 1189.0 1010.0 70.0 ne fut eſpandue par tout le monde. Cõſtantin

80.0 1249.0 1003.0 70.0 & Licinius gouuernoyẽt l’Empire enſemble,

79.0 1307.0 1008.0 71.0 l’vn en Orient, l’autre en Occident. Ils eſtoyẽt

77.0 1366.0 1008.0 75.0 aſſociez ayãt pareille puiſſance l’vn que l’autre.

80.0 1428.0 1002.0 72.0 On dit cõmunement qu’il n’y a point de com¬

77.0 1487.0 1005.0 70.0 mandemẽt de pair à pair:ce nonobſtant Con¬

77.0 1543.0 1008.0 74.0 ſtantin aſſaillit en guerre ouuerte Licinius, le¬

79.0 1604.0 1007.0 72.0 quel banniſſoit, tourmentoit & ſaccageoit les

77.0 1666.0 1009.0 70.0 Chreſtiẽs, & pluſieurs de lã nobleſſe entre au¬

74.0 1721.0 1012.0 77.0 tres, ſous pretexte de Religiõ. En ceſte guerre

77.0 1783.0 1006.0 70.0 Cõſtantin contraint ſon aduerſaire de dõner

74.0 1840.0 1009.0 77.0 aux Chreſtiẽs exercice libre de leur Religiõ: &

74 1904 1011 76 pource qu’il rompoit ſa foy, & retournoit à ſes

75 1963 1006 85 precedẽtes cruautez, Conſtantin le fit attraper

358.0 116.0 371.0 55.0 QVESTION.

1011.0 114.0 92.0 73.0 249

1103 407 154 85 2.Rouz2.

1103 471 154 66 2. Chron.

1103 526 152 70 34.& 35.
