1388 2338
317.0 91.0 90.0 66.0 Ion

323.0 151.0 1019.0 81.0 ce qui eſt auenu és autres Royaumes, comme

323.0 210.0 1016.0 78.0 les plus aſſeurees hiſtoires en font foy. Mais

324.0 275.0 1010.0 76.0 pour ne nous eſlongner du royaume de Fran¬

322.0 332.0 1015.0 77.0 ce, qui a touſiours eſté eſtimé le patron des au

319.0 392.0 1018.0 75.0 trés, & où la ſucceſsion ſemble auoir obtenu

318.0 449.0 1016.0 83.0 plus de credit, nous liſons que Pharamond fut

317.0 510.0 1013.0 75.0 eſleu l’an cCCCXIX: Pepin, l’an DCCLI:

317.0 565.0 1013.0 76.0 Charles le Grand, & Carloman fils de Pepin

314.0 629.0 1016.0 80.0 l’an DCCLXVIII, ſans auoir eſgard à leur pe

311.0 689.0 1017.0 77.0 re. Carloman mort l’an DCCLXXI, ſon frere

315.0 748.0 1013.0 78.0 Charles ne fut pas incontinent poſſeſſeur de

311.0 806.0 1014.0 78.0 ſa moitié, comme il auient ordinairement en

314.0 863.0 1009.0 79.0 la ſucceſsion des heritages, ains par l’ordon¬

311.0 924.0 1008.0 82.0 nance du peuple & des Eſtats du Royaume.

318.0 985.0 999.0 77.0 L’an DCCCXII, Louys le Debonnaire, quoy

309.0 1045.0 1003.0 77.0 qué fils de Charles le Grãd ou Charlemagne,

300.0 1101.0 1017.0 80.0 fut eſleu. Et au teſtament de Charlemagne in¬

300.0 1161.0 1016.0 79.0 ſeré en l’hiſtoire eſcrite par Nauclere, Charle¬

297.0 1224.0 1020.0 76.0 magne prie le peuple d’eſlire par l’aſſemblee

300.0 1279.0 1015.0 82.0 des Eſtats du Royaume celuy de ſes petis fils

297.0 1343.0 1016.0 79.0 que le peuple voudra, & commãde aux oncles

295.0 1400.0 1017.0 78.0 d’acquieſcer à l’ordonnance du peuple. Au

292.0 1459.0 1019.0 77.0 moyen dequoy Charles le Chauue petit fils de

291.0 1518.0 1020.0 77.0 Louys le Debonnaire & de Iudith, ſe declaire

292.0 1576.0 1016.0 80.0 eſtre Roy eſleu, comme Aimonius hiſtorien

293.0 1639.0 1009.0 74.0 François le recite. Pour conclurre en vn mot,

296.0 1700.0 1008.0 67.0 tous Rois ont eſté eſleus du commencement:

296.0 1758.0 1007.0 74.0 & ceux qui auiourdhuy ſemblent auoir par

295.0 1814.0 1011.0 79.0 ſucceſsion la courõne & puiſſance Royale, doi

295 1883 1005 67 uent premierement & auant toutes choſes

295 1934 1004 92 eſtre eſtablis par le peuple. Brief, combien que

640.0 97.0 437.0 66.0 TROISTESME

1255.0 2016.0 31.0 78.0 le
