1426 2338
72.0 151.0 1004.0 73.0 chaſcune deſquelles traitoit auec le Roy. En

70.0 203.0 1008.0 77.0 ceſte aſſemblee il eſtoit queſtion de creer vn

71.0 259.0 1007.0 83.0 Roy: car le peuple faiſoit le Roy, non pas le

71.0 319.0 1006.0 77.0 Roy le peuple. Et eſt certain que le peuple ſti¬

74.0 381.0 1006.0 78.0 puloit, le Roy promettoit. Or en termes de

72.0 439.0 1013.0 80.0 droit celuy qui ſtipule eſt par deſſus celuy qui

74.0 497.0 1007.0 83.0 promet. Le peuple demandoit au Roy, ſauoir

72.0 555.0 1012.0 84.0 mon s’il vouloit pas regner iuſtement & ſelon

72.0 616.0 1010.0 81.0 les Loix? Il promettoit qu’Ouy. Alors le peu¬

76.0 678.0 1012.0 77.0 ple reſpondoit & promettoit rendre fidele o¬

72.0 736.0 1016.0 77.0 beiſſance à celuy qui commanderoit iuſtemẽt.

74.0 797.0 1016.0 81.0 Et pourtant le Roy promettoit purement &

75.0 855.0 1019.0 81.0 ſimplement, le peuple ſous condition:laquelle

75.0 914.0 1019.0 79.0 defaillant d’eſtre acomplie, le peuple demeu¬

75.0 972.0 1022.0 80.0 roit ſelon tout droit & raiſon deliure de ſa

79.0 1032.0 1016.0 85.0 promeſſe. En la premiere Alliance, il y a obli¬

79.0 1096.0 1016.0 76.0 gation à Pieté: en la ſeconde à luſtice: par ce¬

75.0 1152.0 1022.0 80.0 ſte-la le Roy promet d’obeir religieuſement à

76.0 1214.0 1019.0 78.0 Dieu: par ceſte-ci, de commander iuſtement

76.0 1275.0 1021.0 78.0 au peuple: par l’vne il s’oblige de procurer la

79.0 1335.0 1016.0 76.0 gloire de Dieu: par l’autre le profit du peuple.

76.0 1395.0 1021.0 74.0 En la premiere il y a ceſte condition, Si tu

77.0 1453.0 1018.0 75.0 obſerues ma Loy: en la ſeconde, Si tu gardes à

77.0 1513.0 1017.0 80.0 chaſcun le droit qui luy apartient. Dieu pro¬

81.0 1571.0 1013.0 79.0 prement eſt le protecteur & vengeur de la

81.0 1628.0 1012.0 81.0 premiere, ſi elle n’eſt acomplie: quant à la ſe¬

79.0 1692.0 1015.0 77.0 conde, c’eſt legitimement à tout le peuple ou

80 1750 1011 77 aux Eſtats qui le repreſentẽt & doyuent main¬

79 1811 1011 78 tenir, que ceſte autorité de reprimer le defail¬

83 1880 356 69 lant, apartient.

386.0 98.0 384.0 47.0 QVESTTONS

998.0 64.0 67.0 82.0 185

145.0 1926.0 945.0 91.0 CELA a touſiours eſté ainſi pratiqué en
