1417 2338
84 201 998 43 henlre namain, d momtrts demareseunio

81 224 998 83 regnoyẽt. Ainſi, tandis que l’Empire Romain

81 287 1001 74 demeura libre, on l’appella la ſauuegarde de

79 348 996 74 tout le monde contre la violence des tyrans,

83 403 996 80 pource que le Senat eſtoit le port & refuge

77 457 1000 86 des Rois, peuples & nations. Sem blablement

81 520 996 80 Conſtantin, appellé par les Romains contre

79 580 998 80 Maxentius, eut Dieu pour general de ſon ar¬

83 644 999 71 mee, & toute l’Egliſe celebra merueilleuſemẽt

83 707 998 68 ce voyage, encores que Maxentius euſt meſme

83 763 1005 74 autorité en Occident que Conſtantin en O¬

83 819 1002 78 rient. Auſsi Charlemagne entreprint la guerre

84 881 997 74 contre les Lombards, eſtant requis de ſecourir

83 939 999 76 la nobleſſe d’Italie: combien que le Royaume

84 997 996 83 des Lombards euſt pied ferme des long temps

85 1059 994 74 auparauant, & que luy ne peuſt s’attribuer au¬

84 1118 993 75 cun droit ſur eux. Pareillement lors que Char¬

84 1175 995 79 les le Chauue Roy de France euſt fait tyranni¬

88 1239 992 74 quement mourir le gouuerneur du pays entre

87 1293 995 77 Seine & Loire, auec le Duc Lambert, & vn Sei

88 1358 993 74 gneur nommé Iamætius, & que d’autres grãds

85 1417 994 74 Seigneurs du Royaume ſe furent retirez vers

85 1472 996 80 Louys Roy d’Alemagne, frere de mere du

88 1532 993 78 Chauue, pour demãder ſecours cõtre le Chau¬

87 1592 999 73 ue & contre ſa mere nommee Iudith, l’vne des

89 1649 993 82 plus meſchantes femmes du mõde, Louys leur

89 1713 995 75 donna audience en vne grande aſſemblee des

87 1772 997 76 Princes Alemans, par le commun auis deſquels

87 1827 990 81 il fut arreſté qu’õ feroit la guerre au Chauue,

88 1889 993 77 afin de reſtablir en leurs biens, honneurs &

92 1947 990 80 eſtats ceux qui auoyent eſté chaſſez. Brief, cõ¬

93 2009 989 84 me il y a eu quelques tyrans ça & là; auſsi tous

411 111 376 62 QVESTION.

1003 111 84 74 263

1089 467 154 80 Cicer. au

1089 543 154 57 2.liu. des

1089 588 94 82 offic.
