1431 2338
131 120 962 86 ON demande, Si les ſuiets ſont tenus d’o¬

75.0 184.0 1019.0 84.0 beir aux Rois, en cas qu’ils commandent quel¬

75.0 271.0 1015.0 53.0 que choſe contre la Loy de Dieu? c’eſt a diré,

75.0 302.0 1019.0 87.0 auquel des deux (Dieu ou le Roy) il faudra plu¬

76.0 363.0 1028.0 81.0 ſtoſt obeir. Quand la queſtion ſera vuidee

80.0 426.0 1020.0 81.0 pour le regard du Roy, qu’on eſtime auoir v¬

80.0 480.0 1020.0 85.0 ne puiſſance abſolue, elle le ſera auſſi pour le

79.0 546.0 1017.0 77.0 regard des autres Magiſtrats. Premierement,

81.0 598.0 1022.0 91.0 I’Eſcriture ſaincte enſeigne que Dieu regne

81.0 662.0 1014.0 90.0 par ſa propre autorité, les Rois par emprunt:

84.0 723.0 1014.0 78.0 Dieu de par ſoy-meſme, les Rois de par Dieu:

90.0 780.0 1006.0 81.0 Que Dieu a vne iuriſdiction propre, les Rois

87.0 837.0 1009.0 81.0 ſont deleguez de luy. Il s’enſuit que la iuriſdi¬

89.0 898.0 1010.0 80.0 ction de Dieu n’a point de limites, celle des

90.0 957.0 1016.0 76.0 Rois au contraire: que la puiſſance de Dieu eſt

90.0 1018.0 1018.0 79.0 infinie, celle des Rois non: que le royaume de

93.0 1078.0 1016.0 79.0 Dieu s’eſtend en tous lieux, celuy des Rois eſt

92.0 1143.0 1015.0 75.0 comprins en certains pays & confins. Item,

93.0 1198.0 1019.0 77.0 Dieu a creé de rien le ciel & la terre: parquoy à

94.0 1259.0 1018.0 78.0 bon droit il eſt Seigneur & vray proprietaire

94.0 1318.0 1019.0 74.0 de l’vn & de l’autre. Tous les habitans du mõ¬

96.0 1380.0 1023.0 69.0 de tienent de luy ce qu’ils ont, & ſont comme

97.0 1437.0 1023.0 72.0 ſes cenſiers & admodiataires: tous les iuges &

100.0 1500.0 1021.0 71.0 gouuerneurs de la terre, ſont ſes beneficiers &

101.0 1557.0 1016.0 71.0 vaſſaux, & ſont tenus de prendre & reconoi¬

99.0 1607.0 1025.0 88.0 ſtre leur inueſtiture de luy. Brief, Dieu eſt ſeul

105.0 1682.0 1017.0 71.0 proprietaire & ſeul Seigneur: tous hommes en

103.0 1735.0 1017.0 79.0 quelque degré qu’ils ſoyent ſont ſes ſerui¬

102.0 1795.0 1017.0 74.0 teurs, fermiers, officiers & vaſſaux, qui luy

103.0 1853.0 1021.0 73.0 doyuent la cenſe ſelon le bien qui leur a e¬

102 1913 1018 95 ſté commis. Tant plus haut eſt leur ſiege,

386.0 71.0 396.0 60.0 QVESTION.

1030.0 59.0 34.0 65.0 10

1117 596 152 78 Prouer.8.

1113 646 115 63 Iob 12.

870.0 1967.0 108.0 90.0 B.ij.
