1436 2338
75 161 1004 74 uerité. Mais de peur qu’ils ne ſe courroucent

71.0 227.0 1005.0 67.0 contre moy, comme ſi par ceci lon retrãchoit

74.0 281.0 996.0 70.0 quelque choſe de leur domination Royale,

74.0 341.0 996.0 75.0 qu’ils penſent que leur dignité eſtant de plus

68.0 402.0 1000.0 72.0 longue duree, on la doit iuger auſſi plus gran¬

68.0 461.0 995.0 70.0 de. Or la crainte ſeruile eſt vn mauuais gardiẽ

68.0 515.0 991.0 78.0 d’eſtat perdurable, veu que les ſuiets hayſſent

66.0 579.0 1000.0 73.0 celuy qu’ils craignent, & quãd on porte mau¬

68.0 635.0 1004.0 78.0 uaiſe affection à quelqu’vn, lon ne demande

68.0 698.0 1005.0 68.0 que d’en eſtre deſpeſché. Au contraire, eſtant

63.0 765.0 1007.0 64.0 ainſi qu’il n’y a rien plus propre pour mainte¬

63.0 815.0 1009.0 76.0 nir ſa grandeur, que d’eſtre aimé, la bienuueil¬

63.0 876.0 1011.0 74.0 lance eſt de duree aſſeuree & immuable. Et

67.0 939.0 1006.0 71.0 pourtant le Prince qui tient ſes ſuiets comme

63.0 997.0 1010.0 68.0 freres, peut s’aſſeurer de viure en repos au mi¬

67.0 1054.0 1007.0 77.0 lieu de tous dangers: mais celuy qui les traite

62.0 1117.0 1010.0 72.0 comme eſclaues ne peut viure qu’en crainte,

59.0 1171.0 1014.0 77.0 ſa condition reſſemblant à celle d’vn maiſtre

62.0 1232.0 1008.0 75.0 qui ſeroit demeuré ſeul au milieu d’vne trou¬

63.0 1292.0 1006.0 71.0 pe d’eſclaues dedans vne foreſt. Car autãt que

61.0 1353.0 1005.0 74.0 vn homme a d’eſclaues, autant a-il d’ennemis.

56.0 1406.0 1011.0 84.0 Preſques tous les tyrans, tuez par leurs ſuiets,

56.0 1467.0 1011.0 83.0 ont eſprouué cela eſtre vray: & à l’oppoſite

56.0 1527.0 1000.0 80.0 les ſuiets des bons Rois ſont autant ſoigneux

55.0 1591.0 1002.0 74.0 de la vie de leurs dominateurs que de la leur

57.0 1652.0 1008.0 74.0 propre. A cela ſe doit rapporter ce qu’on lit en

57.0 1710.0 1007.0 75.0 pluſieurs endroits des liures d’Ariſtote, & qui

55.0 1769.0 1006.0 79.0 a eſté dit par Ageſicles Roy de Sparte, Que les

55.0 1831.0 1001.0 70.0 Rois commãdent comme les peres à leurs en¬

53.0 1889.0 1007.0 73.0 fans, & les tyrans, comme les maiſtres à leurs

54 1949 1006 85 eſclaues: ce qu’il faut interpreter en tel

391.0 107.0 364.0 54.0 QVESTION.

1026.0 105.0 61.0 72.0 155

1083.0 450.0 123.0 60.0 Ciceron

1075.0 494.0 154.0 63.0 au 2. liu.

1081.0 545.0 115.0 82.0 des of.

1075 1412 158 76 Platon au

1075 1469 125 66 8.liu.de

1077 1525 148 72 ſa Repub.

1081.0 1582.0 134.0 68.0 Seneque.
