1445 2338
83 135 1011 83 prieté des biens, & guerres entre les peuples

83 201 1011 74 voiſins à cauſe de leurs limites, le peuple s’aui¬

79.0 263.0 1020.0 70.0 ſa de recourir vers quelqu’vn qui peuſt &

79.0 344.0 1017.0 49.0 iceuſt empeicher que les poures ne funent rou

81.0 383.0 1017.0 62.0 lez par les riches, & que ceux du pays ne ſouf¬

80.0 442.0 1016.0 69.0 friſſent par la violence des eſtrangers. Or com

79.0 500.0 1012.0 63.0 me les proces & guerres croiſſoyent, on eſli¬

83.0 559.0 1013.0 69.0 ſoit celuy qui eſtoit le mieux eſtimé de tous

85.0 616.0 1010.0 73.0 pour ſa vaillance & prudence. Voila donc

83.0 679.0 1013.0 67.0 pourquoy les Rois furent creez iadis, c’eſt a¬

79.0 737.0 1016.0 65.0 ſauoir pour adminiſtrer iuſtice au pays, mener

81.0 797.0 1015.0 68.0 leurs ſuiets à la guerre, & non ſeulement bri¬

84.0 855.0 1015.0 69.0 der les courſes des ennemis, empeſcher le four

83.0 917.0 1017.0 68.0 ragement & degaſt de la campagne, mais auſ¬

80.0 971.0 1021.0 74.0 ſi beaucoup plus pour chaſſer tous vices & meſ

83.0 1032.0 1017.0 66.0 chancetez bien loin de leurs ſuiets. Cela ſe

85.0 1093.0 1014.0 68.0 peut prouuer par toutes les hiſtoires ſacrees

84.0 1150.0 1014.0 74.0 & profanes. Quant au peuple de Dieu, du cõ¬

83.0 1210.0 1017.0 72.0 mencemẽt il n’auoit autre Roy que Dieu meſ

83.0 1270.0 1015.0 73.0 me, lequel habitoit au milieu du peuple, & rẽ¬

84.0 1330.0 1016.0 70.0 doit reſponſe d’entre les Cherubins, deſignoit

81.0 1389.0 1018.0 69.0 extraordinairemẽt les iuges & chefs de guerre:

84.0 1452.0 1016.0 66.0 au moyen de quoy le peuple n’eſtimoit point

83.0 1508.0 1016.0 61.0 auoir beſoin de lieutenans, eſtant honnoré

81.0 1565.0 1015.0 70.0 de la preſence continuelle de ſon Souuerain

83.0 1623.0 1012.0 75.0 Roy. Or quand le peuple de Dieu commen¬

87.0 1683.0 1009.0 73.0 ça à ſe faſcher de l’iniuſtice des fils de Sa¬

87.0 1743.0 1012.0 72.0 muel, ſur la vieilleſſe duquel il ne s’oſoit

88.0 1802.0 1011.0 72.0 plus gueres aſſeurer, il demanda vn Roy, à

88.0 1865.0 995.0 69.0 l’exemple des autres peuples, diſant à Sa¬

85.0 1921.0 1005.0 89.0 muel, Donne nous vn Roy qui nous iuge,

434.0 87.0 366.0 58.0 VESTION.

1023.0 91.0 57.0 55.0 131

861.0 1989.0 88.0 78.0 Lij.

1099.0 1884.0 145.0 60.0 1.Sam.8.

1099 1938 143 76 5& 20.
