1417 2343
312.0 113.0 98.0 72.0 240

637.0 105.0 434.0 59.0 TROISIESME

318.0 167.0 1009.0 67.0 le commandement du ſouuerain ſacrificateur

317.0 217.0 1014.0 81.0 Ioiadas, pour abolir la tyrannie d’Athalia. En

319.0 278.0 1012.0 78.0 la meſme ſorte, tous les fideles Iſraelites ſe rã¬

321.0 339.0 1008.0 80.0 gent au parti des Machabees, tant afin de re¬

317.0 397.0 1010.0 78.0 ſtablir le pur ſeruice de Dieu que pour main¬

319.0 460.0 1010.0 76.0 tenir l’Eſtat contre les iniques & malheu¬

316.0 514.0 1008.0 82.0 reux efforts d’Antiochus: au reſte Dieu fauo¬

315.0 574.0 1009.0 79.0 riſe, & donne bonne iſſue à leurs iuſtes deſ¬

315.0 643.0 169.0 79.0 ſeings.

358.0 693.0 969.0 78.0 DISONS encores dauantage. Quelques-

312.0 753.0 1015.0 85.0 fois Dieu ne peut-il pas ſuſciter d’ẽtre les parti

312.0 817.0 1012.0 78.0 culiers quelqu’vn pour ruiner la tyrãnie? Puis

314.0 874.0 1007.0 82.0 que luy meſme laſche la bride à certains tyrãs

312.0 937.0 1015.0 80.0 ſortis du peuple, & dominans ſans titre ni aueu

313.0 997.0 1012.0 79.0 quelcõque, afin de punir par eux les pechez du

316.0 1055.0 1005.0 83.0 peuple, pourra-il pas bien auſſi ſuſciter des

309.0 1112.0 1007.0 82.0 liberateurs d’ẽtre les plus petis du peuple? Luy

308.0 1172.0 1013.0 80.0 qui auoit aſſerui ſon peuple Iſrael à Iabin & à

304.0 1231.0 1014.0 83.0 Eglon, l’a-il pas deliuré & afranchi par Ehud,

303.0 1291.0 1018.0 79.0 Barac & Debora, tandis que les magiſtrats &

306.0 1353.0 1014.0 78.0 gouuerneurs eſtoyent aſſopis? Qu’eſt-ce qui

302.0 1411.0 1017.0 83.0 empeſche dõc, direz-vous, que le meſme Dieu

304.0 1473.0 1003.0 81.0 qui nous chaſtie en noſtre aage par les tyrans,

302.0 1532.0 1016.0 79.0 ne puiſſe auſſi enuoyer extraordinairement

303.0 1591.0 1011.0 80.0 quelques chaſtieurs de tyrans? Si Achab exter¬

300.0 1649.0 1014.0 80.0 mine les gẽs de bien, ſi lezabel atitre des faux

298.0 1711.0 1020.0 77.0 teſmoins contre Naboth, ne ſe pourra-il plus

295.0 1766.0 1015.0 81.0 trouuer de Iehu pour racler la race d’Achab,

294.0 1827.0 1018.0 85.0 venger le ſang de Naboth, & faire manger Ie¬

296.0 1893.0 1016.0 77.0 zabel aux chiens? I’ay reſpondu ci deuant, que

298.0 1949.0 1013.0 85.0 Dieu ſe ſouuient touſiours de ſa iuſtice, & la

1151.0 2018.0 146.0 78.0 main¬
