1421 2333
340.0 85.0 73.0 73.0 80

340 145 1021 81 que Dieu pour ſuperieur, & que les vacquans

339 213 1022 68 de quelconques Egliſes & prebendes nous a¬

340.0 270.0 1022.0 73.0 partienent de droit royal, & que c’eſt à nous

340.0 349.0 1026.0 51.0 d’en perceuoir les fruits, & nous defendre au

340.0 391.0 1026.0 71.0 tranchant de l’eſpee contre tous ceux qui nous

343.0 448.0 1022.0 73.0 en voudroyent empeſcher la poſſeſſion: eſti¬

340.0 506.0 1025.0 75.0 mans fols & ſans ceruelle ceux qui penſent au¬

343.0 567.0 1024.0 73.0 trement. En ce temps là tous reconoiſſoyent

344.0 627.0 1023.0 71.0 le Pape pour vicaire de Dieu en terre, & chef

344.0 684.0 1023.0 75.0 de l’Egliſe vniuerſelle: tellement que (comme

346.0 746.0 1021.0 71.0 on dit) l’erreur commun eſtoit au lieu de loy.

347.0 806.0 1019.0 63.0 Ce neantmoins, la Sorbonne eſtant aſſemblee

347.0 861.0 1019.0 77.0 & enquiſe, fit reſpõſe, que ſans danger ni coul¬

347.0 921.0 1020.0 78.0 pe de Schiſme, le Roy & le royaume pouuoit

347.0 981.0 1016.0 75.0 s’exẽpter de ce que le Pape demandoit & le luy

344.0 1043.0 1026.0 71.0 refuſer tout à plat: pource que ce n’eſt point

347.0 1100.0 1019.0 72.0 la ſeparation, mais la cauſe qui fait le Schiſme.

347.0 1160.0 1020.0 71.0 Et que s’il y auoit Schiſme, ce ſeroit ſeulement

347.0 1219.0 1020.0 73.0 ſe ſeparer de Boniface, non point de l’Egliſe

348.0 1280.0 1017.0 71.0 ni du Pape, & qu’il n’y auoit offenſe de demeu¬

346.0 1344.0 1021.0 64.0 rer ainſi, iuſques à tant que quelque homme

348.0 1399.0 1019.0 68.0 de biẽ ſeroit eſleu Pape. Chaſcun ſait en quelle

348.0 1456.0 1019.0 73.0 perplexité tomberoyent les cõſciences de tout

351.0 1522.0 1016.0 68.0 vn royaume, qui ſe tiendroyent pour ſeparees

346.0 1574.0 1020.0 74.0 de l’Egliſe, ſi ceſte diſtinction n’eſtoit vraye. Ie

346.0 1638.0 1019.0 67.0 demande maintenãt, s’il n’eſt pas encores plus

348.0 1695.0 1018.0 69.0 loiſible d’vſer de ceſte diſtinction, quand vn

348.0 1752.0 1017.0 72.0 Roy enuahira les droits de Dieu & opprimera

347.0 1815.0 1019.0 65.0 de dure ſeruitude les ames rachetees par le

346.0 1868.0 1028.0 76.0 ſang de Ieſus Chriſt? Adiouſtons vn autre e¬

347.0 1935.0 1018.0 77.0 xemple. L’an mil quatre cens & huit, comme

667.0 81.0 322.0 73.0 SECONDE

1195.0 1998.0 170.0 80.0 le Pape
