1436 2338
87.0 145.0 1012.0 87.0 uingiẽs certains Maires du palais ont eſté eſ¬

87.0 214.0 1011.0 74.0 leuez en ceſte dignité par tels ſales ſeruices)

90.0 274.0 1009.0 75.0 vſurpent toute l’authorité royale, & ne laiſſẽt

89.0 332.0 1009.0 74.0 que le nõ aux Rois. Tous ces tyrãs ſont de tel¬

88.0 390.0 1010.0 78.0 le ſorte, qu’encores qu’au reſte ils gouuernaſ¬

88.0 449.0 1008.0 77.0 ſent dextrement, toutesfois à cauſe qu’ils poſ¬

87.0 509.0 1011.0 76.0 ſedent ceſte iuriſdiction à auſſi iuſte titre que

89.0 568.0 1007.0 80.0 feroit vn tyran, à bon droit les peut-on tenir

93.0 637.0 489.0 69.0 pour tyrans ſans titre.

381.0 103.0 390.0 60.0 QVESTION.

137.0 687.0 954.0 78.0 QVANT aux tyrãs d’exercice, il n’eſt pas ſi

1106.0 771.0 45.0 80.0 ce.

89.0 742.0 1002.0 80.0 aiſé de les deſcrire que les vrais Rois. Car dau¬

92.0 806.0 1011.0 78.0 tãt que le plaiſir deſreiglé conduit les vns, la

93.0 863.0 1009.0 76.0 vraye raiſon les autres: tellemẽt que ceux-ci ſe

92.0 930.0 1011.0 72.0 cõtienent en certaines bornes, mais ceux-là ne

93.0 987.0 1010.0 75.0 peuuẽt eſtre retenus par loix quelcõques: on

96.0 1048.0 1006.0 74.0 peut aiſémẽt marquer le droit des Rois, mais

93.0 1105.0 1018.0 74.0 difficilemẽt les outrages & diuerſes violences

94.0 1163.0 1006.0 76.0 des tyrans. Et cõme le droit eſt ſẽblable à ſoy

94.0 1222.0 1010.0 74.0 & d’vne teneur, l’oblique au cõtraire eſt de di¬

97.0 1282.0 1008.0 76.0 uerſe façõ: auſſi la iuſtice eſt ſimple & ſe peut

96.0 1345.0 1007.0 74.0 expliquer en peu de paroles, mais on ne ſau¬

97.0 1402.0 1008.0 73.0 roit definir les iniuſtices, à cauſe de leurs acci¬

96.0 1462.0 1015.0 73.0 dens diuers, pource que lõ en obmet touſiours

97.0 1518.0 1007.0 82.0 plus que lõ n’en deſchifre. Or combien qu’il y

96.0 1580.0 1015.0 77.0 ait certaines reigles, par leſquelles ces tyrans

100.0 1641.0 1011.0 77.0 peuuẽt eſtre aucunemẽt repreſentez, encores

101.0 1697.0 1002.0 78.0 quete ne ſoit pas entieremẽt: toutesfois il n’y

98.0 1758.0 1011.0 72.0 en a point de plus certaine que la cõference &

100.0 1817.0 1009.0 74.0 cõparaiſon des pratiques du tyrã auec les ver¬

101.0 1875.0 1011.0 77.0 tus & actiõs du Roy. Le tyrã abat les eſpics pa¬

101.0 1934.0 1014.0 85.0 roiſſãs en la moiſſõ, opprime les principaux of¬

1024.0 93.0 80.0 64.0 199

1106.0 668.0 156.0 70.0 Des tyrã,

1106.0 722.0 144.0 63.0 d’exerci¬

843.0 1996.0 151.0 66.0 N.iiij.
