1455 2338
113.0 190.0 1031.0 50.0 tre coitciurent qunccomeruerone, hon pa¬

113.0 222.0 1028.0 79.0 le Roy, mais la couronne, aideront la Repu¬

113.0 279.0 1030.0 83.0 blique de leur conſeil, pour ceſt effect ſe trou¬

111.0 344.0 1032.0 78.0 ueront en temps de paix & de guerre, au con¬

111.0 401.0 1030.0 78.0 ſeil du Prince, comme il appert clairement par

109.0 455.0 1024.0 78.0 le formulaire de leur Pairrie. Et pourtant, ils

114.0 518.0 1013.0 78.0 ont tel droit que les Pairs de la Cour, qui ſe¬

113.0 580.0 1009.0 74.0 lon le droit des Lombards, non ſeulement e¬

111.0 633.0 1020.0 87.0 ſtoyent aſſeſſeurs du Seigneur feodal au iuge¬

109.0 693.0 1022.0 80.0 ment des cauſes, ains auſsi ſouuent conoiſ¬

113.0 758.0 1022.0 81.0 ſoyent & iugeoyent les differens ſuruenus en¬

113.0 817.0 1023.0 79.0 tre ce Seigneur & quelque ſien vaſſal. Nous

115.0 878.0 1024.0 80.0 voyons auſsi ces Pairs de France auoir ſouuẽt

115.0 936.0 1023.0 79.0 vuidé les proces ſuruenus entre le Roy & ſes

113.0 996.0 1026.0 83.0 ſuiets: tellement meſmes que quand Charles

123.0 1057.0 1020.0 78.0 VI. voulut prononcer ſentence contre le Duc

118.0 1115.0 1026.0 82.0 de Bretagne eux s’y oppoſerent, alleguans que

116.0 1176.0 1025.0 81.0 la vuidange de ce fait apartenoit aux Pairs,

118.0 1236.0 1029.0 81.0 non pas au Roy qui ne pouuoit en rien dero¬

119.0 1298.0 1029.0 81.0 guer à leur autorité. C’eſt pourquoy, encores

118.0 1353.0 1033.0 82.0 auiourd’huy le Parlement de Paris, appellé la

123.0 1417.0 1025.0 75.0 Cour des Pairs, eſtant en quelque ſorte con¬

119.0 1474.0 1033.0 82.0 ſtitué Iuge entre le Roy & le peuple, voire

120.0 1532.0 1032.0 81.0 entre le Roy & vn ſimple particulier, eſt tenu

120.0 1592.0 1031.0 82.0 & comme obligé de maintenir le moindre du

122.0 1653.0 1026.0 79.0 Royaume contre le Procureur du Roy, s’il

122.0 1714.0 1021.0 78.0 entreprend quelque choſe contre le droit.

122.0 1771.0 1026.0 83.0 Dauantage ſi le Roy ordonne quelque choſe

124.0 1835.0 1027.0 73.0 en ſon conſeil, s’il traite quelque accord auec

126 1888 1025 78 les Princes ſes voiſins, s’il faut commencer la

136 1948 1015 92 guerre, ou faire la paix, comme il la falut faire

435.0 116.0 393.0 46.0 QVESTTON

1058.0 89.0 69.0 78.0 117

1150 446 86 72 René

1146.0 500.0 149.0 72.0 Chuppin

1140.0 557.0 158.0 52.0 au 3.liure

1148.0 596.0 154.0 89.0 du domai

1150 644 92 69 ne de

1144 703 127 74 France.

845.0 2010.0 134.0 78.0 H.iij.
