1436 2338
371 90 90 74 110

369 155 1007 80 tans. Cela ſe pouuoit aiſément pratiquer en

367 223 1005 73 tels Royaumes, qui pour lors eſtoyẽt preſques

366 281 1010 70 confinez dans l’enceinte d’vne ville. Mais de¬

369 340 1004 74 puis que les Rois commencerent à eſtendre

365 397 1007 75 Ieurs limites, & qu’il fut impoſſible au peuple

366 484 1002 45 de Suncihorer coue emin neuyu cuure duerop

366 518 1003 72 grand nombre qui euſt apporté confuſion, on

365 578 1004 71 eſtablit des Officiers du Royaume, qui con¬

366 639 1001 71 ſerueroyent d’ordinaire les droits du peuple:

365 696 1006 71 en telle ſorte toutesfois, qu’au beſoin on aſ¬

366 758 1002 69 ſembleroit extraordinairemẽt tout le peuple,

366 814 1003 67 ou du moins quelque abregé, c’eſt à dire les

370 870 997 80 principaux du corps d’iceluy. Nous voyõs ceſt

370 927 997 68 ordre dreſſé au Royaume d’Iſrael, qui (au iu¬

370 991 995 76 gement de la pluſpart des ſages Politiques) e¬

363 1049 1004 73 ſtoit tresbien eſtabli. Le Roy auoit ſes eſchan¬

363 1111 996 72 çons, eſcuyers trenchans, valets de chambre,

359 1170 1006 71 & maiſtres d’hoſtel. Le Royaume auoit ſes of¬

359 1227 1005 75 ficiers, aſauoir ſeptãte & vn anciẽs, & les chefs

359 1288 1005 73 choiſis de toutes les lignees, leſquels auoyent

359 1345 1005 81 l’œil ſur le public en temps de paix & de guer¬

359 1411 1005 71 re. Outreplus le Royaume auoit en chaſque

357 1470 1003 70 ville des Magiſtrats qui y entretenoyent le bõ

354 1527 1007 70 ordre, cõme les ſuſnommez par tout le Royau¬

354 1585 1007 71 me. Si quelquesfois il faloit deliberer d’afaires

354 1643 1006 75 de cõſequence, les vns s’aſſembloyent auec les

354 1704 1007 72 autres, & ſans cela lon ne pouuoit reſoudre de

358 1757 1005 74 choſe aucune qui cõcernaſt le public. Dauid aſ

360 1815 998 76 ſemble ces officiers du Royaume, quãd il deſire

358 1876 998 76 inueſtir Salomõ de la dignité Royale, quand il

358 1934 996 76 veut faire examiner & aprouuer la police par

358 1997 994 93 luy remiſe ſus, & lors qu’il eſt queſtiõ de rame¬

678 100 433 59 TROISTESME

194 880 156 68 Officiers

192 939 164 64 du Royau

194 985 160 78 me en Iſ¬

192 1034 84 78 rael.

181 1747 152 70 1.Chron.

185 1811 95 47 29.1.

178 1847 157 67 1.Chron.

175 1903 91 62 13.1.

173 1950 164 64 1.Sam.14

179 2004 54 57 450
