1402 2338
76 149 1008 77 cela, di-ie, en couurant ſous leur bouclier &

79 214 1007 78 gardant par leur eſpee ceux qui par la predi¬

76 274 1010 71 cation de l’Euangile ont eſté conuertis à la

77.0 333.0 1007.0 70.0 vraye Religion, & en fortifiant de toute leur

76.0 420.0 1006.0 42.0 adreſſe par rauels, Iolſez & rempais le tei¬

79.0 449.0 1005.0 77.0 ple de Dieu baſti de pierres viues, iuſques à ce

80.0 510.0 1004.0 74.0 qu’il ſoit paruenu à ſa iuſte hauteur, maugré

77.0 570.0 1007.0 70.0 les aſſaux furieux des ennemis. Nous auons e¬

76.0 629.0 1007.0 72.0 ſtendu le propos iuſques ici, afin de ne laiſſer

77.0 691.0 1010.0 71.0 aucun ſcrupule à perſonne ſur la queſtion pro¬

83.0 750.0 1005.0 63.0 poſee. Donques, les Eſtats, tous officiers d’vn

80.0 810.0 1008.0 71.0 Royaume, ou la pluſpart, ou chaſcun d’eux, &

79.0 876.0 1007.0 63.0 tous autres eſtablis en charge par tout le peu¬

84.0 930.0 1003.0 70.0 ple, ſachent que s’ils n’arreſtent en ſes limites

80.0 991.0 1007.0 66.0 le Roy qui corrompt la Loy de Dieu, ou qui

81.0 1045.0 1006.0 72.0 empeſche le reſtabliſſement d’icelle, offen¬

80.0 1106.0 1010.0 74.0 ſent griefuement le Seigneur auec lequel ils

79.0 1169.0 1011.0 61.0 ont traité alliance. Ceux d’vne ville ou d’vne

79.0 1224.0 1009.0 74.0 Prouince, faiſans portion de Royaume, ſa¬

77.0 1288.0 1014.0 66.0 chent qu’ils attirent ſur eux le iugement de

80.0 1343.0 1010.0 64.0 Dieu, s’ils ne chaſſent l’impieté hors de leurs

81.0 1404.0 1007.0 66.0 murailles & confins, ſi le Roy l’y veut intro¬

81.0 1466.0 1010.0 66.0 duire, ou s’ils different de conſeruer en toutes

81.0 1528.0 1010.0 68.0 ſortes la pure doctrine, encores que pour vn

81.0 1584.0 1009.0 68.0 temps il faille ſe retirer ailleurs. Finalement,

81.0 1644.0 1013.0 67.0 les particuliers doiuent eſtre auertis que rien

79.0 1701.0 1008.0 70.0 ne les ſauroit excuſer, s’ils obeiſſent à celuy

83.0 1761.0 1013.0 69.0 qui leur commande d’offenſer Dieu: & qu’au

80.0 1822.0 1015.0 67.0 reſte ils n’ont aucun droit & ne peuuent de

83.0 1880.0 1012.0 69.0 leur autorité priuee prendre les armes, s’il

81.0 1940.0 1010.0 81.0 n’appert treſeuidemment qu’ils ayent voca¬

406.0 105.0 372.0 50.0 LVESA TOR.

1025 105 55 68 93
