1421 2338
321.0 79.0 90.0 69.0 164

668.0 81.0 429.0 61.0 TROISIESME

322.0 166.0 1004.0 48.0 & Dhimd mmejidme Penud trelude lo jiCr

319.0 198.0 1011.0 78.0 me, ie m’aſſuiettis de mon bõ gré, ie m’expoſe

319.0 259.0 1009.0 70.0 à la licence d’vn hõme, ie me mets les fers aux

322.0 322.0 1006.0 70.0 pieds? Pourtãt cõme cela eſt empraint en nous

319.0 383.0 1007.0 69.0 de nature, auſſi le voyons nous aprouué par

316.0 440.0 1008.0 73.0 long vſage preſques entre toutes natiõs, qu’il

316.0 501.0 1010.0 71.0 n’eſt pas permis au Roy de deſgraiſſer l’eſtat

320.0 558.0 1003.0 73.0 public ſelon que ſa fantaiſie le conſeillera: &

318.0 616.0 1004.0 80.0 que celuy qui fait autrement n’eſt plus eſtimé

321.0 674.0 372.0 72.0 Roy, mais tyran.

371.0 732.0 949.0 73.0 IE confeſſe que quãd les Rois furent inſti¬

313.0 796.0 1007.0 72.0 tuez, il falut leur aſſigner quelques biens, tant

316.0 858.0 1001.0 74.0 pour entretenir leur grãdeur royale, que pour

309.0 917.0 1009.0 67.0 fournir aux frais de leur trant ce eitatie hone

307.0 974.0 1011.0 70.0 ſteté, & le biẽ du public, ſembloit requerir ce¬

310.0 1033.0 1008.0 72.0 la. Car le deuoir d’vn Roy eſtoit d’eſtablir des

313.0 1096.0 1002.0 74.0 Iuges en tous lieux, qui ne prendroyent point

311.0 1156.0 1003.0 72.0 de preſens, ni ne vendroyẽt la iuſtice: itẽ pour

311.0 1213.0 1004.0 71.0 preſter main forte au beſoin à la iuſtice, & a¬

306.0 1274.0 1008.0 72.0 uoir gens preſts pour ceſt effect, tenir les che¬

303.0 1332.0 1008.0 73.0 mins aſſeurez, & rẽdre le commerce libre, &c.

303.0 1398.0 1007.0 69.0 S’il y auoit apparence de guerre, mettre gar¬

302.0 1454.0 1009.0 69.0 niſons és villes, les fortifier, tenir armee aux

300.0 1510.0 1013.0 74.0 champs, & auoir ſes arcenaux bien munis. On

301.0 1571.0 1010.0 74.0 dit cõmunémẽt que lon ne ſauroit obtenir la

305.0 1631.0 996.0 74.0 paix ſans guerre, ni faire la guerre ſans hõmes,

302.0 1695.0 1009.0 68.0 ni entretenir les hommes ſans gages, ni recou¬

309.0 1753.0 1000.0 66.0 urer deniers ſans exaction & tribut. Pour ſup¬

311.0 1811.0 1000.0 73.0 porter donc les charges d’vn eſtat en temps de

314.0 1875.0 996.0 68.0 paix, lõ a ordõné le Domaine qui ſeruiroit de

309.0 1931.0 997.0 84.0 tribut pour la guerre: en telle ſorte que ſi quel¬

1206.0 2005.0 96.0 73.0 que
