1455 2338
333 96 71 83 44

353 163 1013 75 à tout ce que le Roy ordonnera, & embraſſer

353 250 1017 51 ſans repaque cene ioperiticion qu'hſuj plan¬

353 288 1017 71 eſtablir. Mais il n’y a homme, tant ſoit-il groſ¬

355 350 1012 70 ſier, qui ne voye l’ineptie & impieté de telles

364 403 1001 76 gens. Ils repliquent que S.Paul dit en termes

353 468 1014 69 expres, qu’il faut eſtre ſuiets aux Princes, non

350 524 1017 74 point ſeulement pour l’ire, mais auſsi pour la

348 585 1017 72 conſcience enuers Dieu. En oppoſant la con¬

348 646 1018 76 ſcience à l’ire, c’eſt autant comme ſi l’Apoſtre

349 705 1016 71 diſoit, que l’obeiſſance dont il parle doit pro¬

349 768 1016 67 ceder non point de crainte d’eſtre puni, mais

348 824 1016 69 de l’amour de Dieu & de la reuerẽce que tous

348 887 1017 59 ſont tenus porter à ſa Parole. En ce meſme

351 944 1012 67 ſens, S.Paul enioint aux ſeruiteurs de ſeruir tel

348 1004 1017 68 lement à leurs maiſtres, que ce ne ſoit point

350 1065 1006 70 par crainte de leurs yeux ou de leurs coups,

344 1120 1018 67 mais en conſiderant qu’ils ſeruent à Dieu meſ¬

341 1185 1023 68 mes: non point ſimplement pour acquerir la

340 1241 1021 74 bonne grace des hommes, leſquels ils peuuent

341 1306 1020 69 tromper, ains pour porter la charge miſe ſur

339 1362 1021 71 leurs eſpaules par celuy que perſonne ne ſau¬

337 1420 1024 69 roit deceuoir. Brief, il y a manifeſte difference

341 1483 1017 60 entre ces deux manieres de parler, obeir pour

339 1543 1022 66 la conſcience, & obeir es choſes qui touchent

340 1606 1021 63 la conſcience: autrement ceux qui ont mieux

341 1661 1017 69 aimé perdre la vie par vne infinité de tourmẽs

344 1722 1010 66 que d’obeir aux Princes qui leur comman¬

342 1778 1011 65 doyent choſes cõtraires à la volonté de Dieu,

342 1841 1016 68 ne nous euſſent pas enſeigné ce que ceux-ci

344 1901 574 62 veulent que nous facions.

185 397 171 90 Rom.3.5.

705 93 371 75 PREMIERE

175 919 154 131 coleſes.

179 997 66 60 22.

402 1954 956 85 ILS ne ſe monſtrent pas moins impudens

1235 2024 126 75 en ce
