1431 2338
314.0 77.0 81.0 82.0 136

322.0 140.0 1003.0 88.0 Cela fait, on enioignit expreſſement aux Rois

322.0 211.0 1005.0 77.0 d’eſtre gardiens, adminiſtrateurs & conſer¬

319.0 268.0 1009.0 77.0 uateurs des loix. Par fois auſsi, dautant que la

317.0 329.0 1008.0 77.0 Loy n’auoit peu preuoir toutes les particula¬

313.0 385.0 1011.0 81.0 ritez des faits pour en reſoudre nettement, il

314.0 442.0 1007.0 85.0 eſtoit permis aux Rois de ſuppleer à ce defaut,

315.0 506.0 1008.0 77.0 par la meſme equité naturelle dont les loix a¬

311.0 565.0 1012.0 80.0 uoyent eſté puiſees. Et de peur qu’ils ne fiſſent

314.0 624.0 1006.0 79.0 violence à la Loy, le peuple leur bailla de fois

311.0 681.0 1006.0 80.0 à autre pour adioints les Conſeillers & Offi¬

310.0 742.0 1004.0 80.0 ciers deſquels a eſté faite mention ci-deſſus.

311.0 804.0 1006.0 79.0 Pourtant il n’y a rien qui exempte les Rois de

310.0 861.0 1006.0 80.0 l’obeiſſance qu’ils doiuent à la Loy, laquelle

308.0 922.0 1008.0 78.0 ils doiuent reconoiſtre pour leur dame & mai

306.0 980.0 1008.0 77.0 ſtreſſe, eſtimans qu’il n’y a rien qui leur con¬

305.0 1044.0 1007.0 75.0 uiene plus mal que ceſte impuiſſance effemi¬

296.0 1096.0 1004.0 88.0 nee, de laquelle fait mention le poete Iuuenal,

300.0 1163.0 1007.0 70.0 en ces mots, Ie le veux, ie le commande, ma vo

296.0 1217.0 1012.0 81.0 lonté ſerue de loy & de raiſon. Et encores que

295.0 1278.0 1009.0 78.0 ils obeiſſent à la loy, ſi ne lairront-ils pour ce¬

297.0 1336.0 1009.0 81.0 la d’eſtre ce qu’ils doiuent eſtre. Car puis que

293.0 1397.0 1010.0 79.0 la Loy eſt comme l’inſtrument donné de

293.0 1456.0 1011.0 76.0 Dieu pour bien gouuerner & mener à heu¬

289.0 1514.0 1015.0 78.0 reuſe fin la ſocieté des hommes: les Rois qui

291.0 1574.0 1010.0 79.0 eſtiment ſe faire deshonneur en obeiſſant à la

291.0 1634.0 1008.0 77.0 Loy, meritent d’eſtre monſtrez au doigt, &

287.0 1698.0 1010.0 76.0 ſont autant dignes de mocquerie que l’ar¬

289.0 1756.0 1004.0 80.0 penteur qui penſeroit ſe deshonnorer en pre¬

287 1818 1006 75 nant vne reigle, vn compas, vne toiſe & au¬

289 1878 1002 69 tres inſtrumens dont les gens entendus au

287 1932 1003 91 meſurage des terres ont acouſtumé d’vſer: ou

617.0 94.0 430.0 59.0 TROISTESME

1185.0 2017.0 96.0 70.0 que
