1436 2338
85 136 1008 82 pis eſt, ſont ſi effrontez que de perſuader aux

87.0 210.0 1009.0 71.0 Rois, que rien n’eſt iuſte de ſoy-meſme, ains

88.0 280.0 1008.0 59.0 prend la forme de iuſtice ou d’iniuſtice, ſelon

89.0 332.0 1006.0 65.0 qu’il plait au Roy en ordonner: comme s’il e¬

84.0 388.0 1012.0 74.0 ſtoit quelque Dieu qui ne peuſt errer ni pecher

83.0 455.0 1008.0 61.0 aucunement. Certainement tout ce que Dieu

85.0 508.0 1006.0 74.0 veut eſt iuſte, en ceſt eſgard que c’eſt Dieu qui

87.0 567.0 1009.0 72.0 le veut. Mais il faut que ce que le Roy veut

87.0 624.0 1008.0 73.0 ſoit iuſte, auant qu’il le vueille. Car il n’eſt pas

85.0 684.0 1010.0 71.0 iuſte, pource que le Roy l’a ordonné: mais le

87.0 745.0 1005.0 72.0 Roy eſt iuſte, qui ordonne que lon tiene pour

88.0 804.0 1007.0 70.0 iuſte, ce qui eſt iuſte de ſoy-meſme. Nous ne

87.0 862.0 1004.0 70.0 dirons donc pas ce qu’Anaxarchus diſoit à A¬

83.0 917.0 1002.0 78.0 lexandre fort angoiſſé de la mort de ſon ami

87.0 976.0 1000.0 78.0 Clitus, lequel il auoit tué de ſa propre main: a¬

85.0 1034.0 1006.0 76.0 ſauoir que Themis & Iuſtice ſont aſſiſes aux

88.0 1102.0 1004.0 72.0 coſtez du Roy, ne plus ne moins qu’aupres de

89.0 1161.0 1009.0 72.0 Iupiter, pour confermer incontinent tout ce

93.0 1217.0 1005.0 72.0 qui luy ſemblera bon. Au contraire nous di¬

89.0 1276.0 1010.0 76.0 ſons que Themis & Iuſtice preſident ſur les

93.0 1339.0 1010.0 70.0 Royaumes, pour chaſtier rudement les Rois

93.0 1395.0 1010.0 76.0 qui violeront ou intereſſeront la Maieſté des

93.0 1457.0 1011.0 71.0 loix. Nous n’aprouuerons nullement ce que

92.0 1510.0 1012.0 77.0 diſoit Thraſymachus Chalcedoniẽ, que le pro¬

93.0 1571.0 1011.0 75.0 fit & le plaiſir des Princes eſt la reigle & defi¬

90.0 1637.0 1014.0 67.0 nition de toutes loix: au contraire, que le droit

92.0 1689.0 1010.0 73.0 borne le profit dés Princes, & que les loix re¬

96.0 1752.0 1004.0 72.0 priment leurs plaiſirs. Au lieu de trouuer bon

94.0 1810.0 1004.0 73.0 ce que ceſte vilaine diſoit à Caracalla, que ce

98.0 1872.0 998.0 78.0 qu’il vouloit luy eſtoit permis, nous maintien¬

411.0 93.0 385.0 56.0 QVESTTON.

1016.0 97.0 87.0 65.0 141

1096 933 164 72 Plutarque

1096 997 149 47 en la vie

1100 1034 158 88 d'Alexæ¬

1102.0 1087.0 66.0 63.0 dre¬
