1436 2338
103 158 1000 80 A bon droit donc faut-il que vous enten¬

103 224 995 74 diez ce qui eſt diſcouru en ces Queſtions.

103 276 1008 81 Finalement, ie me ſuis perſuadé, & à bon

103 339 1008 80 droit, qu’en vous dediant telles diſputes, ce¬

105 400 1010 79 la ſeroit cauſe que pluſieurs les voudroyent

106 459 1011 76 fueilleter, pour la renommee de voſtre nom

109 518 1007 80 & de voſtre nation. Vray eſt que quelques

110 576 1006 77 vns eſmeus, à cauſe des troubles & partiali¬

110 636 1002 73 tez, ſeront fort curieux de ſauoir que c’eſt.

107 691 1008 79 Mais tous receuront de bonne & grande af¬

109 752 1006 80 fection ce liuret, à cauſe de l’excellente do¬

110 813 1003 79 ctrine qui y eſt contenue, & de l’equité de

113 878 999 74 la cauſe. Et ce dautant plus volontiers que

113 933 994 76 ces Queſtions ont eſté expliquees au long,

111 994 1002 73 ſans deſir de picquer ni fauoriſer vn parti

115 1054 996 77 pluſtoſt que l’autre: mais ſeulement pour

114 1115 995 73 monſtrer la verité aux lecteurs, l’auteur ay¬

115 1170 997 78 ant eſté contraint de ce faire par la conſi¬

116 1231 996 74 deration des calamitez & ruines de la Fran¬

118 1294 994 75 ce, à ce que lon cerche quelque prompt,

116 1350 1001 78 ſeur, & perpetuel remede, pour empeſcher

119 1411 999 76 que tels maux ne ſe voyent par ceux qui vien¬

120 1469 1000 77 dront apres nous. Ce qu’apperceuront aiſé¬

119 1530 1002 72 ment ceux qui liront de pres ces diſcours, en

120 1588 997 78 tel temps qu’il leur plaira, de quelque parti,

120 1648 1000 78 nation où cõdition qu’ils puiſſent eſtre: pour¬

122 1702 1002 76 ueu toutesfois qu’ils facent profeſſion de la

124 1765 1004 78 Religion Catholique, ou de la Romaine, ou

123 1830 352 66 de la reformee.

428 109 349 54 PREFACE.

1063 120 45 41 7

181 1887 935 88 ET pourtant, comme le Seigneur Brutus:

830 1944 143 78 A.iiij.

1145 1843 59 105 11.
