1464 2338
124 114 1024 97 qu’il ait quelque peu de conſcience, qui vou¬

120 179 1033 88 luſt obeir à tel mandement. Si le Prince ayant

123 272 1027 51 commis quelque crime, comtne vil auuitere,

127 297 1029 88 parricide, ou autre telle meſchanceté, veut

124 346 1026 100 qu’on l’aprouue, voici d’entre les Payens le do

126 407 1026 101 cte Iuriſconſulte Papinian, qui reprendra en

128 465 1024 101 face Caracalla, aimera mieux mourir qu’o¬

132 535 1007 88 beir, & combien que ce Prince cruel luy com

132 590 1031 97 mande de mentir & d’excuſer le peché, le me¬

136 650 1027 94 naçant de mort effroyable, ne voudra pour¬

138 703 1025 91 tant eſtre faux teſmoin. Que ſera-ce donc, ſi le

141 765 1021 94 Prince nous commande d’eſtre idolatres? S’il

145 826 1024 89 veut que nous rattachions derechef Ieſus

146 878 1027 107 Chriſt à la croix? S’il enioint que lon blaſphe¬

146 939 1027 97 me & deſpite Dieu, & qu’on le chaſſe du ciel,

149 1006 1022 92 ſi faire ſe peut? y a-il pas encores plus de rai¬

150 1065 1028 96 ſon de ne luy pas rendre obeiſſance? Diſons

152 1120 1027 101 dauantage. Puis que ce n’eſt pas aſſez de s’ab¬

154 1178 1029 100 ſtenir du mal, ains faut auſsi faire le bien, au

155 1239 1032 91 Iieu de nous encliner deuant les idoles, nous

159 1301 1025 90 adorerons & ſeruirõs le vray Dieu, ſelon qu’il

161 1356 1028 91 Ie nous a commandé: & au lieu de fleſchir le

169 1418 1022 97 genouil deuant Baal, nous rendrons au Sei¬

175 1478 1189 98 gneur l’honneur & le ſeruice qu’il requiert pont des

174 1541 1018 90 de nous. Car nous ſommes tenus de ſeruir

175 1602 1013 89 Dieu à cauſe de luy-meſme: mais nous hon¬

175 1659 1029 88 norons le Prince, & aimons noſtre pro¬

179 1714 1023 96 chain, à cauſe & pour l’amour de Dieu.

185 1775 1025 91 Or ſi c’eſt mal fait d’offenſer le prochain,

184 1836 1029 104 ſi c’eſt crime çapital de s’eſleuer contre le

427 72 391 56 QVESTTON.

1097 62 55 68 39

1163 350 170 72 Il y a vn

1161 416 174 59 certain po

1165 452 172 64 litique de

1163 509 180 59 noſtre tẽps

1167 555 178 60 ſi detesta¬

1167 607 178 55 ble que de

1171 652 176 57 auoir oſé

1173 695 166 59 condãner

1178 748 161 65 Papiniã,

1182 798 171 68 & eſcrire

1187 851 167 53 en ſes li¬

1181 900 175 58 ures pleins

1185 948 156 59 d’erreurs

1184 994 177 58 en matie¬

1187 1040 175 56 re d’estat,

1189 1088 174 68 que Papi¬

1187 1143 177 49 nian pour

1193 1194 126 47 n’auoir

1198 1231 168 62 voulu ex¬

1200 1287 139 58 cuſer le

1200 1336 162 57 parricide

1198 1385 174 60 de Cara¬

1202 1426 170 68 calla a ap

1200 1511 164 30 puilt dex

1206 1530 154 58 dõmages

1206 1582 164 55 irrepara¬

1208 1623 152 60 bles aux

1212 1661 166 69 afaires de

1210 1722 172 72 l'Empir e.

863 1907 144 74 C.iiij.
