1412 2338
345 87 64 83 66

341 169 994 60 auſsi ceux à la garde deſquels le peuple s’eſt

341 223 999 69 commis, & qu’il a conſtituez ſes tuteurs &

344 281 999 73 procureurs, doiuent le maintenir ſain &

345 339 996 71 entier auec tous ſes droits. En ſomme,

348 394 989 69 comme il eſt loiſible à tout vn peuple de

346 458 991 70 faire teſte à la tyrannie, auſsi les princi¬

348 516 988 76 paux d’vn royaume, repreſentans le corps

346 576 989 68 du peuple, peuuent comme chefs, & pour

346 632 990 74 le bien de tout le corps, ſe liguer & aſſo¬

353 689 982 72 cier enſemble. Et comme ce qui eſt fait en

362 748 973 76 public par la plus grande part eſt attribué

356 808 970 74 à tous: auſsi faut-il dire que tous ontfait,

356 868 977 76 ce que la meilleure part des principaux a

358 923 975 88 fait? brief que tout le peuple y a mis la

349 993 128 64 main.

667 90 313 69 SECONDE

167 709 168 66 Vlp.l.160

169 757 160 74 D. dereg.

170 818 92 57 euris.

167 1052 170 87 Aſauoir ſi

169 1118 156 51 vne par¬

167 1161 165 66 tie du roy¬

170 1217 165 55 aume peut

171 1258 132 72 reſister.

401 1054 931 64 MAIS il ſe preſente ici vne autre que¬

354 1102 981 80 ſtion, laquelle merite d’eſtre conſideree &

347 1163 986 76 amplement debatue pour la circonſtance du

347 1221 986 82 temps. Poſons le cas que quelque Roy vueil¬

349 1280 981 74 le abolir la Loy de Dieu ou ruiner l’Egli¬

349 1340 986 78 ſe: que tout le peuple ou la plus grande

347 1400 992 82 part y conſente: que tous les Princes, ou

347 1457 983 82 Ie plus grand nombre d’iceux, face ſem¬

347 1527 986 70 blant de rien: que ce pendant vne petite

347 1578 988 80 poignee de peuple, aſauoir quelqu’vn des

347 1644 986 72 Princes & quelques Magiſtrats vueillent

347 1695 983 76 conſeruer la Loy de Dieu entiere & in¬

347 1753 983 76 uiolable, & ſeruir purement au Seigneur:

347 1811 986 76 que ſera-il loiſible de faire, ſi le Roy veut

353 1874 975 78 contraindre ceux-ci d'estre idolatres, ou

347 1930 983 98 leur veut oſter l’exercice de la vraye Reli¬

1188 1997 139 83 gion ?
