1450 2338
391.0 105.0 23.0 65.0 8

346.0 97.0 29.0 71.0 1.

346.0 175.0 1020.0 62.0 à tous ceux de l’Empire d’auoir deux femmes

341.0 223.0 1034.0 78.0 à la fois, pource que luy eſtoit tranſporté de

341.0 284.0 1029.0 75.0 ceſté impure affection. Pource que Camby¬

343.0 341.0 1031.0 77.0 ſes fils de Cyrus eſtoit amoureux de ſa pro¬

346.0 401.0 1026.0 79.0 pre ſœur, il voulut que les mariages des fre¬

345.0 462.0 1025.0 77.0 res auec leurs ſœurs fuſſent aprouuez & te¬

346.0 519.0 1027.0 78.0 nus pour bons. Chabades Roy des Per¬

349.0 576.0 1026.0 73.0 ſes abolit le chaſtiment des adulteres. Il

346.0 635.0 1028.0 76.0 faudra attendre tous les iours de telles loix,

349.0 698.0 1028.0 81.0 ſi nous voulons que la Loy ſoit ſuiette au

356.0 766.0 133.0 70.0 Roy.

649.0 106.0 448.0 64.0 TROISTESME

413.0 810.0 959.0 83.0 POVR reuenir à noſtre propos, la Loy

356.0 876.0 1018.0 78.0 eſt vne intelligence, ou pluſtoſt vn amas

356.0 936.0 1019.0 75.0 de pluſieurs entendemens: & l’entende¬

353.0 991.0 1020.0 79.0 ment eſt (ſi i’oſe ainſi parler) vne parcel¬

353.0 1066.0 1024.0 64.0 le de la diuinité: tellement que qui obeit à la

353.0 1114.0 1021.0 73.0 Loy, ſemble obeir à Dieu & le receuoir com¬

353.0 1170.0 1026.0 84.0 me iuge des choſes dont eſt queſtion. Mais au

356.0 1231.0 1019.0 78.0 contraire, dautant que l’homme compoſé de

356.0 1289.0 1021.0 76.0 ceſt entendement diuin, & d’vne ſenſualité

357.0 1346.0 1017.0 84.0 brutale, ſouuent il n’eſt pas maiſtre de ſoy¬

357.0 1406.0 1021.0 82.0 meſme, il s’abeſtit & ſe priue de ſon ſens: e¬

359.0 1469.0 1016.0 77.0 ſtant en ceſt eſtat il n’eſt plus homme, mais

358.0 1526.0 1017.0 83.0 beſte: & qui aime mieux obeir au Roy qu’à

359.0 1589.0 1016.0 77.0 la Loy, vn tel ſemble preferer le comman¬

359.0 1648.0 1015.0 80.0 dement d’vne beſte à celuy de Dieu. Et pour¬

185.0 1693.0 175.0 91.0 Au liure

374 1700 1001 90 tant, quoy qu’Ariſtote fuſt precepteur d’A¬

183.0 1772.0 175.0 57.0 du monde.

374.0 1757.0 1001.0 90.0 lexandre, ſi confeſſe-il que lon ne ſauroit

374.0 1821.0 998.0 78.0 comparer la diuinité à choſe aucune de ce

372.0 1880.0 996.0 93.0 monde plus proprement qu’à l’anciene Loy

202.0 1826.0 129.0 52.0 & au 3.

188.0 1863.0 170.0 64.0 des Polit.

188.0 1918.0 145.0 62.0 Chap.7.

1259.0 1940.0 116.0 77.0 de la
