1402 2338
68.0 164.0 1013.0 84.0 neral, qui ſouffrit mort auec toutes ſes trou¬

68.0 246.0 1009.0 59.0 pes pour la confeſsion du nom de Ieſus

70.0 290.0 1001.0 72.0 Chriſt? Et s’il eſt permis de guerroyer (com¬

66.0 351.0 1004.0 76.0 me, peut-eſtre, ils le confeſſeront) pour gar¬

67.0 409.0 1003.0 71.0 der les limites d’vne Prouince & repouſſer

66.0 466.0 1004.0 76.0 l’ennemi: eſt-ce pas choſe plus raiſonnable

64.0 527.0 1005.0 76.0 de prendre les armes pour conſeruer les gens

66.0 587.0 1004.0 72.0 de bien, reprimer les meſchans, & garder les

64.0 642.0 1004.0 77.0 limites de l’Egliſe, qui eſt le Royaume de Ie¬

64.0 705.0 1005.0 71.0 ſus Chriſt? S’il eſtoit autrement, à quel propos

64.0 755.0 996.0 78.0 ſainct Iean euſt-il predit que la putain de Ba¬

64.0 816.0 996.0 78.0 bylone ſera finalement exterminee par les dix

64.0 878.0 996.0 74.0 Rois qu’elle aura enſorcellez? Outreplus, ſi

66.0 944.0 1007.0 74.0 nous prenons autre reſolution, que dirons

64.0 1002.0 1011.0 74.0 nous des guerres de Conſtantin contre Ma¬

64.0 1059.0 1011.0 73.0 xentius & Licinius, celebrees par tant de ha¬

64.0 1119.0 1013.0 78.0 rangues publiques & aprouuees par le teſmoi¬

67.0 1179.0 1008.0 80.0 gnage d’infinis hommes doctes? Quelle opi¬

63.0 1237.0 1015.0 77.0 nion faudra-il auoir des voyages faits par les

64.0 1294.0 1009.0 72.0 Princes Chreſtiens contre les Turcs & Sara¬

63.0 1354.0 1012.0 81.0 ſins pour conqueſter la terre Saincte, & qui

66.0 1418.0 1008.0 71.0 n’ont eu ou n’ont deu auoir autre but ſinon

68.0 1475.0 1009.0 68.0 d’empeſcher que les ennemis ne ruinaſſent le

71.0 1533.0 1002.0 78.0 Temple du Seigneur, ou ne retardaſſent le pa¬

66.0 1601.0 514.0 70.0 racheuement d’iceluy?

379.0 118.0 374.0 58.0 QVHSHIGN.

1017 95 65 90 91

1070 734 164 107 Apoc. 17.

1082.0 815.0 35.0 50.0 16.

118.0 1650.0 957.0 78.0 COMBIEN donc que l’Egliſe ne s’auance

64.0 1714.0 1015.0 71.0 point par les armes, toutesfois on la peut iu¬

63.0 1772.0 1014.0 75.0 ſtement conſeruer par le moyen des armes.

63.0 1832.0 1015.0 74.0 Ie di dauantage, que ceux qui meurent en vne

67.0 1888.0 1008.0 85.0 guerre ſi ſaincte ne ſont pas moins martyrs de
