1402 2338
46.0 165.0 1010.0 59.0 roolle, de s’eſtre à toutes reſtes acquittez de

42.0 211.0 1009.0 78.0 leur deuoir iuſques à vne autre pareille fois.

45.0 274.0 1008.0 68.0 Ces ceremonies-là n’ont point eſté ordõnees

53.0 336.0 1000.0 70.0 pour faire rire, ni ne ſe font par maniere de

42.0 393.0 1010.0 77.0 acquit: ce ne ſont pas ieux de petis enfans qui

42.0 449.0 1009.0 78.0 font le Roy de la poule: ains il faut que les E¬

40.0 509.0 1013.0 71.0 lecteurs, Pairs & autres tels ſeigneurs ſachent

44.0 571.0 1009.0 77.0 qu’ils ſont appellez pour auoir non ſeulement

44.0 629.0 1007.0 77.0 part à l’honneur, mais auſſi à la charge, & que

40.0 688.0 1011.0 77.0 la Republique a eſté recommandee voirement

40.0 752.0 1009.0 74.0 au Roy, comme au ſouuerain & principal tu¬

41.0 809.0 1006.0 75.0 teur, puis auſſi à eux, comme conſeillers & tu¬

40.0 868.0 413.0 68.0 teurs auec le Roy.

352 97 381 60 QVESTION.

93.0 933.0 946.0 68.0 ET pourtant, tout ainſi que les tuteurs (ie di

35.0 980.0 1000.0 83.0 meſmes les honoraires) ſont eſleus pour auoir

40.0 1045.0 994.0 77.0 l’œil ſur celuy qui eſt le principal tuteur, afin

38.0 1094.0 1001.0 92.0 d’eſtre ſans ceſſe autour de luy pour ſauoir l’e¬

37.0 1161.0 1002.0 70.0 ſtat de ſon adminiſtration, & comme il ſe cõ¬

1046 1217 1 5 5

42.0 1223.0 1006.0 74.0 porte: ſemblablement ceux-ci ſont ordonnez

38.0 1280.0 1010.0 81.0 afin d’auoir l’œil ſur le Roy, & empeſcher qu’il

40.0 1345.0 1009.0 77.0 n’entreprene rien au dommage du peuple, le

38.0 1395.0 997.0 83.0 Roy n’eſtant reputé tel, ſinon pource qu’il a le

38.0 1457.0 997.0 82.0 principal ſoin de la tutelle. Item cõme lon im¬

41.0 1524.0 1008.0 68.0 pute aux cõtuteurs les fautes du tuteur qui ma

37.0 1574.0 1004.0 87.0 nie les afaires, ſi quand ils ont deu & peu ils ne

38.0 1637.0 1001.0 78.0 l’ont deſcouuert & fait depoſer, aſanoir s’il a

37.0 1696.0 1002.0 78.0 failli de leur communiquer les afaires de ſon

33.0 1749.0 1008.0 94.0 adminiſtratiõ, s’il ne s’y porte pas fidelement,

38.0 1810.0 1003.0 77.0 s’il fait quelque choſe au deshõneur ou au dõ¬

37.0 1870.0 1004.0 86.0 mage de ſon pupille, s’il ſouſtrait quelque bien

38.0 1928.0 1003.0 102.0 de la pupillarité, & s’il eſt ennemi du pupille:

990 107 76 64 223

1047 919 169 80 Vſp. l.3.

1047 989 167 63 D. de adm.

1052 1032 158 66 & peric.

1047 1089 131 60 tut. &

1043 1139 113 51 curat.

1052 1410 143 90 La7.de

1054 1488 76 62 eod.

1058 1566 147 82 L.14.D

1055 1637 165 59 de admi¬

1052 1689 164 60 niſt. & pe

1052 1737 162 65 ric.tut.l.3.

1052 1778 164 65 D. de ſu¬

1054 1833 149 64 ſpec. tut.

1052 1884 117 64 & cur.
