1417 2338
312.0 106.0 84.0 77.0 250

315 164 1008 81 & mourir en la ville de Theſſalonique. Les

318 227 1009 76 Theologiens d’alors celebrent ſi hautement

314.0 285.0 1010.0 79.0 la pieté de ce Conſtantin, qu’aucuns ont eſti¬

310.0 346.0 1014.0 76.0 mé que ce qui eſt contenu en Iſaie, euſt eſté

309.0 426.0 1014.0 51.0 expreſſement dit de ceſt Empereur, alauoir

309.0 465.0 1014.0 72.0 que les Rois ſeroyent paſteurs & nourriſsiers

310.0 526.0 1012.0 75.0 de l’Egliſe. Apres la mort d’iceluy, l’Empire

313.0 584.0 1014.0 75.0 Romain fut diuiſé entre ſes enfans egalement,

315.0 645.0 1011.0 73.0 ſans que l’vn fuſt auantagé plus que l’autre.

319.0 703.0 1009.0 73.0 Conſtans fauoriſoit aux Chreſtiens, Conſtan¬

317.0 763.0 1011.0 72.0 tius qui eſtoit l’aiſné, ſouſtenoit les Arians, &

319.0 822.0 1009.0 69.0 chaſſa hors d’Alexandrie le docte Athanaſe,

321.0 881.0 1011.0 78.0 grand aduerſaire des Arians. Certainement ſi

318.0 945.0 1011.0 72.0 iamais il y a eu deu auoir quelque conſidera¬

319.0 1002.0 1010.0 72.0 tion en matiere de confins, c’eſt entre freres.

321.0 1062.0 1008.0 73.0 Et neantmoins Conſtans menace de courir

321.0 1118.0 1006.0 74.0 ſus à ſon frere s’il ne reſtablit Athanaſe, & luy

321.0 1183.0 1006.0 71.0 euſt eſmeu vne guerre, s’il euſt gueres delayé.

321.0 1237.0 1008.0 77.0 S’il en eſt venu iuſques là pour le reſtabliſſe¬

319.0 1298.0 1010.0 77.0 ment d’vn Eueſque: cela ſeroit-il pas plus rai¬

321.0 1358.0 1007.0 75.0 ſonnable, ſi vne partie du peuple eſtoit tyran¬

321.0 1418.0 1015.0 73.0 niſee, qu’elle demandaſt ſecours & exercice de

322.0 1478.0 1011.0 75.0 ſa Religion ſous l’autorité des magiſtrats &

323.0 1535.0 1006.0 80.0 gouuerneurs? Ainſi, à la perſuaſion de l’Eueſ¬

326.0 1597.0 1009.0 74.0 que Atticus, Theodoſe fit la guerre à Coſroës

323.0 1654.0 1008.0 78.0 Roy de Perſe, pour deliurer les Chreſtiens

325.0 1715.0 1008.0 76.0 tourmentez à cauſe de la Religion, combien

328.0 1774.0 1005.0 78.0 qu’au reſte ils ne fuſſent que perſonnes pri¬

327.0 1840.0 1004.0 70.0 uees & particulieres. Ces Princes tant equita¬

327.0 1895.0 1006.0 68.0 bles, qui ont laiſſé ſi grand nombre de bonnes

330.0 1954.0 1001.0 83.0 loix, & qui ont eu ſi grand ſoin du droit,

596.0 109.0 458.0 66.0 QVATRIESME

1120.0 2020.0 213.0 74.0 n’euſſent
