1436 2343
399 83 384 60 QVESTTON.

1038 67 51 76 33

87 144 1003 76 Sainct Paul maintient que d’iceluy tous magi¬

89 196 1008 81 ſtrats ont receu leur autorité. Car combien

93 257 1008 78 que Dieu n’ait pas commandé en termes ſi

92 313 1010 81 expres aux Payens de luy obeir, comme il a

91 373 1011 79 fait à ceux qui le conoiſſent: ſi eſt-ce que les

91 434 1010 82 Payens doyuent auouer que c’eſt par la faueur

91 495 1009 80 du Dieu ſouuerain qu’ils regnent. Pourtant,

93 549 1008 91 s’il ne leur chaut de payer le tribut qu’ils doy¬

92 611 1010 82 uent à Dieu pour leur regard: au moins qu’ils

92 674 1009 78 n’attentent ni n’empeſchẽt point leur Souue¬

91 730 1015 82 rain de recueillir ce qui luy eſt deu par des peu

96 788 1013 85 ples qu’il leur a aſſuiettis: qu’ils n’anticipent ni

95 851 1014 79 ne s’approprient en ſorte quelconque la iuriſ¬

92 903 1018 84 diction Diuine. Voila le crime de leſe Maieſté

93 967 1018 82 & de vraye tyrãnie, à l’occaſion dequoy le Sei¬

95 1028 1018 83 gneur a griefuement chaſtié les Rois Payens

93 1089 1021 77 meſmes. Il faut donc que les Princes qui ſe veu

93 1148 1021 82 lent garentir d’vn ſi enorme cas, diſtinguent

93 1210 1021 76 leur iuriſdiction d’auec celle de Dieu, voire

95 1267 1020 80 dautant plus ſoigneuſemẽt que Dieu & le Prin

95 1331 1016 69 ce ont leur droit tous deux ſur vne meſme ter¬

95 1387 1009 74 re, ſur vn meſme hõme, ſur vne meſme choſe.

1103 123 168 103 Rom.131.

149 1448 962 77 L’HOMME eſt compoſé de corps & d’ame.

96 1509 1017 76 Dieu a formé le corps & inſpiré l’ame en ice¬

96 1568 1015 79 luy. Luy ſeul donc pouuoit s’attribuer & apro

98 1621 1017 85 prier le corps & l’ame de l’homme. Si de ſa gra

97 1690 1020 73 ce il a permis aux Rois d’vſer des corps &

96 1741 1019 82 biens de leurs ſuiets, à la charge auſsi de con¬

97 1804 1018 80 ſeruer iceux ſuiets: certainement les Rois doy¬

98 1887 1025 57 uent penſer que l’vſage leur en eſt telſement

105 1919 1017 99 permis, qu’il leur eſt cependant defendu d’en

865 1979 98 76 C.j.
