1436 2338
60.0 183.0 1009.0 80.0 Semblablement en Eſpagne par ordonnance

1083.0 161.0 130.0 70.0 Polydor.

64.0 245.0 988.0 64.0 faite ſous Alfonſe, & renouuellee l’an mil cinc

64.0 286.0 1005.0 86.0 cens ſoixante aux Eſtats de Tolede. Ces loix

1081.0 315.0 142.0 61.0 Hiſp.par

64.0 358.0 1005.0 74.0 ont eſté ratiſiees, encores que long temps au¬

1079 364 158 80 5..5.Con

68.0 407.0 1001.0 91.0 parauant la couſtume euſt obtenu vigueur de

1081.0 414.0 84.0 53.0 ſuit.9.

68.0 485.0 101.0 76.0 loy.

389.0 129.0 386.0 54.0 QV Iirroi.

127.0 533.0 950.0 81.0 OR quant au Royaume de France, auquel

71.0 596.0 1006.0 82.0 ie m’arreſte vn peu plus long temps, pource

75.0 680.0 1003.0 51.0 qu’il eſt comme ſe patron des autres, ce droit

74.0 714.0 1003.0 73.0 eſt touſiours demeuré inuiolable. C’eſt vne

74.0 772.0 1005.0 77.0 des plus ancienes loix du Royaume, & vn

72.0 829.0 1006.0 80.0 droit né auec le Royaume meſmes. Que le Do

76.0 893.0 1005.0 77.0 maine ne ſoit aliené: laquelle loy (quoy que

75.0 953.0 1008.0 73.0 mal obſeruee) fut renouuellee. Il y a deux cas

77.0 1011.0 1008.0 78.0 exceptez, l’Apennage des enfans ou des fre¬

77.0 1070.0 1008.0 71.0 res du Roy, en telle ſorte que le droit de vaſ¬

75.0 1120.0 1010.0 89.0 ſelage demeure touſiours: item, ſi les afaires

1091 1096 154 102 Papon en

77.0 1186.0 1002.0 84.0 de la guerre requierent neceſſairement ceſte

1093.0 1176.0 157.0 72.0 ſes arreſts,

79.0 1249.0 993.0 75.0 alienation, toutesfois auec paction redhibi

81.0 1309.0 1005.0 71.0 toire. Iadis ni l’vn ni l’autre n’eſtoit valable

84.0 1370.0 1005.0 75.0 que par le commandement des trois Eſtats:

83.0 1431.0 995.0 71.0 auiourd’huy, que le Parlement a eſté ren¬

81.0 1482.0 1000.0 80.0 du ſedentaire, ſi le Parlement de Paris,

1095.0 1490.0 163.0 64.0 16. de l’e¬

85.0 1539.0 996.0 78.0 qui eſt la cour des Pairs, & ſi la Chambre

1098.0 1543.0 121.0 58.0 dit fait

83.0 1605.0 998.0 70.0 des contes & du threſor ne l’ont premie¬

84.0 1665.0 1016.0 75.0 rement aprouué: comme portent les Edits

87.0 1726.0 1017.0 72.0 des Rois Charles ſixieſme & neufieſme. Cela

85.0 1788.0 1020.0 73.0 eſt ſi certain, que meſmes ſi les anciens Rois

88.0 1845.0 1015.0 74.0 de France vouloyent fonder quelque Egli¬

87.0 1906.0 1018.0 70.0 ſe, encores que ce fuſt lors vne entreprinſe

89.0 1963.0 1010.0 89.0 fort fauorable, ils eſtoyent tenus d’auoir

987.0 111.0 79.0 70.0 171

1081.0 220.0 111.0 60.0 Virgil.

1079.0 261.0 127.0 68.0 In Cod.

1095 1229 161 64 li.5.tit.10

1091.0 1274.0 144.0 80.0 Act.4.

1095.0 1455.0 155.0 56.0 S.5.11. &

1100.0 1589.0 154.0 84.0 l’an 1566.
