1431 2338
165 157 164 86 L.vendi¬

161 222 164 58 tor.13.D.

166.0 281.0 140.0 52.0 de com.

166.0 322.0 143.0 67.0 præd.di¬

168.0 374.0 82.0 57.0 uid.

323.0 103.0 98.0 70.0 160

347 140 1007 97 deſmeſuree, n’eut toutesfois eu dauantage de

347 218 1007 78 droit. Auiourd’huy lõ ne ſauroit trouuer Roy¬

347.0 264.0 1009.0 86.0 aume, où il ne ſoit loiſible aux plus petis de

347.0 325.0 1007.0 89.0 plaider en iuſtice contre le Roy, en telle ſorte

347.0 385.0 1006.0 92.0 que bien ſouuent le Roy perd ſa cauſe, ce qu’a¬

347.0 446.0 1007.0 81.0 uenant il eſt tenu de ſatisfaire à la ſentence. Et

347.0 502.0 1007.0 96.0 à cela n’eſt point contraire ce que quelqu’vn

347 566 1011 88 des plus familiers des Empereurs ont eſcrit,

347 627 1006 88 Que par droit ciuil toutes choſes ſont au Roy,

347.0 685.0 1007.0 90.0 & que l’Empereur eſt Seigneur abſolu de tou¬

347.0 744.0 1011.0 91.0 tes choſes. Ces meſmes docteurs expoſent

347.0 802.0 1007.0 86.0 leur dire en ceſte ſorte, c’eſt que la domi¬

347.0 868.0 1007.0 86.0 nation de toutes choſes appartient aux Rois

347.0 929.0 1009.0 86.0 & la proprieté aux particuliers: tellement que

347.0 989.0 1009.0 78.0 les vns poſſedent tout par droit de comman¬

347.0 1042.0 1011.0 88.0 dement, les autres par droit d’heritage. Mais

347.0 1100.0 1007.0 82.0 c’eſt vne choſe commune entre les luriſcon¬

349.0 1171.0 1009.0 79.0 ſultes, que ſi quelqu’vn peut euincer vne mai¬

347.0 1221.0 1011.0 84.0 ſon ou nauire vniuerſellement. Nous ſauons

347 1283 1011 88 que c’eſt vn don commun entre les Iuriſcon¬

350.0 1353.0 1012.0 77.0 ſultes que ſi quelqu’vn pout vendiquer vne

350.0 1410.0 1010.0 75.0 maiſon ou nauire vniuerſelle, il ne s’enſuit pas

350.0 1467.0 1010.0 81.0 pourtant qu’il puiſſe eſtendre ce droit à tous

348.0 1524.0 1014.0 80.0 les aix de la nauire, ou à toutes les pierres du

345.0 1583.0 1017.0 82.0 baſtiment. Et pourtant le Roy peut euincer de

347.0 1646.0 1015.0 78.0 droit le Royaume d’Alemagne, de France, de

347.0 1705.0 1015.0 82.0 Angleterre: & toutesfois il ne chaſſera pas vn

348.0 1759.0 1011.0 85.0 hõme de biẽ de ſa maiſon, ſi ce n’eſt par violẽ¬

349.0 1821.0 1013.0 83.0 ce manifeſte, veu que ce ſont choſes diuerſes &

354.0 1882.0 1008.0 83.0 que le droit diſtingue d’eſtre poſſeſſeur du

353.0 1945.0 994.0 91.0 total, & de toutes les pieces particulierement.

174.0 537.0 150.0 65.0 Seneque

171 590 158 60 liu.7.des

175 644 154 65 benefices,

178.0 694.0 146.0 78.0 ch.4.5.6.

635.0 103.0 432.0 59.0 TROISIESME

181 1293 148 66 L. nauc.

181.0 1348.0 145.0 67.0 36. D.de

180.0 1400.0 134.0 59.0 euictio¬

179.0 1450.0 79.0 58.0 nib.

1199.0 2005.0 160.0 69.0 MAIS
