1421 2333
317.0 103.0 72.0 75.0 258

327.0 178.0 1012.0 72.0 pl' desbordez peuuẽt ſe moderer en s’oppoſãt

325.0 230.0 1016.0 74.0 aux torts qu’ils voyent faire à leurs prochains.

371.0 307.0 972.0 50.0 A V reſte, les Payens meſmes nous pourront

322.0 352.0 1022.0 70.0 aprendre ce que la ſocieté humaine, & la natu¬

321.0 410.0 1027.0 68.0 re commune de toutes choſes requierent de

325.0 467.0 1020.0 76.0 nous en ceſt endroit. Pource, dit Ciceron, que

325.0 528.0 1019.0 70.0 tous hommes ont vne meſme nature humai¬

330 579 1015 82 ne, nature preſcrit & ordonne, qu’vn homme

159.0 587.0 154.0 68.0 Au 1.&

330.0 637.0 1015.0 78.0 deſire & procure le bien de l’autre quel qu’il

329.0 701.0 1015.0 79.0 ſoit, ſeulement pour ceſte cauſe qu’il eſt hom¬

328.0 766.0 1020.0 71.0 me: autrement il faut que toute aſſociation

326.0 819.0 1024.0 77.0 humaine periſſe. Et pourtant, comme la iuſtice

330.0 882.0 1020.0 77.0 a deux fondemens: le premier, qu’on ne face

330.0 939.0 1018.0 77.0 tort à perſonne: le ſecond, qu’on aide à chaſ¬

329.0 996.0 1019.0 81.0 cun, ſi faire ſe peut: auſsi y a-il deux ſortes d’in¬

330.0 1060.0 1018.0 75.0 iuſtice, l’vne, de ceux qui font tort à leurs pro¬

330.0 1122.0 1020.0 74.0 chains, l’autre de ceux qui pouuans empeſcher

333.0 1180.0 1016.0 73.0 Ie mal neant moins laiſſent leurs prochains a¬

334.0 1237.0 1018.0 77.0 cablez ſous iceluy. Car quiconque fait tort à

335.0 1298.0 1013.0 70.0 autre, il vſe de violence enuers ſon cõpagnon,

334.0 1359.0 1018.0 70.0 eſtant pouſſé de colere ou de quelque autre

334.0 1416.0 1019.0 79.0 paſsion: mais celuy qui ne reuenge point l’af¬

334.0 1473.0 1022.0 81.0 fligé, & ne pare point aux coups, encores qu’il

335.0 1534.0 1021.0 73.0 en ait le moyen, vn tel eſt autant coulpable

339.0 1592.0 1013.0 76.0 que s’il abandonnoit ſes parens, ou ſes amis,

342.0 1652.0 1014.0 75.0 ou ſa patrie. Ce que le premier fait eſt attribué

340.0 1714.0 1017.0 73.0 à colere, qui eſt vne courte rage: la faute com¬

343.0 1771.0 1018.0 68.0 miſe par le deuxieſme deſcouure vn meſchant

347.0 1835.0 1013.0 67.0 cœur & vne ame tortue, bourreaux & tyrans

353.0 1888.0 1008.0 80.0 perpetuels de la conſcience. La fureur du pre¬

351.0 1949.0 1012.0 85.0 mier ſe peut excuſer en quelque ſorte, mais la

615.0 106.0 457.0 61.0 QVATRIESME

159.0 645.0 154.0 78.0 3.des of¬

155.0 699.0 90.0 90.0 fices.

1256.0 2014.0 106.0 64.0 ma¬
