1402 2338
350.0 95.0 92.0 68.0 220

364.0 169.0 1006.0 68.0 puiſſe degrader qu’auec main armee: alors

356.0 216.0 1016.0 76.0 ſera-il loiſible à ceux-là de faire prendre

357.0 283.0 1015.0 72.0 les armes au peuple, enrooller & leuer

361.0 344.0 1009.0 70.0 gens de guerre, & employer tous moy¬

356.0 401.0 1014.0 71.0 ens de force & de ruſe de guerre contre

353.0 458.0 1019.0 74.0 celuy qui aura eſté iugé ennemi de la patrie &

353.0 518.0 1016.0 75.0 de l’Ettat public. En ſomme, lon pourra pro¬

354.0 583.0 1016.0 66.0 noncer telle ſentence contre luy que contre

354.0 636.0 1016.0 69.0 Manlius Capitolinus à Rome, Tu m’eſtois

356.0 696.0 1013.0 75.0 Manlius, lors que tu fis trebuſcher les Gaulois

359.0 761.0 1007.0 70.0 qui vouloyent mõter au Capitole: mais poure

354.0 822.0 1015.0 65.0 ce que maintenant tu es deuenu l’vn de ceux

352.0 876.0 1013.0 70.0 là, tu ſeras precipité du haut en bas de ce meſ¬

352.0 936.0 705.0 69.0 me lieu d’où tu les as repouſſez.

668.0 95.0 439.0 58.0 TROISIESME

180.0 723.0 161.0 82.0 Valerdib

184.0 798.0 95.0 72.0 6.c3.

411.0 997.0 952.0 72.0 POVR cela les officiers du Royaume n’en¬

346.0 1054.0 1018.0 68.0 courront la note de ſedition. Il faut neceſſai¬

346.0 1118.0 1018.0 66.0 rement que deux parties ſe rẽcontrent en vne

346.0 1170.0 1019.0 74.0 ſedition, leſquelles debatent l’vne cõtre l’au¬

346.0 1233.0 1020.0 68.0 tre ordinairement, ſi que c’eſt choſe neceſſai¬

346.0 1296.0 1022.0 65.0 re, que le droit ſoit à l’vne & le tort à l’autre.

346.0 1350.0 1019.0 76.0 La partie qui maintiendra les loix, le profit du

169.0 1402.0 170.0 67.0 Au traité

350 1414 1013 70 public, & l’Eſtat du Royaume aura le droit de

350.0 1472.0 1005.0 71.0 ſon coſté: & au contraire celle-là tout le tort,

352.0 1530.0 1005.0 66.0 qui violera les loix, ſouſtiendra le menton aux

350 1583 1011 76 violateurs d’icelles & aux deſtructeurs de la

165.0 1591.0 176.0 74.0 arg..3. 5.

163.0 1656.0 178.0 60.0 cũ igitur.

350 1652 1011 72 patrie. Celle-là aura le droit, dit Bartole, qui

350.0 1702.0 1009.0 82.0 taſchera d’abolir la tyrannie: & l’autre ſera en

350.0 1771.0 1009.0 70.0 tort qui voudra renuerſer le gouuernement

349 1821 1002 84 legitime. L’vne qui regarde le bien public ſera

171.0 1845.0 166.0 72.0 ſec. ſecun.

169.0 1895.0 172.0 63.0 qu 12. art.

352 1880 999 80 licite: l’autre qui ne viſe qu’au bien particulier,

171.0 1942.0 164.0 88.0 I1 infine.

350 1938 995 96 ſera illicite. Parquoy, dit Thomas d’Aquin,

165.0 1463.0 166.0 46.0 des Guel¬

167.0 1508.0 170.0 59.0 fes & Gi¬

166.0 1549.0 131.0 65.0 bellins.

168.0 1708.0 156.0 55.0 D de vi

178.0 1759.0 159.0 50.0 & vi ar.

170.0 1810.0 166.0 51.0 Tho.-24.

1240.0 2009.0 119.0 62.0 dau¬
