1431 2343
39 164 1019 83 hiſtoires ſainctes Ie les Rois d’Iſrael & de

40.0 232.0 1017.0 71.0 Iuda cui ſe ſont ainſi oubliez, ont fait meſme

40 294 967 73 fin, c’et à dire ſont peris malheureuſement.

350 127 389 47 QVES ITONE

95.0 352.0 958.0 72.0 OR combien que la forme de l’Egliſe &

39.0 443.0 1013.0 39.0 du royauie Iuuaique Ioic changce, attendu

40.0 475.0 1012.0 67.0 que ce qui eſtoit auparauant enclos en Iudee

40.0 533.0 1009.0 70.0 peut etre eſtendu par tout le monde: ſi eſt-ce

40.0 592.0 1005.0 70.0 qu’il faut dire le meſme des Rois Chreſtiens.

37.0 646.0 1012.0 76.0 L’Euãgile a ſuccedé à la Loy & les Rois Chre¬

37.0 709.0 1013.0 70.0 ſtiens ſont au lieu des Rois Iuifs. Il y a meſme

39.0 769.0 1010.0 71.0 alliance, meſmes conditions, meſmes chaſti¬

41.0 831.0 1011.0 69.0 mens ſi on ne les accomplit, vn meſme Dieu

40.0 891.0 1013.0 70.0 tout puiſſant vengeur de toute perfidie & deſ¬

41.0 951.0 1012.0 61.0 loyauté. Et comme ceux-la eſtoyent tenus de

42.0 1007.0 1011.0 70.0 obſeruer la Loy, ceux-ci ſont obligez d’adhe¬

42.0 1067.0 1010.0 73.0 rer à la doctrine de l’Euangile, pour l’auance¬

45.0 1132.0 1005.0 68.0 ment duquel ils promettent tous s’employer

45.0 1188.0 1009.0 72.0 alors qu’on les ſacre & reçoit Rois. Herodes

46.0 1246.0 1012.0 71.0 redoutant Ieſus Chriſt, le regne duquel il de¬

46.0 1312.0 1008.0 58.0 uoit auancer, & voulant le faire mourir com¬

48.0 1362.0 1006.0 72.0 me s’il auoit affecté de ſe faire Roy au mon¬

48.0 1426.0 1004.0 72.0 de, perit miſerablement luy meſme & perd

48.0 1486.0 1010.0 68.0 ſon royaume. Iulian l’Apoſtat abandonne Ie¬

49.0 1543.0 1008.0 72.0 ſus Chriſt pour adherer à l’idolatrie & impie¬

50.0 1606.0 1009.0 67.0 té des Payens. Mais peu de temps apres il ſent

50.0 1660.0 1008.0 75.0 à ſa confuſion la force du bras de Chriſt, le¬

53.0 1726.0 1008.0 68.0 quel par mocquerie il apeloit Galileen. Les

52.0 1787.0 1011.0 65.0 hiſtoires anciennes ſont remplies de tels exem

53.0 1844.0 1008.0 69.0 ples, & de noſtre tẽps nous n’ẽ auõs pas faute.

53 1903 1006 70 Depuis quelques annees pluſieurs rois eny¬

53 1961 1009 72 urez de la boiſſon que leur a preſenté la pu¬

53 2021 1006 85 tain de Babylone, ont prins les armes, & pour

1013 104 54 70 21
