1436 2338
304.0 97.0 101.0 79.0 148

301.0 161.0 1018.0 72.0 me branſle & s’en auit linaiement en pieces?

300.0 219.0 1019.0 74.0 Mais ſi les loix ſont par deſſus les Rois, com¬

304.0 283.0 1018.0 71.0 me nous l’auons deſia monſtré, & ſi les Rois

304.0 342.0 1018.0 69.0 doiuent autant d’obeiſſance aux loix que les

305.0 402.0 1015.0 63.0 ſeruiteurs à leurs maiſtres: ſe trouuera-il hom

304.0 463.0 1016.0 69.0 me qui n’aime trop mieux s’aſſuiettir à la Loy

307.0 520.0 1012.0 69.0 qu’au Roy, qui vueille obeir au Roy violant la

309.0 580.0 1011.0 74.0 Loy, Et qui refuſe de ſecourir la Loy contre

310.0 644.0 432.0 61.0 vne telle violence?

594.0 107.0 426.0 64.0 TROISIESME

136.0 755.0 167.0 53.0 le Prince

148.0 796.0 159.0 67.0 a puiſſan¬

140.0 851.0 150.0 62.0 ce de vie

138.0 896.0 115.0 66.0 & de

144 997 150 80 ſes ſuiets

138.0 691.0 169.0 82.0 Afauoir ſi

370 701 947 70 PVIS que le Prince n’eſt pas ſeigneur des

317.0 757.0 1003.0 70.0 loix, il faut voir iuſques où s’eſtend ſa ſeigneu

315.0 818.0 1004.0 67.0 rie és autres choſes. Les flatteurs de Cour tie¬

319.0 870.0 1003.0 74.0 nent pour reigle notable, Que les Princes ont

138.0 942.0 152.0 67.0 mort ſur

319 931 1000 80 puiſſance de vie & de mort ſur leurs ſuiets, cõ¬

319 991 1000 76 me les maiſtres l’auoyent ancienement ſur

311.0 1054.0 1010.0 69.0 leurs eſclaues. Par tels menſonges ils ont tel¬

311.0 1114.0 1010.0 71.0 lement enſorcellé les Princes, que pluſieurs

314.0 1176.0 1007.0 73.0 qui n’vſent pas tant à la rigueur de ce droit i¬

309.0 1236.0 1015.0 71.0 maginaire, penſent neantmoins cela leur eſtre

307.0 1294.0 1017.0 72.0 loiſible, & que ce qu’ils s’en deportent eſt dau

310.0 1353.0 1012.0 77.0 tant qu’en cela ils quittent quelque choſe de

314.0 1415.0 1007.0 69.0 leur droit. Mais nous diſons au contraire, que

315.0 1471.0 1009.0 72.0 le Prince n’eſt que miniſtre & executeur de la

317.0 1532.0 1005.0 76.0 Loy, & ne peut deſgainer l’eſpee ſinon contre

317.0 1595.0 1002.0 71.0 ceux que la Loy condamne a eſtre frappez.

315.0 1652.0 1007.0 71.0 S’il fait autremẽt, il n’eſt plus Roy, mais tyran:

318.0 1709.0 1003.0 75.0 il n’eſt plus iuge, ains brigand: & ne le faut

322.0 1771.0 1002.0 72.0 plus appeller conſeruateur, mais violateur de

323.0 1828.0 1002.0 70.0 la Loy. Il faut ici conſiderer premierement le

323.0 1887.0 999.0 80.0 fondement aſſeuré de toute ceſte diſpute, no¬

1233.0 1960.0 91.0 64.0 ſtre
