1426 2343
62 162 995 89 vn Roy ſans peuple. Et ceux qui ont eſté eſle¬

59 231 1001 80 uez en la dignité royale, n’y ont pas eſté auan¬

59.0 292.0 1003.0 77.0 cez pour eſtre hommes plus beaux, ou mieux

59.0 352.0 1004.0 74.0 formez que les autres, ou pour eſtre d’vn natu

58.0 432.0 1000.0 56.0 rel plus exceſſent, pour gouuerner les autres,

59.0 471.0 1007.0 74.0 comme vn berger garderoit ſon troupeau de

61.0 524.0 1004.0 81.0 beſtail. Au cõtraire, & le Roy & les ſuiets ſont

59.0 588.0 1004.0 74.0 d’vne meſme maſſe, en telle ſorte que le peuple

61.0 645.0 1002.0 74.0 a eſleué en ce degré les Rois, afin qu’ils tinſ¬

59.0 706.0 1007.0 76.0 lent de luy & poſſedaſſent comme par emprũt

61.0 766.0 1005.0 73.0 toute leur autorité & puiſſance. L’anciene cou

59.0 822.0 1006.0 80.0 ſtume des Frãçois repreſente cela merueilleu¬

59.0 883.0 1010.0 78.0 ſemẽt bien:car ils eſleuoyent ſur vn bouclier &

61.0 945.0 1006.0 80.0 ſaluoyent Roy celuy qu’ils auoyẽt eſleu. Au re¬

61.0 1004.0 1008.0 80.0 ſte, pourquoy dit-on, ie vous prie, que les Rois

62.0 1060.0 1008.0 77.0 ont vne infinité d’yeux, vn milliõ d’oreilles, les

62.0 1120.0 1005.0 82.0 mains longues extrememẽt, & les pieds viſtes

62.0 1179.0 1009.0 81.0 au poſſible? Eſt-ce qu’ils ſoyẽt ſemblables à la

63.0 1240.0 1008.0 78.0 nauire Argos, à Geryon, à Midas, ou à d’autres

63.0 1300.0 1010.0 78.0 tant chãtez par les poetes? Nullemẽt. Mais cela

65.0 1357.0 1008.0 81.0 eſt dit, dautãt que tout le peuple, à qui l’afaire

65.0 1420.0 1006.0 74.0 touche, preſte au Roy, pour le bien de l’Eſtat,

63.0 1476.0 1010.0 80.0 ſes ſens, ſes moyens & facultez. Que le peuple

63.0 1541.0 1013.0 74.0 s’eſlongne du Roy, il trebuſchera incontinent

65.0 1597.0 1010.0 78.0 tout à plat, encor qu’auparauãt il ſẽblaſt ouir

63.0 1654.0 999.0 82.0 treſcler, auoir vne veuë biẽ aigue, & eſtre le plꝰ

66.0 1715.0 1012.0 76.0 vigoureux & diſpoſt du mõde: luy qui triõphoit

63.0 1775.0 1015.0 78.0 en toute magnificẽce, en vn inſtãt ſera cõme la

65.0 1834.0 1009.0 78.0 bouë des rues: brief au lieu q̃ chaſcũ l’adoroit,

63.0 1892.0 1011.0 80.0 il ſera cõtraint de deuenir pedante, & fouëtter

65.0 1955.0 1011.0 87.0 les petis enfans en vne eſcole, cõme il auint au

367.0 126.0 377.0 52.0 QV ES PI OI..

963.0 102.0 93.0 72.0 107
