1436 2338
142.0 1587.0 158.0 59.0 Herodot.

144.0 1631.0 92.0 84.0 tiu.I.

331.0 93.0 78.0 68.0 182

641.0 95.0 444.0 56.0 TROISIESME

326.0 145.0 1025.0 79.0 chamment de la vigne de Naboth: au Deute¬

323.0 216.0 1029.0 72.0 ronome, ie contemple Dauid, qui eſtime fai¬

324.0 272.0 1027.0 74.0 re mal de boire l’eau puiſee au hazard de la vie

324.0 329.0 1027.0 78.0 des ſiens. Samuel predit que le Roy demandé

328.0 390.0 1022.0 76.0 par les Iſraelites pour conſeruer les loix, ſe

328.0 449.0 1023.0 79.0 gouuernera à ſa fantaiſie: au contraire, Dieu

324.0 511.0 1022.0 76.0 commande que ſa Loy ſoit miſe par les Sacri¬

324.0 571.0 1021.0 75.0 ficateurs entre les mains du Roy, pour en prẽ¬

324.0 629.0 1023.0 76.0 dre copie luy meſme, & l’auoir continuelle¬

324.0 691.0 1021.0 71.0 ment deuant ſes yeux. Pour ceſte raiſon, Sa¬

320.0 746.0 1027.0 76.0 muel qui eſtoit ſouuerain Sacrificateur, baille

319.0 805.0 1024.0 78.0 à Saul ceſte loy Royale contenue au dixſep¬

318.0 867.0 1025.0 69.0 tieſme du Deuteronome, deſcrite en vn volu¬

318.0 923.0 1027.0 78.0 me: ce qu’il n’euſt pasfait, ſi c’euſt eſté choſe

323.0 983.0 1020.0 76.0 permiſe au Roy de la violer. En ſomme, c’eſt

319.0 1044.0 1020.0 75.0 cõme ſi Samuel euſt dit, vous auez demãdé vn

318.0 1102.0 1023.0 77.0 Roy à l’exemple des autres nations, leſquelles

318.0 1166.0 1021.0 73.0 pour la pluſpart ſont maſtinees par des tyrans.

322.0 1227.0 1019.0 66.0 Vous deſirez vn Roy qui vous adminiſtre iu¬

315.0 1283.0 1027.0 71.0 ſtice: mais pluſieurs d’entre eux eſtiment tout

317.0 1344.0 1024.0 74.0 ce qu’ils veulent leur eſtre loiſible. Cependant

318.0 1401.0 1017.0 77.0 vous delaiſſez de gayeté de cœur le Seigneur

315.0 1461.0 1022.0 76.0 Dieu, la volonté duquel eſt l’infaillible reigle

314.0 1514.0 251.0 78.0 de iuſtice.

368.0 1589.0 964.0 65.0 IL y a dedans Herodote vne hiſtoire, la¬

315.0 1643.0 1019.0 70.0 quelle monſtre aſſez combiẽ aiſément le gou¬

317.0 1704.0 1017.0 70.0 uernement Royal degenere en tyrannie, dont

315.0 1759.0 1015.0 73.0 Samuel aduertiſſoit le peuple ſi expreſſément.

314.0 1819.0 1018.0 72.0 Deioces fort renommé à cauſe de ſa iuſtice eſt

313.0 1883.0 1017.0 88.0 premierement eſleu iuge entre les Medes: toſt

1196.0 1954.0 116.0 82.0 apre.
