1440 2338
89.0 141.0 1016.0 85.0 loix. Or comme Ariſtote appelle ordinaire¬

90.0 205.0 1015.0 79.0 ment legitimes, les Rois qui ont tels officiers

90.0 263.0 1013.0 81.0 pour adioints: auſsi ne fait-il difficulté de di¬

89.0 323.0 1014.0 83.0 re, que ſi ces officiers defaillent, il n’y a plus là

90.0 384.0 1013.0 79.0 de Monarchie, ains vne tyrannie du tout bar¬

89.0 445.0 1015.0 75.0 bare, ou vne domination fort aprochante de

90.0 503.0 1010.0 80.0 tyrannie. En la Republique Romaine tels e¬

88.0 562.0 1014.0 82.0 ſtoyent les Senateurs & Magiſtrats creez par

90.0 624.0 1015.0 82.0 le peuple, le Tribun de ceux qu’on appelloit

93.0 684.0 1011.0 74.0 Celeres, le Preteur ou Preuoſt de la ville, &

92.0 744.0 1011.0 75.0 les autres, tellement qu’il y auoit appel du Roy

90.0 805.0 1022.0 78.0 au peuple: comme Seneque le monſtre par teſ¬

92.0 859.0 1012.0 83.0 moignage extrait des liures de la Republique

93.0 922.0 1010.0 78.0 de Ciceron, & l’hiſtoire d’Horatius condam¬

93.0 983.0 1014.0 79.0 né par les iuges Royaux, pour auoir tué ſa

93.0 1041.0 1014.0 77.0 ſœur, & abſous par le peuple, le verifie aſſez.

93.0 1101.0 1011.0 74.0 Du temps des Empereurs, il y auoit le Senat,

94.0 1159.0 1015.0 78.0 les Conſuls, les Preteurs, les grands Preuoſts

96.0 1222.0 1015.0 75.0 de l’Empire, les Gouuerneurs des Prouinces

96.0 1279.0 1013.0 79.0 attribuees au peuple & au Senat, leſquels e¬

94.0 1337.0 1017.0 82.0 ſtoyent tous appellez Magiſtrats & Officiers

97.0 1404.0 1012.0 78.0 du peuple Romain. Et pourtant lors que par

96.0 1454.0 1015.0 83.0 arreſt du Senat l’Empereur Maximin fut iugé

97.0 1511.0 1011.0 88.0 ennemi de la Republique, & que Maximus &

97.0 1570.0 1011.0 91.0 Albinus eurent eſté creez Empereurs par le

100.0 1639.0 1016.0 78.0 Senat, les gens de guerre iurerent qu’ils obei¬

100.0 1696.0 1017.0 83.0 royent fidelement au peuple Romain, au Se¬

105.0 1762.0 452.0 75.0 nat & à l’Empereur.

413.0 92.0 391.0 57.0 QVES TTOR.

1035.0 81.0 70.0 73.0 113

184.0 1813.0 931.0 82.0 QVANT aux Empires & Eſtats publics

106.0 1876.0 1015.0 77.0 d’auiourd’huy (exceptez ceux de Turquie, de

105.0 1932.0 1016.0 96.0 Moſcouie, & autres tels, qui ſont pluſtoſt

1116 1511 121 67 Herod.

1114 1568 92 70 liu.8.

875.0 1992.0 106.0 90.0 H.j.
