1426 2338
323.0 81.0 80.0 65.0 162

323.0 132.0 1015.0 77.0 Meſmes entre les Turcs, les iardins & fonds

326.0 200.0 1014.0 70.0 de terre patrimoniaux de Selim ſõt autres que

324.0 255.0 1017.0 72.0 ceux du public: les vns ſeruãs à l’entretenemẽt

326.0 315.0 1011.0 70.0 de la table du Sultan, les autres n’eſtans em¬

328.0 372.0 1009.0 77.0 ployez qu’aux afaires de l’eſtat de Turquie. Or

326.0 436.0 1011.0 69.0 il y a des Royaumes, comme France, Angle¬

328.0 490.0 1008.0 76.0 terre & autres, eſquels les Rois n’ont aucũ pa¬

324.0 550.0 1014.0 69.0 trimoine particulier, ains ſeulement le public

326.0 614.0 1011.0 70.0 qu’ils ont receu du peuple: & pourtant la di¬

323.0 670.0 971.0 66.0 ſtinction ſuſmentionnee n’y a point de lieu.

626.0 79.0 450.0 65.0 TROISIESME

410.0 731.0 927.0 71.0 QVANT aux biens qui apartienent parti¬

323.0 789.0 1012.0 72.0 culierement au Prince, cela eſt hors de doute

327.0 849.0 1006.0 75.0 qu’il en eſt proprietaire comme les autres par¬

323.0 910.0 1012.0 69.0 ticuhers ront maiſtres de leurs biens, & ſelõ le

321.0 966.0 1012.0 75.0 droit ciuil il les peut vendre, engager, & en diſ¬

324.0 1027.0 1009.0 71.0 poſer comme bon luy ſemblera. Mais quãt au

321.0 1085.0 1010.0 74.0 bien du Royaume, que lon appelle couſtumie¬

322.0 1148.0 1006.0 72.0 rement le Domaine, les Rois n’en peuuent e¬

325.0 1200.0 1005.0 76.0 ſtre eſtimez ni appellez ſeigneurs proprietai¬

325.0 1268.0 999.0 74.0 res en ſorte & maniere que ce ſoit. Car quoy?

328.0 1323.0 1001.0 75.0 Si quelqu’vn pour l’amour du troupeau t’a fait

148.0 1391.0 162.0 72.0 de leg. I.l

325 1377 1001 80 berger, t’a-il baillé licence d’eſcorcher, de deſ¬

152.0 1441.0 158.0 61.0 vn iuerſi.

325 1441 1005 70 pecer, de vendre & de tranſporter le beſtail à

325.0 1496.0 1007.0 84.0 ton plaiſir? Encores que le peuple t’ait eſtabli

331.0 1566.0 997.0 70.0 gouuerneur & iuge d’vne ville ou de quelque

325.0 1615.0 997.0 83.0 prouince, t’a-il donné puiſſance d’aliener, vẽ¬

318.0 1680.0 1007.0 73.0 dre ou iouer ceſte ville ou prouince? Et veu

318.0 1739.0 1007.0 71.0 qu’en alienãt vne prouince lon aliene auſſi le

314.0 1797.0 1010.0 74.0 peuple d’icelle, t’a-il eſleué en autorité, afin

315.0 1860.0 1005.0 70.0 que tu le ſeparaſſes des autres, que tu le proſti¬

313.0 1915.0 1006.0 82.0 tuaſſes & rendiſſes eſclaue à qui bõ te ſemble¬

153.0 1245.0 144.0 66.0 L. Cùm

146.0 1293.0 164.0 76.0 ſeruus. 39

154.0 1352.0 156.0 62.0 S.vlt. D.

150.0 1486.0 160.0 72.0 9. &l ſeq

148.0 1546.0 162.0 59.0 C.de fun

153.0 1608.0 159.0 53.0 dôpaimm

1185.0 1975.0 129.0 82.0 roit?
