1426 2338
70 148 1000 81 ſemblee des Eſtats, les Parlemens, les dietes

70.0 224.0 995.0 68.0 ou iournees pour traiter matieres de l’Eſtat,

66.0 272.0 1001.0 67.0 fuit la lumiere ne voulant eſtre conu en ſes a¬

66.0 331.0 993.0 76.0 ctions, meſmes il tient pour ſuſpects les deuis,

68.0 397.0 985.0 74.0 propos & contenances des ſuiets: mais le Roy

66.0 457.0 994.0 66.0 qui vit en preſence de Dieu & des hommes,

64.0 513.0 1003.0 72.0 ſe glorifie au grand nombre qu’il a de fideles

64.0 571.0 1003.0 71.0 conſeillers, eſtimant qu’il ne faut rien faire

63.0 629.0 1012.0 74.0 ſans leur conſeil: & tant s’en faut qu’il redonte

64.0 691.0 1007.0 70.0 les Eſtats & aſſemblees publiques, ains les re¬

64.0 754.0 1007.0 68.0 reuere & honore grandement. Le tyran fait

63.0 811.0 1008.0 68.0 iouſter les ſuiets enſemble, ſeme, entretient &

68.0 868.0 1004.0 74.0 porte les factions en vn Eſtat, ruine l’vne à l’ai

66.0 931.0 1006.0 65.0 de de l’autre, puis desfait la ſuruiuante, tirant

66.0 988.0 1005.0 74.0 profit de ceſte diuiſion, comme les deſloyaux

64.0 1049.0 1005.0 69.0 chirurgiens qui font durer l’vlcere: brief à l’e¬

63.0 1107.0 1008.0 72.0 xemple de ce vilain Vitellius, n’ont pas honte

64.0 1170.0 1008.0 69.0 de dire que l’ennemi mort, ſur tout le ſuiet

63.0 1227.0 1008.0 71.0 meſme, ſent bon:à l’oppoſite le bon Roy con¬

63.0 1288.0 1006.0 69.0 ſerue la paix entre les ſuiets, comme fait le pe¬

61.0 1345.0 1012.0 72.0 re entre ſes enfans, ſuffoque les ſemences de

62.0 1402.0 1012.0 76.0 noiſes, & guerit viſtement la cicatrice, ne pou

62.0 1467.0 1007.0 68.0 uant meſme ſe contenir de pleurer ſi on luy

61.0 1526.0 1011.0 71.0 rapporte que iuſtice ait eſté faite de quelques

59.0 1584.0 1012.0 70.0 rebelles. En ſomme, ceux que le bõ Roy main¬

61.0 1648.0 1007.0 66.0 tient & defend contre leurs ennemis, le tyran,

62.0 1702.0 1007.0 67.0 ennemi iuré, les contraint de tourner la poin¬

62.0 1765.0 1009.0 69.0 te de leurs eſpees dedans leurs propres entrail

61.0 1823.0 1010.0 65.0 les. Le tyran remplit les garniſons de ſoldats

61.0 1882.0 1004.0 70.0 eſtrangers, baſtit des citadelles contre ſes ſu¬

58 1940 1006 83 iets, deſarme le peuple & ne luy laiſſe fortereſ¬

364.0 101.0 381.0 58.0 QVESTION.

977.0 93.0 90.0 68.0 201

1074 315 145 78 Ariſtau

1078.0 381.0 151.0 61.0 5.des Po¬

1076.0 430.0 147.0 66.0 lit.ch.11.
