<?xml version="1.0" encoding="UTF-8"?>
<alto xmlns:xsi="http://www.w3.org/2001/XMLSchema-instance"
      xmlns="http://www.loc.gov/standards/alto/ns-v4#"
      xsi:schemaLocation="http://www.loc.gov/standards/alto/ns-v4# http://www.loc.gov/standards/alto/v4/alto-4-2.xsd">
  <Description>
    <MeasurementUnit>pixel</MeasurementUnit>
    <sourceImageInformation>
      <fileName>page_00233.png</fileName>
    </sourceImageInformation>
  </Description>
  <Tags>
    <OtherTag ID="BT7" LABEL="CustomZone" DESCRIPTION="block type CustomZone"/><OtherTag ID="BT8" LABEL="DamageZone" DESCRIPTION="block type DamageZone"/><OtherTag ID="BT9" LABEL="DigitizationArtefactZone" DESCRIPTION="block type DigitizationArtefactZone"/><OtherTag ID="BT10" LABEL="DropCapitalZone" DESCRIPTION="block type DropCapitalZone"/><OtherTag ID="BT11" LABEL="GraphicZone" DESCRIPTION="block type GraphicZone"/><OtherTag ID="BT12" LABEL="MainZone" DESCRIPTION="block type MainZone"/><OtherTag ID="BT13" LABEL="MarginTextZone" DESCRIPTION="block type MarginTextZone"/><OtherTag ID="BT14" LABEL="MusicZone" DESCRIPTION="block type MusicZone"/><OtherTag ID="BT15" LABEL="NumberingZone" DESCRIPTION="block type NumberingZone"/><OtherTag ID="BT17" LABEL="QuireMarksZone" DESCRIPTION="block type QuireMarksZone"/><OtherTag ID="BT18" LABEL="RunningTitleZone" DESCRIPTION="block type RunningTitleZone"/><OtherTag ID="BT19" LABEL="SealZone" DESCRIPTION="block type SealZone"/><OtherTag ID="BT20" LABEL="StampZone" DESCRIPTION="block type StampZone"/><OtherTag ID="BT21" LABEL="TableZone" DESCRIPTION="block type TableZone"/><OtherTag ID="BT22" LABEL="TitlePageZone" DESCRIPTION="block type TitlePageZone"/><OtherTag ID="BT100001" LABEL="MainZone-Head" DESCRIPTION="block type MainZone-Head"/><OtherTag ID="BT100011" LABEL="MainZone-Entry" DESCRIPTION="block type MainZone-Entry"/><OtherTag ID="BT100005" LABEL="MainZone-P" DESCRIPTION="block type MainZone-P"/><OtherTag ID="BT100008" LABEL="MainZone-Sp" DESCRIPTION="block type MainZone-Sp"/><OtherTag ID="BT100006" LABEL="MainZone-Continued" DESCRIPTION="block type MainZone-Continued"/><OtherTag ID="BT100009" LABEL="MarginTextZone-Notes" DESCRIPTION="block type MarginTextZone-Notes"/><OtherTag ID="BT100007" LABEL="MarginTextZone-ManuscriptAddendum" DESCRIPTION="block type MarginTextZone-ManuscriptAddendum"/><OtherTag ID="BT100013" LABEL="StampZone-Sticker" DESCRIPTION="block type StampZone-Sticker"/><OtherTag ID="BT100014" LABEL="MainZone-ListItem" DESCRIPTION="block type MainZone-ListItem"/>
    <OtherTag ID="LT7" LABEL="CustomLine" DESCRIPTION="line type CustomLine"/><OtherTag ID="LT8" LABEL="DefaultLine" DESCRIPTION="line type DefaultLine"/><OtherTag ID="LT9" LABEL="DropCapitalLine" DESCRIPTION="line type DropCapitalLine"/><OtherTag ID="LT10" LABEL="HeadingLine" DESCRIPTION="line type HeadingLine"/><OtherTag ID="LT11" LABEL="InterlinearLine" DESCRIPTION="line type InterlinearLine"/><OtherTag ID="LT12" LABEL="MusicLine" DESCRIPTION="line type MusicLine"/><OtherTag ID="LT747" LABEL="default" DESCRIPTION="line type default"/>
  </Tags>
  <Layout>
    <Page WIDTH="1431"
          HEIGHT="2338"
          PHYSICAL_IMG_NR="232"
          ID="eSc_dummypage_">
      <PrintSpace HPOS="0"
                  VPOS="0"
                  WIDTH="1431"
                  HEIGHT="2338">
        <TextBlock HPOS="88.0"
                   VPOS="161.0"
                   WIDTH="1032.0"
                   HEIGHT="1860.0"
                   ID="block_3"
                   TAGREFS="BT100006">
          <Shape><Polygon POINTS="1120 161 1100 2016 915 2021 88 2019 90 165"/></Shape>
          <TextLine ID="line_2"
                    TAGREFS="LT8"
                    BASELINE="98 202 1103 194" 
                    HPOS="95.0"
                    VPOS="161.0"
                    WIDTH="1006.0"
                    HEIGHT="70.0">
            <Shape><Polygon POINTS="1089 161 95 163 99 231 124 220 150 229 321 220 345 229 407 218 596 227 647 216 736 226 818 216 844 226 850 226 871 216 1002 224 1011 214 1099 214 1101 192 1097 161 1089 161"/></Shape>
	    <String CONTENT="ſerment? Mais au contraire, en voyant les au¬"
                    HPOS="95.0"
                    VPOS="161.0"
                    WIDTH="1006.0"
                    HEIGHT="70.0"
                    WC="0.993590772151947"></String>
          </TextLine>
          <TextLine ID="line_3"
                    TAGREFS="LT8"
                    BASELINE="97 259 1103 254" 
                    HPOS="93.0"
                    VPOS="212.0"
                    WIDTH="1008.0"
                    HEIGHT="76.0">
            <Shape><Polygon POINTS="95 257 95 288 1099 288 1101 253 1095 212 354 222 347 220 327 212 325 212 323 212 321 212 286 220 282 222 280 220 270 212 269 212 267 212 265 212 200 222 196 222 194 222 185 212 183 212 181 212 179 212 177 212 175 212 175 214 165 222 165 224 93 224 95 257"/></Shape>
	    <String CONTENT="tres ne tenir compte de la foy promiſe, c’eſt"
                    HPOS="93.0"
                    VPOS="212.0"
                    WIDTH="1008.0"
                    HEIGHT="76.0"
                    WC="0.990675441424052"></String>
          </TextLine>
          <TextLine ID="line_4"
                    TAGREFS="LT8"
                    BASELINE="93 323 1102 313" 
                    HPOS="92.0"
                    VPOS="272.0"
                    WIDTH="1010.0"
                    HEIGHT="76.0">
            <Shape><Polygon POINTS="93 323 93 337 124 346 126 346 127 346 192 337 215 348 217 348 218 348 331 336 345 335 379 335 382 335 396 345 397 345 399 345 400 345 401 345 427 336 449 345 451 345 452 345 453 345 454 345 471 335 489 341 491 341 492 341 493 341 495 341 504 335 505 333 512 333 567 342 569 342 570 342 590 336 616 342 617 342 618 342 619 342 621 342 634 335 651 342 652 342 653 344 721 344 721 342 722 342 723 342 723 341 734 332 735 332 738 332 813 341 814 341 882 331 894 329 959 329 960 329 970 339 972 339 973 339 974 339 976 339 998 329 1003 328 1099 328 1102 313 1098 276 950 281 929 276 912 272 911 272 909 272 856 276 829 279 809 277 778 274 777 274 775 274 774 274 770 277 762 283 617 279 616 279 469 287 426 280 425 280 392 287 360 279 349 277 348 277 347 277 345 277 343 280 332 288 313 280 310 279 309 279 243 279 241 279 231 280 174 289 144 280 141 280 140 280 139 280 92 280 93 323"/></Shape>
	    <String CONTENT="lors qu’ils doyuent mieux garder la leur: veu"
                    HPOS="92.0"
                    VPOS="272.0"
                    WIDTH="1010.0"
                    HEIGHT="76.0"
                    WC="0.9888324075274997"></String>
          </TextLine>
          <TextLine ID="line_5"
                    TAGREFS="LT8"
                    BASELINE="90 384 1104 374" 
                    HPOS="89.0"
                    VPOS="329.0"
                    WIDTH="1015.0"
                    HEIGHT="77.0">
            <Shape><Polygon POINTS="90 384 90 401 309 406 310 406 311 406 313 406 322 398 340 405 341 405 343 405 388 397 402 396 408 397 426 405 427 405 428 405 430 405 448 397 452 394 531 394 534 396 545 401 547 401 548 401 584 394 597 393 605 394 632 402 634 402 635 403 683 403 683 402 684 402 686 402 696 394 718 402 720 402 721 402 722 402 739 394 752 401 753 401 755 402 848 402 848 401 850 401 865 394 907 400 908 400 909 400 929 390 930 390 959 400 960 400 961 400 963 400 982 389 983 389 992 389 1078 398 1080 398 1081 398 1104 388 1104 374 1103 339 1085 329 1083 329 974 329 973 329 900 341 894 341 876 341 773 337 772 337 700 342 684 344 675 344 595 333 593 333 536 345 532 345 525 345 413 336 412 336 410 336 388 346 375 336 374 336 373 336 340 336 339 336 337 336 336 336 321 348 319 348 314 348 267 340 266 340 265 340 263 340 253 348 253 349 211 349 207 349 174 339 172 339 171 339 170 339 168 339 154 349 153 349 116 341 115 341 114 341 89 348 90 384"/></Shape>
	    <String CONTENT="meſmes qu’ils ſont ordonnez pour ceſt effect"
                    HPOS="89.0"
                    VPOS="329.0"
                    WIDTH="1015.0"
                    HEIGHT="77.0"
                    WC="0.9965559176423333"></String>
          </TextLine>
          <TextLine ID="line_6"
                    TAGREFS="LT8"
                    BASELINE="90 442 1102 435" 
                    HPOS="89.0"
                    VPOS="420.0"
                    WIDTH="1013.0"
                    HEIGHT="42.0">
            <Shape><Polygon POINTS="1090 427 1077 427 1064 427 1051 427 1038 427 1025 427 1012 427 999 427 986 427 973 427 960 427 947 427 934 427 921 427 908 427 895 427 882 427 869 427 856 427 843 427 830 427 817 427 804 427 791 427 778 427 765 427 752 427 739 427 726 427 713 427 700 427 687 427 674 427 661 427 648 427 635 427 622 427 609 427 596 427 583 427 570 427 557 427 544 427 531 427 518 427 505 427 492 427 479 427 466 427 453 427 440 427 427 427 414 427 401 427 388 427 375 427 362 427 349 427 336 427 323 427 310 427 297 427 284 427 271 427 258 427 245 427 232 427 219 427 206 427 193 427 180 427 167 427 154 427 141 427 128 427 115 427 113 420 89 420 90 442 92 461 118 453 210 459 257 462 258 462 259 462 261 462 266 458 272 455 317 457 387 461 388 461 389 461 391 461 397 455 401 454 422 455 466 459 467 459 469 459 480 454 493 450 605 453 729 455 730 455 783 450 808 448 831 449 931 457 933 457 1025 446 1026 446 1087 454 1089 454 1090 454 1091 454 1102 445 1102 435 1099 427 1090 427"/></Shape>
	    <String CONTENT="comine Ephores &amp; Controneurs puones ;"
                    HPOS="89.0"
                    VPOS="420.0"
                    WIDTH="1013.0"
                    HEIGHT="42.0"
                    WC="0.9910776019096375"></String>
          </TextLine>
          <TextLine ID="line_7"
                    TAGREFS="LT8"
                    BASELINE="90 502 1102 492" 
                    HPOS="89.0"
                    VPOS="452.0"
                    WIDTH="1013.0"
                    HEIGHT="72.0">
            <Shape><Polygon POINTS="90 502 90 515 270 524 271 524 272 524 274 524 284 515 308 522 309 522 310 522 311 522 326 515 328 514 337 515 375 519 376 519 378 519 396 514 404 511 562 511 569 514 592 522 593 522 595 522 634 520 635 520 636 520 645 513 647 511 652 513 671 519 673 519 674 519 774 513 850 507 857 511 866 518 868 518 869 518 870 519 908 519 908 518 909 518 921 511 930 507 941 511 954 516 955 516 956 516 1102 510 1102 492 1099 459 991 453 990 453 989 453 974 459 972 462 833 462 827 462 785 452 783 452 782 452 740 462 723 453 722 453 627 453 626 453 625 453 623 453 610 463 610 465 579 465 577 465 554 454 553 454 469 454 467 454 466 454 422 466 419 466 405 466 240 459 239 459 198 468 194 468 193 468 172 458 171 458 140 458 139 458 137 458 136 458 123 468 122 470 89 470 90 502"/></Shape>
	    <String CONTENT="ioint que toute choſe qui viſe au but pourquoy"
                    HPOS="89.0"
                    VPOS="452.0"
                    WIDTH="1013.0"
                    HEIGHT="72.0"
                    WC="0.9887413771256156"></String>
          </TextLine>
          <TextLine ID="line_8"
                    TAGREFS="LT8"
                    BASELINE="93 559 1104 552" 
                    HPOS="92.0"
                    VPOS="506.0"
                    WIDTH="1012.0"
                    HEIGHT="73.0">
            <Shape><Polygon POINTS="93 559 93 579 1103 571 1104 552 1099 507 1072 515 1055 509 1054 509 1052 509 1051 509 1050 509 1037 519 1011 513 1009 513 1008 513 970 518 948 509 942 506 941 506 939 506 938 506 931 509 905 520 829 510 821 510 820 510 818 510 817 510 800 522 738 522 722 511 718 509 717 509 716 509 695 509 694 509 692 509 691 509 686 513 670 523 565 523 540 514 528 510 527 510 526 510 478 515 447 518 434 515 413 511 412 511 410 511 409 511 404 515 392 526 334 526 322 516 314 511 313 511 311 511 276 511 275 511 274 511 272 511 265 518 257 524 243 518 232 514 231 514 230 514 228 514 227 514 220 518 206 527 180 527 163 519 149 513 148 513 146 513 92 519 93 559"/></Shape>
	    <String CONTENT="elle eſt faite, eſt eſtimee, iuſte quand elle y tẽd"
                    HPOS="92.0"
                    VPOS="506.0"
                    WIDTH="1012.0"
                    HEIGHT="73.0"
                    WC="0.9947029627286471"></String>
          </TextLine>
          <TextLine ID="line_9"
                    TAGREFS="LT8"
                    BASELINE="92 622 1103 611" 
                    HPOS="90.0"
                    VPOS="570.0"
                    WIDTH="1013.0"
                    HEIGHT="74.0">
            <Shape><Polygon POINTS="92 622 92 635 115 644 116 644 118 644 170 636 217 644 218 644 317 635 350 632 383 635 454 641 456 641 457 641 475 635 480 633 488 635 518 640 519 640 560 635 597 629 612 635 616 636 617 636 618 636 635 635 677 629 686 635 694 639 695 639 696 639 722 635 757 628 778 635 788 637 790 637 791 637 822 635 881 628 1005 633 1031 635 1033 635 1034 635 1037 633 1064 626 1102 633 1103 611 1102 580 1077 571 1076 571 1074 571 1073 571 1052 580 904 580 872 570 870 570 869 570 868 570 827 581 811 571 809 571 808 571 807 571 765 578 729 571 727 571 726 571 725 571 712 579 697 572 696 572 597 572 596 572 595 572 593 572 577 584 526 574 525 574 467 587 362 587 353 579 352 579 350 579 349 579 254 587 219 576 218 576 217 576 179 578 178 578 176 578 163 588 109 578 107 578 106 578 105 578 90 587 92 622"/></Shape>
	    <String CONTENT="&amp; nõ point autremẽt. Et ſi pluſieurs ont pro¬"
                    HPOS="90.0"
                    VPOS="570.0"
                    WIDTH="1013.0"
                    HEIGHT="74.0"
                    WC="0.98781141702165"></String>
          </TextLine>
          <TextLine ID="line_10"
                    TAGREFS="LT8"
                    BASELINE="92 680 1102 671" 
                    HPOS="90.0"
                    VPOS="627.0"
                    WIDTH="1012.0"
                    HEIGHT="74.0">
            <Shape><Polygon POINTS="92 680 92 701 153 693 206 700 223 701 224 701 226 701 232 700 253 692 378 696 441 698 443 698 478 694 523 689 543 693 560 697 561 697 604 692 632 689 643 692 665 697 666 697 668 697 846 688 879 687 885 687 921 694 922 694 924 694 939 687 951 694 952 694 954 694 955 694 1003 685 1004 685 1005 685 1054 693 1055 693 1102 683 1102 671 1100 640 1065 627 1064 627 1063 627 994 639 957 627 956 627 955 627 913 635 870 628 869 628 868 628 866 628 848 641 722 641 677 629 675 629 674 629 582 631 580 631 579 631 566 639 527 631 526 631 525 631 523 631 508 642 471 632 470 632 469 632 467 632 466 632 454 642 402 644 382 632 380 632 379 632 378 632 376 632 339 645 115 641 114 641 113 641 90 648 92 680"/></Shape>
	    <String CONTENT="mis vne meſme choſe, l’obligation de l’vn eſt¬"
                    HPOS="90.0"
                    VPOS="627.0"
                    WIDTH="1012.0"
                    HEIGHT="74.0"
                    WC="0.99142285403998"></String>
          </TextLine>
          <TextLine ID="line_11"
                    TAGREFS="LT8"
                    BASELINE="92 739 1100 729" 
                    HPOS="90.0"
                    VPOS="687.0"
                    WIDTH="1010.0"
                    HEIGHT="75.0">
            <Shape><Polygon POINTS="92 739 92 758 197 762 198 762 200 762 206 758 217 753 233 758 235 758 236 758 237 758 241 758 283 752 310 758 323 761 324 761 326 761 327 761 331 758 341 752 363 758 375 761 376 761 378 761 404 758 457 750 547 757 569 758 570 758 571 758 573 758 574 757 584 749 738 748 774 754 775 754 833 746 870 755 872 755 873 755 874 755 876 755 889 746 955 745 992 754 994 754 995 754 1042 745 1098 754 1100 729 1098 700 1046 687 964 687 963 687 961 687 960 687 946 700 925 689 924 689 922 689 921 689 900 701 847 701 830 692 829 692 827 692 826 692 804 697 773 689 772 689 770 689 769 689 751 697 726 689 725 689 723 689 722 689 721 689 705 702 649 702 548 701 530 691 528 691 527 691 483 692 482 692 480 692 467 703 375 705 334 705 313 693 311 693 310 693 309 693 289 703 232 706 122 694 120 694 119 694 90 706 92 739"/></Shape>
	    <String CONTENT="elle annulee par le periure de l’autre? ſi plu¬"
                    HPOS="90.0"
                    VPOS="687.0"
                    WIDTH="1010.0"
                    HEIGHT="75.0"
                    WC="0.9702811228468063"></String>
          </TextLine>
          <TextLine ID="line_12"
                    TAGREFS="LT8"
                    BASELINE="92 798 1102 791" 
                    HPOS="90.0"
                    VPOS="746.0"
                    WIDTH="1012.0"
                    HEIGHT="76.0">
            <Shape><Polygon POINTS="92 798 92 815 157 811 165 815 174 820 175 820 176 822 220 822 220 820 222 820 223 820 228 815 235 811 276 811 288 815 300 819 301 819 302 820 427 820 427 819 428 819 447 814 470 809 534 814 552 815 553 815 562 814 591 809 608 814 616 817 617 817 618 817 619 817 626 814 642 807 695 807 730 814 751 817 752 817 753 817 764 813 785 806 801 813 803 813 804 813 805 813 846 806 855 813 856 814 857 814 859 814 860 814 869 813 905 806 930 813 931 813 933 813 934 813 935 813 937 813 948 805 1099 811 1102 791 1099 758 1059 758 1031 746 1030 746 1029 746 1028 746 999 757 973 746 972 746 970 746 969 746 933 758 930 758 842 758 812 758 765 748 764 748 762 748 735 758 730 759 726 758 700 749 699 749 697 749 696 749 669 758 664 761 590 761 538 761 534 758 515 750 514 750 513 750 454 758 425 763 366 763 358 758 345 752 344 752 343 752 341 752 340 752 331 758 330 759 328 758 313 752 311 752 310 752 245 753 244 753 243 753 236 758 228 763 197 758 157 753 155 753 90 758 92 798"/></Shape>
	    <String CONTENT="ſieurs ſõt pleiges d’vne meſme ſomme, &amp; l’vn"
                    HPOS="90.0"
                    VPOS="746.0"
                    WIDTH="1012.0"
                    HEIGHT="76.0"
                    WC="0.9985217637485928"></String>
          </TextLine>
          <TextLine ID="line_13"
                    TAGREFS="LT8"
                    BASELINE="92 857 1104 850" 
                    HPOS="90.0"
                    VPOS="805.0"
                    WIDTH="1014.0"
                    HEIGHT="75.0">
            <Shape><Polygon POINTS="92 857 94 880 102 872 170 872 204 879 213 880 214 880 347 879 348 879 356 876 370 871 396 875 415 879 417 879 418 879 427 875 443 867 502 867 558 872 582 875 583 875 584 875 592 872 599 870 601 872 608 878 609 878 610 878 612 878 613 878 625 872 635 867 660 871 696 878 697 878 746 870 772 866 838 866 844 868 856 874 857 874 859 874 860 874 861 874 868 867 870 866 873 867 879 871 881 871 882 871 941 867 969 865 972 866 982 874 983 874 985 874 1039 875 1041 875 1042 875 1043 875 1055 866 1103 863 1104 850 1102 811 1070 805 1069 805 1068 805 1044 811 1022 817 1015 811 1007 805 1005 805 1004 805 983 805 982 805 981 805 979 805 972 811 960 818 900 813 899 813 824 819 779 811 753 806 752 806 751 806 749 806 743 811 733 817 718 811 717 811 716 811 714 811 683 820 670 811 666 807 665 807 664 807 548 807 547 807 545 807 536 811 510 820 483 811 480 810 479 810 478 810 477 810 475 810 475 811 458 823 265 823 248 811 248 810 246 810 245 810 244 810 239 811 206 818 192 811 191 810 189 810 188 810 187 810 185 810 185 811 171 822 157 811 157 810 155 810 154 810 153 810 90 810 92 857"/></Shape>
	    <String CONTENT="fait bãqueroute s’enſuit-il que les autres ſoyẽt"
                    HPOS="90.0"
                    VPOS="805.0"
                    WIDTH="1014.0"
                    HEIGHT="75.0"
                    WC="0.9977804219722748"></String>
          </TextLine>
          <TextLine ID="line_14"
                    TAGREFS="LT8"
                    BASELINE="94 918 1106 911" 
                    HPOS="93.0"
                    VPOS="867.0"
                    WIDTH="1013.0"
                    HEIGHT="73.0">
            <Shape><Polygon POINTS="94 918 94 931 111 939 113 939 114 940 189 940 189 939 191 939 192 939 201 931 222 937 223 937 224 937 258 931 392 937 393 937 395 937 414 931 430 936 431 936 432 936 434 936 454 930 465 935 466 935 467 935 656 928 692 936 694 936 695 936 696 936 705 930 764 935 765 935 766 935 786 927 796 935 798 935 799 935 800 935 801 935 826 928 887 935 889 935 890 935 891 935 903 926 944 933 946 933 1008 926 1082 933 1083 933 1085 933 1106 923 1106 911 1100 867 1065 878 848 871 742 868 740 868 739 868 721 874 697 881 569 881 556 876 547 874 545 874 544 874 499 878 454 881 449 879 440 871 439 871 438 871 301 871 300 871 298 871 259 881 253 883 244 881 200 876 198 876 93 884 94 918"/></Shape>
	    <String CONTENT="quittes? Si pluſieurs tuteurs adminiſtrent mal"
                    HPOS="93.0"
                    VPOS="867.0"
                    WIDTH="1013.0"
                    HEIGHT="73.0"
                    WC="0.9915013118930485"></String>
          </TextLine>
          <TextLine ID="line_15"
                    TAGREFS="LT8"
                    BASELINE="92 979 1104 970" 
                    HPOS="90.0"
                    VPOS="924.0"
                    WIDTH="1014.0"
                    HEIGHT="76.0">
            <Shape><Polygon POINTS="92 979 92 992 158 992 159 992 176 1000 178 1000 179 1000 180 1000 196 992 197 991 392 989 397 991 419 998 421 998 422 1000 504 1000 504 998 552 989 562 988 573 989 614 997 616 997 677 991 726 996 727 996 729 996 749 988 756 987 762 988 790 996 791 996 792 996 920 994 951 987 964 984 973 987 991 993 992 993 994 993 1103 985 1104 970 1102 937 1043 937 1043 936 1029 926 1028 926 1026 926 994 924 992 924 991 924 956 936 951 937 921 936 892 935 881 926 879 926 878 926 877 926 876 926 848 936 843 937 830 936 805 932 804 932 803 932 796 936 790 939 727 939 720 935 696 927 695 927 694 927 692 927 662 935 658 936 653 935 632 928 631 928 630 928 629 928 627 928 619 935 612 941 569 941 560 935 551 928 549 928 548 928 525 928 523 928 522 928 509 935 493 942 375 942 348 933 339 931 337 931 336 931 335 931 328 933 314 941 287 933 276 931 275 931 274 931 272 931 263 933 233 944 207 933 204 932 202 932 201 932 188 933 140 939 90 933 92 979"/></Shape>
	    <String CONTENT="Ie bien de leur pupille, &amp; il y a quelque hõme"
                    HPOS="90.0"
                    VPOS="924.0"
                    WIDTH="1014.0"
                    HEIGHT="76.0"
                    WC="0.9932294348452954"></String>
          </TextLine>
          <TextLine ID="line_16"
                    TAGREFS="LT8"
                    BASELINE="93 1036 1104 1031" 
                    HPOS="92.0"
                    VPOS="987.0"
                    WIDTH="1012.0"
                    HEIGHT="71.0">
            <Shape><Polygon POINTS="93 1036 93 1053 162 1049 167 1053 170 1055 171 1055 172 1055 174 1055 175 1055 180 1053 188 1049 197 1053 209 1057 210 1057 211 1058 289 1058 289 1057 291 1057 302 1052 308 1049 318 1052 343 1057 344 1057 392 1050 414 1048 430 1050 462 1055 464 1055 465 1055 478 1049 483 1048 564 1048 569 1049 595 1055 596 1055 597 1055 599 1055 625 1048 632 1046 675 1048 830 1053 831 1053 833 1053 855 1046 1002 1053 1003 1053 1004 1053 1018 1046 1061 1053 1063 1053 1104 1043 1104 1031 1102 992 1060 987 1059 987 1057 987 1044 992 1030 998 915 998 904 993 898 991 896 991 895 991 894 991 886 993 873 997 865 993 852 987 851 987 850 987 816 993 792 998 779 994 762 988 761 988 760 988 729 994 707 998 683 994 642 988 640 988 639 988 613 996 595 1001 474 1001 462 996 448 992 447 992 445 992 444 992 432 997 425 1000 418 997 404 989 402 989 401 989 400 989 384 997 376 1001 340 1001 327 997 305 991 304 991 256 991 254 991 253 991 252 991 243 998 239 1002 180 1002 165 998 115 991 114 991 113 991 92 998 93 1036"/></Shape>
	    <String CONTENT="de conſcience entre eux, eſt-il deſchargé par la"
                    HPOS="92.0"
                    VPOS="987.0"
                    WIDTH="1012.0"
                    HEIGHT="71.0"
                    WC="0.992304299558912"></String>
          </TextLine>
          <TextLine ID="line_17"
                    TAGREFS="LT8"
                    BASELINE="92 1096 1103 1091" 
                    HPOS="90.0"
                    VPOS="1046.0"
                    WIDTH="1013.0"
                    HEIGHT="73.0">
            <Shape><Polygon POINTS="92 1096 92 1117 161 1119 162 1119 163 1119 172 1117 197 1109 279 1115 332 1119 334 1119 335 1119 352 1114 371 1109 379 1114 383 1118 384 1118 386 1118 387 1118 409 1114 430 1110 435 1114 440 1118 441 1118 443 1118 444 1119 532 1119 532 1118 534 1118 535 1118 543 1113 552 1107 573 1113 588 1115 590 1115 591 1115 597 1111 609 1106 623 1111 636 1117 638 1117 639 1117 640 1117 649 1111 660 1106 755 1110 787 1111 788 1111 807 1110 852 1105 890 1109 934 1114 935 1114 937 1114 938 1114 944 1109 950 1105 1025 1106 1028 1107 1057 1115 1059 1115 1060 1115 1061 1115 1063 1115 1072 1107 1076 1105 1100 1106 1103 1091 1100 1058 1048 1049 1047 1049 990 1054 978 1046 977 1046 976 1046 947 1046 946 1046 944 1046 943 1046 926 1057 925 1058 831 1058 825 1055 786 1048 785 1048 783 1048 782 1048 772 1055 768 1058 748 1055 688 1048 687 1048 686 1048 670 1055 664 1058 658 1055 642 1048 640 1048 639 1048 638 1048 612 1055 593 1059 376 1054 370 1054 369 1054 367 1054 326 1061 315 1053 311 1050 310 1050 309 1050 217 1050 215 1050 201 1053 166 1061 141 1053 135 1050 133 1050 132 1050 90 1052 92 1096"/></Shape>
	    <String CONTENT="faute de ſes compagnons? Au cõtraire les vns"
                    HPOS="90.0"
                    VPOS="1046.0"
                    WIDTH="1013.0"
                    HEIGHT="73.0"
                    WC="0.9917606287532382"></String>
          </TextLine>
          <TextLine ID="line_18"
                    TAGREFS="LT8"
                    BASELINE="93 1157 1102 1150" 
                    HPOS="92.0"
                    VPOS="1106.0"
                    WIDTH="1010.0"
                    HEIGHT="75.0">
            <Shape><Polygon POINTS="93 1157 93 1169 171 1169 172 1169 209 1181 210 1181 211 1181 213 1181 245 1171 293 1181 295 1181 361 1170 415 1180 417 1181 496 1181 496 1180 531 1174 578 1179 579 1179 580 1179 582 1179 603 1166 604 1166 643 1166 660 1179 661 1179 662 1179 664 1180 697 1180 697 1179 699 1179 731 1165 734 1165 739 1165 801 1175 803 1175 804 1175 805 1175 817 1167 916 1176 917 1176 918 1176 920 1176 937 1163 941 1163 983 1171 985 1171 986 1171 1005 1163 1007 1163 1100 1163 1102 1150 1098 1106 1000 1113 985 1107 983 1107 982 1107 981 1107 979 1107 978 1107 957 1117 933 1109 931 1109 930 1109 929 1109 902 1117 878 1110 870 1107 869 1107 868 1107 855 1110 820 1118 752 1111 703 1107 701 1107 700 1107 684 1113 670 1118 562 1115 501 1114 500 1114 499 1114 492 1117 482 1120 460 1117 415 1110 414 1110 413 1110 412 1110 401 1118 396 1122 293 1122 288 1120 269 1111 267 1111 180 1111 179 1111 178 1111 176 1111 159 1123 92 1123 93 1157"/></Shape>
	    <String CONTENT="ne ſauroyent ſe purger qu’ils ne ſoyont dif¬"
                    HPOS="92.0"
                    VPOS="1106.0"
                    WIDTH="1010.0"
                    HEIGHT="75.0"
                    WC="0.9832349744710055"></String>
          </TextLine>
          <TextLine ID="line_19"
                    TAGREFS="LT8"
                    BASELINE="92 1214 1106 1209" 
                    HPOS="90.0"
                    VPOS="1166.0"
                    WIDTH="1016.0"
                    HEIGHT="73.0">
            <Shape><Polygon POINTS="92 1214 92 1228 279 1228 282 1230 292 1237 293 1237 295 1237 296 1239 344 1239 344 1237 345 1237 347 1237 358 1230 361 1228 378 1230 426 1235 427 1235 428 1235 439 1230 444 1227 454 1230 477 1236 478 1236 479 1237 527 1237 527 1236 528 1236 530 1236 538 1230 543 1227 573 1227 579 1230 588 1236 590 1236 591 1236 592 1236 634 1231 668 1226 682 1231 695 1235 696 1235 697 1235 761 1231 852 1224 883 1231 898 1233 899 1233 917 1231 954 1226 973 1231 977 1232 978 1232 979 1232 1104 1231 1106 1209 1103 1179 1044 1179 1044 1178 1012 1166 1011 1166 1009 1166 864 1178 840 1180 798 1180 794 1178 779 1167 778 1167 777 1167 775 1167 726 1178 716 1180 622 1180 618 1178 609 1171 608 1171 606 1171 605 1171 578 1176 562 1180 556 1176 539 1169 538 1169 515 1169 514 1169 513 1169 512 1169 501 1176 496 1180 475 1176 438 1170 436 1170 435 1170 413 1176 409 1178 406 1176 395 1169 393 1169 392 1169 391 1169 389 1169 361 1176 341 1181 309 1176 270 1170 269 1170 241 1176 228 1179 222 1176 207 1170 206 1170 205 1170 204 1170 202 1170 193 1176 185 1181 166 1176 145 1170 144 1170 142 1170 90 1175 92 1214"/></Shape>
	    <String CONTENT="famez de periure, ſi entant qu’en eux eſt ils ne"
                    HPOS="90.0"
                    VPOS="1166.0"
                    WIDTH="1016.0"
                    HEIGHT="73.0"
                    WC="0.9923720471560955"></String>
          </TextLine>
          <TextLine ID="line_20"
                    TAGREFS="LT8"
                    BASELINE="93 1272 1109 1270" 
                    HPOS="92.0"
                    VPOS="1227.0"
                    WIDTH="1017.0"
                    HEIGHT="67.0">
            <Shape><Polygon POINTS="93 1272 93 1294 135 1293 136 1293 137 1293 153 1284 335 1293 358 1293 360 1293 379 1292 469 1285 510 1291 531 1293 532 1293 534 1293 535 1293 538 1291 544 1287 553 1291 557 1292 558 1292 560 1292 578 1291 642 1283 718 1283 731 1288 739 1292 740 1292 742 1292 743 1292 752 1288 761 1285 795 1288 844 1292 846 1292 847 1292 848 1292 855 1287 861 1283 889 1287 920 1292 921 1292 951 1287 964 1284 973 1287 992 1292 994 1292 995 1292 1108 1284 1109 1270 1104 1227 1067 1239 1017 1228 1011 1227 969 1227 968 1227 966 1227 965 1227 963 1228 946 1240 791 1240 759 1232 733 1227 670 1227 669 1227 668 1227 655 1233 645 1239 604 1235 579 1232 578 1232 577 1232 575 1232 573 1235 565 1240 539 1235 525 1233 523 1233 502 1236 473 1240 466 1236 449 1228 448 1228 447 1228 409 1237 408 1237 405 1237 371 1228 370 1228 369 1228 367 1228 366 1228 353 1239 350 1241 306 1241 304 1239 288 1230 287 1230 285 1230 284 1230 283 1230 254 1237 244 1230 243 1230 241 1230 240 1230 150 1235 124 1228 123 1228 122 1228 120 1228 92 1240 93 1272"/></Shape>
	    <String CONTENT="s’efforcent de s’acquitter de leur promeſſe: ni"
                    HPOS="92.0"
                    VPOS="1227.0"
                    WIDTH="1017.0"
                    HEIGHT="67.0"
                    WC="0.9984375162327543"></String>
          </TextLine>
          <TextLine ID="line_21"
                    TAGREFS="LT8"
                    BASELINE="93 1333 1109 1330" 
                    HPOS="92.0"
                    VPOS="1287.0"
                    WIDTH="1017.0"
                    HEIGHT="67.0">
            <Shape><Polygon POINTS="93 1333 93 1346 427 1354 428 1354 489 1345 492 1345 493 1345 515 1353 517 1353 518 1353 562 1345 564 1345 586 1345 626 1345 640 1353 642 1353 643 1353 644 1353 744 1345 765 1353 766 1353 768 1353 852 1344 873 1352 874 1352 876 1352 928 1344 946 1350 947 1350 948 1350 950 1350 968 1344 983 1352 985 1352 986 1352 987 1352 1012 1345 1068 1352 1069 1352 1109 1341 1109 1330 1107 1297 892 1287 891 1287 890 1287 870 1294 865 1298 792 1298 783 1294 764 1288 762 1288 761 1288 723 1294 710 1296 703 1294 683 1288 682 1288 681 1288 679 1288 678 1288 669 1293 660 1300 534 1300 515 1293 513 1292 512 1292 510 1292 488 1292 352 1300 335 1292 330 1289 328 1289 327 1289 326 1289 321 1292 308 1297 296 1292 292 1289 291 1289 244 1289 243 1289 241 1289 237 1291 222 1300 176 1293 175 1293 174 1293 158 1300 92 1291 93 1333"/></Shape>
	    <String CONTENT="les autres ne peuuent excuſer leur inſuffiſance"
                    HPOS="92.0"
                    VPOS="1287.0"
                    WIDTH="1017.0"
                    HEIGHT="67.0"
                    WC="0.9904430863705087"></String>
          </TextLine>
          <TextLine ID="line_22"
                    TAGREFS="LT8"
                    BASELINE="92 1393 1108 1389" 
                    HPOS="90.0"
                    VPOS="1345.0"
                    WIDTH="1018.0"
                    HEIGHT="70.0">
            <Shape><Polygon POINTS="92 1393 92 1415 179 1406 425 1414 427 1414 428 1414 430 1414 451 1405 475 1413 477 1413 478 1413 551 1405 565 1411 566 1411 567 1411 614 1405 627 1413 629 1413 630 1413 631 1413 632 1413 649 1405 726 1405 766 1413 768 1413 769 1413 770 1413 816 1404 864 1410 865 1410 896 1404 908 1411 909 1411 911 1411 912 1411 1082 1404 1104 1411 1108 1389 1104 1345 1041 1356 1009 1356 998 1346 996 1345 995 1345 994 1345 992 1345 965 1346 860 1354 852 1348 848 1345 847 1345 846 1345 844 1345 843 1345 829 1349 812 1353 795 1349 779 1345 778 1345 777 1345 562 1353 428 1357 393 1356 287 1348 285 1348 284 1348 248 1357 246 1357 213 1348 211 1348 210 1348 209 1348 207 1348 194 1358 155 1358 111 1348 110 1348 109 1348 90 1357 92 1393"/></Shape>
	    <String CONTENT="&amp; mauuais deportemẽt au fait de la tutele mal"
                    HPOS="90.0"
                    VPOS="1345.0"
                    WIDTH="1018.0"
                    HEIGHT="70.0"
                    WC="0.9873313631700433"></String>
          </TextLine>
          <TextLine ID="line_23"
                    TAGREFS="LT8"
                    BASELINE="92 1454 1108 1449" 
                    HPOS="90.0"
                    VPOS="1406.0"
                    WIDTH="1018.0"
                    HEIGHT="73.0">
            <Shape><Polygon POINTS="92 1454 92 1475 172 1466 187 1475 188 1475 189 1475 191 1475 192 1475 218 1467 231 1475 235 1478 236 1478 237 1478 239 1479 272 1479 272 1478 274 1478 275 1478 278 1475 287 1469 304 1475 311 1478 313 1478 314 1478 387 1476 388 1476 393 1474 408 1469 435 1474 448 1476 449 1476 461 1474 486 1469 592 1472 593 1472 636 1463 651 1470 652 1470 653 1470 725 1463 739 1472 742 1475 743 1475 744 1475 746 1476 777 1476 777 1475 794 1472 856 1462 921 1462 937 1472 939 1474 941 1474 942 1474 943 1474 955 1472 1005 1462 1041 1471 1048 1474 1050 1474 1051 1474 1052 1474 1059 1471 1083 1463 1104 1471 1108 1449 1104 1409 1070 1415 1057 1409 1054 1406 1052 1406 1009 1406 1008 1406 1007 1406 1002 1409 986 1418 948 1418 935 1409 933 1406 931 1406 930 1406 903 1406 902 1406 900 1406 894 1409 877 1417 861 1409 855 1406 853 1406 852 1406 798 1407 796 1407 791 1410 773 1419 639 1419 612 1410 601 1407 600 1407 599 1407 597 1407 590 1410 565 1419 445 1413 444 1413 443 1413 417 1419 401 1413 400 1413 399 1413 337 1422 219 1422 207 1411 206 1410 205 1410 204 1410 175 1410 174 1410 172 1410 166 1411 137 1420 90 1413 92 1454"/></Shape>
	    <String CONTENT="meſnagee, que par meſme moyẽ ils n’accuſent"
                    HPOS="90.0"
                    VPOS="1406.0"
                    WIDTH="1018.0"
                    HEIGHT="73.0"
                    WC="0.9919019856236198"></String>
          </TextLine>
          <TextLine ID="line_24"
                    TAGREFS="LT8"
                    BASELINE="93 1513 1106 1508" 
                    HPOS="92.0"
                    VPOS="1469.0"
                    WIDTH="1014.0"
                    HEIGHT="68.0">
            <Shape><Polygon POINTS="93 1513 93 1527 155 1536 157 1536 158 1536 176 1528 179 1527 181 1528 196 1535 197 1535 198 1535 244 1528 258 1527 266 1528 298 1537 300 1537 301 1537 347 1530 369 1526 438 1530 519 1535 521 1535 522 1535 535 1531 551 1526 579 1531 597 1533 599 1533 600 1533 606 1531 622 1524 638 1531 639 1531 640 1531 642 1531 656 1524 800 1531 801 1531 803 1531 804 1531 814 1524 840 1532 850 1535 851 1535 852 1535 952 1533 954 1533 955 1533 974 1526 1003 1533 1004 1533 1005 1533 1007 1533 1008 1533 1009 1533 1030 1527 1103 1533 1106 1508 1102 1471 809 1479 798 1471 795 1469 794 1469 792 1469 769 1469 768 1469 766 1469 765 1469 762 1471 753 1478 697 1471 694 1471 692 1471 691 1471 690 1471 660 1479 643 1471 638 1469 636 1469 599 1469 597 1469 583 1471 540 1480 435 1472 434 1472 344 1482 266 1472 265 1472 263 1472 241 1482 179 1471 172 1471 171 1471 92 1471 93 1513"/></Shape>
	    <String CONTENT="to9 ceux qui ont manié la tutele auec eux: veu"
                    HPOS="92.0"
                    VPOS="1469.0"
                    WIDTH="1014.0"
                    HEIGHT="68.0"
                    WC="0.9921705253580784"></String>
          </TextLine>
          <TextLine ID="line_25"
                    TAGREFS="LT8"
                    BASELINE="93 1572 996 1570 1096 1572" 
                    HPOS="89.0"
                    VPOS="1523.0"
                    WIDTH="1006.0"
                    HEIGHT="74.0">
            <Shape><Polygon POINTS="91 1570 93 1597 118 1587 282 1587 294 1597 296 1597 298 1597 300 1597 315 1597 432 1587 452 1597 454 1597 456 1597 458 1597 489 1597 649 1587 684 1595 692 1597 694 1597 696 1597 711 1595 768 1587 1091 1593 1095 1570 1093 1525 175 1523 173 1523 89 1533 91 1570"/></Shape>
	    <String CONTENT="meſmes que non ſeulement le tuteur vnique,"
                    HPOS="89.0"
                    VPOS="1523.0"
                    WIDTH="1006.0"
                    HEIGHT="74.0"
                    WC="0.9936051723502931"></String>
          </TextLine>
          <TextLine ID="line_26"
                    TAGREFS="LT8"
                    BASELINE="92 1632 1096 1624" 
                    HPOS="89.0"
                    VPOS="1576.0"
                    WIDTH="1006.0"
                    HEIGHT="76.0">
            <Shape><Polygon POINTS="91 1630 91 1652 1093 1650 1095 1622 1091 1589 842 1576 840 1576 768 1589 614 1578 612 1578 610 1578 608 1578 586 1591 506 1580 504 1580 415 1591 372 1580 370 1580 368 1580 366 1580 335 1593 270 1582 269 1582 267 1582 218 1593 150 1582 148 1582 89 1595 91 1630"/></Shape>
	    <String CONTENT="mais auſſi celuy qui l’a eſté &amp; ne l’eſt plus, peut"
                    HPOS="89.0"
                    VPOS="1576.0"
                    WIDTH="1006.0"
                    HEIGHT="76.0"
                    WC="0.9868063594286258"></String>
          </TextLine>
          <TextLine ID="line_27"
                    TAGREFS="LT8"
                    BASELINE="93 1691 1018 1685 1098 1686" 
                    HPOS="89.0"
                    VPOS="1634.0"
                    WIDTH="1008.0"
                    HEIGHT="76.0">
            <Shape><Polygon POINTS="91 1689 91 1710 1097 1708 1095 1634 1043 1634 1017 1650 978 1636 914 1636 894 1650 773 1636 725 1652 643 1642 395 1654 348 1640 343 1640 317 1654 296 1644 226 1652 210 1640 202 1640 177 1654 134 1640 89 1650 91 1689"/></Shape>
	    <String CONTENT="tirer en iuſtice tous autres qui ſont ſuſpects"
                    HPOS="89.0"
                    VPOS="1634.0"
                    WIDTH="1008.0"
                    HEIGHT="76.0"
                    WC="0.9989852205566738"></String>
          </TextLine>
          <TextLine ID="line_28"
                    TAGREFS="LT8"
                    BASELINE="94 1752 1091 1746" 
                    HPOS="91.0"
                    VPOS="1698.0"
                    WIDTH="998.0"
                    HEIGHT="78.0">
            <Shape><Polygon POINTS="93 1751 93 1776 1087 1771 1089 1745 1085 1708 875 1698 873 1698 795 1708 760 1698 758 1698 756 1698 754 1698 752 1698 736 1710 734 1710 731 1710 528 1700 526 1700 259 1712 245 1702 243 1702 241 1702 107 1702 105 1702 103 1702 101 1702 91 1710 93 1751"/></Shape>
	    <String CONTENT="&amp; donner ordre qu’ils ne touchent à rien. Et"
                    HPOS="91.0"
                    VPOS="1698.0"
                    WIDTH="998.0"
                    HEIGHT="78.0"
                    WC="0.99273149172465"></String>
          </TextLine>
          <TextLine ID="line_29"
                    TAGREFS="LT8"
                    BASELINE="96 1810 941 1809 1096 1812" 
                    HPOS="93"
                    VPOS="1763"
                    WIDTH="1002"
                    HEIGHT="72">
            <Shape><Polygon POINTS="95 1808 93 1835 1093 1831 1095 1811 1091 1763 95 1769 95 1808"/></Shape>
	    <String CONTENT="pourtãt ceux qui ont promis s’employer pour"
                    HPOS="93"
                    VPOS="1763"
                    WIDTH="1002"
                    HEIGHT="72"
                    WC="0.9979885830120607"></String>
          </TextLine>
          <TextLine ID="line_30"
                    TAGREFS="LT8"
                    BASELINE="94 1870 1096 1866" 
                    HPOS="91"
                    VPOS="1821"
                    WIDTH="1004"
                    HEIGHT="74">
            <Shape><Polygon POINTS="93 1868 93 1891 294 1885 337 1889 386 1895 387 1895 389 1895 409 1889 423 1885 448 1889 495 1895 497 1895 499 1895 518 1887 526 1885 543 1887 590 1895 592 1895 631 1887 651 1884 672 1887 717 1893 719 1893 791 1885 812 1884 816 1885 826 1893 828 1893 830 1893 832 1895 955 1895 955 1893 957 1893 974 1884 990 1893 992 1893 994 1893 996 1893 1093 1882 1095 1864 1091 1821 177 1821 175 1821 91 1831 93 1868"/></Shape>
	    <String CONTENT="tout vn empire ou Royaume, comme le Con¬"
                    HPOS="91"
                    VPOS="1821"
                    WIDTH="1004"
                    HEIGHT="74"
                    WC="0.9900981083512306"></String>
          </TextLine>
          <TextLine ID="line_31"
                    TAGREFS="LT8"
                    BASELINE="93 1927 1004 1927 1096 1923" 
                    HPOS="89"
                    VPOS="1876"
                    WIDTH="1006"
                    HEIGHT="72">
            <Shape><Polygon POINTS="91 1926 91 1948 1093 1946 1095 1921 1089 1882 824 1887 812 1878 807 1878 762 1887 731 1876 723 1876 709 1887 664 1878 653 1889 557 1889 501 1876 432 1887 376 1876 370 1876 358 1887 311 1878 272 1887 263 1876 157 1876 89 1887 91 1926"/></Shape>
	    <String CONTENT="neſtable, les Mareſchaux, Pairs &amp; autres, eſtãs"
                    HPOS="89"
                    VPOS="1876"
                    WIDTH="1006"
                    HEIGHT="72"
                    WC="0.9779384061694145"></String>
          </TextLine>
          <TextLine ID="line_32"
                    TAGREFS="LT8"
                    BASELINE="94 1989 1096 1987" 
                    HPOS="93"
                    VPOS="1948"
                    WIDTH="1003"
                    HEIGHT="79">
            <Shape><Polygon POINTS="94 1989 94 2010 107 2017 109 2017 110 2017 157 2010 187 2024 188 2024 189 2024 191 2024 240 2010 315 2010 324 2017 326 2017 327 2017 328 2017 387 2010 426 2010 458 2026 460 2026 461 2027 532 2027 532 2026 534 2026 535 2026 544 2019 592 2026 593 2026 647 2024 648 2024 695 2009 742 2024 743 2024 744 2024 746 2024 774 2017 796 2024 798 2024 799 2026 909 2026 909 2024 911 2024 946 2011 1003 2017 1004 2017 1096 2006 1096 1987 1095 1957 1083 1949 1082 1949 1081 1949 1080 1949 1078 1949 1044 1958 926 1958 890 1948 889 1948 887 1948 886 1948 885 1948 872 1958 785 1958 772 1949 770 1949 769 1949 648 1948 647 1948 577 1960 478 1960 462 1949 461 1949 460 1949 422 1949 421 1949 419 1949 397 1958 185 1950 184 1950 183 1950 165 1958 115 1949 114 1949 113 1949 93 1958 94 1989"/></Shape>
	    <String CONTENT="en prouinces &amp; ceux qui font vne prouince"
                    HPOS="93"
                    VPOS="1948"
                    WIDTH="1003"
                    HEIGHT="79"
                    WC="0.9994648622303475"></String>
          </TextLine>
        </TextBlock>
        <TextBlock HPOS="358.0"
                   VPOS="88.0"
                   WIDTH="388.0"
                   HEIGHT="60.0"
                   ID="block_1"
                   TAGREFS="BT18">
          <Shape><Polygon POINTS="746 88 746 148 358 148 358 88"/></Shape>
          <TextLine ID="line_0"
                    TAGREFS="LT8"
                    BASELINE="365 123 738 123" 
                    HPOS="364.0"
                    VPOS="91.0"
                    WIDTH="372.0"
                    HEIGHT="53.0">
            <Shape><Polygon POINTS="364 122 364 144 736 144 736 122 736 91 364 91 364 122"/></Shape>
	    <String CONTENT="QVESTION."
                    HPOS="364.0"
                    VPOS="91.0"
                    WIDTH="372.0"
                    HEIGHT="53.0"
                    WC="0.9999978144963583"></String>
          </TextLine>
        </TextBlock>
        <TextBlock HPOS="1035.0"
                   VPOS="82.0"
                   WIDTH="84.0"
                   HEIGHT="67.0"
                   ID="block_0"
                   TAGREFS="BT15">
          <Shape><Polygon POINTS="1119 82 1119 149 1035 149 1035 82"/></Shape>
          <TextLine ID="line_1"
                    TAGREFS="LT8"
                    BASELINE="1043 127 1109 126" 
                    HPOS="1039.0"
                    VPOS="83.0"
                    WIDTH="68.0"
                    HEIGHT="78.0">
            <Shape><Polygon POINTS="1097 83 1078 83 1058 83 1039 83 1041 126 1041 161 1107 153 1107 124 1101 83 1097 83"/></Shape>
	    <String CONTENT="233"
                    HPOS="1039.0"
                    VPOS="83.0"
                    WIDTH="68.0"
                    HEIGHT="78.0"
                    WC="0.9994651675224304"></String>
          </TextLine>
        </TextBlock>
        <TextBlock HPOS="1099.0"
                   VPOS="1537.0"
                   WIDTH="184.0"
                   HEIGHT="411.0"
                   ID="block_2"
                   TAGREFS="BT100009">
          <Shape><Polygon POINTS="1283 1537 1283 1948 1099 1948 1099 1537"/></Shape>
          <TextLine ID="eSc_line_393317df"
                    TAGREFS="LT8"
                    BASELINE="1115 1573 1268 1573" 
                    HPOS="1113"
                    VPOS="1519"
                    WIDTH="154"
                    HEIGHT="74">
            <Shape><Polygon POINTS="1113 1572 1113 1589 1265 1593 1267 1572 1265 1519 1113 1527 1113 1572"/></Shape>
	    <String CONTENT="L.3D. de"
                    HPOS="1113"
                    VPOS="1519"
                    WIDTH="154"
                    HEIGHT="74"
                    WC="0.9400260522961617"></String>
          </TextLine>
          <TextLine ID="eSc_line_cfbd7b35"
                    TAGREFS="LT8"
                    BASELINE="1115 1621 1267 1623" 
                    HPOS="1111"
                    VPOS="1580"
                    WIDTH="154"
                    HEIGHT="62">
            <Shape><Polygon POINTS="1113 1619 1111 1642 1263 1640 1265 1622 1261 1580 1113 1583 1113 1619"/></Shape>
	    <String CONTENT="adminiſt."
                    HPOS="1111"
                    VPOS="1580"
                    WIDTH="154"
                    HEIGHT="62"
                    WC="0.999611324734158"></String>
          </TextLine>
          <TextLine ID="eSc_line_f55c81f9"
                    TAGREFS="LT8"
                    BASELINE="1115 1674 1208 1673 1273 1675" 
                    HPOS="1111"
                    VPOS="1636"
                    WIDTH="160"
                    HEIGHT="62">
            <Shape><Polygon POINTS="1113 1673 1113 1698 1269 1691 1271 1673 1269 1640 1111 1636 1113 1673"/></Shape>
	    <String CONTENT="&amp; peric."
                    HPOS="1111"
                    VPOS="1636"
                    WIDTH="160"
                    HEIGHT="62"
                    WC="0.9999023005366325"></String>
          </TextLine>
          <TextLine ID="line_33"
                    TAGREFS="LT8"
                    BASELINE="1112 1718 1269 1721" 
                    HPOS="1109.0"
                    VPOS="1681.0"
                    WIDTH="158.0"
                    HEIGHT="68.0">
            <Shape><Polygon POINTS="1111 1716 1109 1735 1189 1749 1191 1749 1265 1741 1267 1720 1261 1681 1226 1691 1111 1685 1111 1716"/></Shape>
	    <String CONTENT="tutor. &amp;"
                    HPOS="1109.0"
                    VPOS="1681.0"
                    WIDTH="158.0"
                    HEIGHT="68.0"
                    WC="0.9963595643639565"></String>
          </TextLine>
          <TextLine ID="line_34"
                    TAGREFS="LT8"
                    BASELINE="1113 1769 1267 1766" 
                    HPOS="1109.0"
                    VPOS="1732.0"
                    WIDTH="156.0"
                    HEIGHT="58.0">
            <Shape><Polygon POINTS="1111 1767 1111 1788 1261 1790 1265 1765 1261 1735 1109 1732 1111 1767"/></Shape>
	    <String CONTENT="&amp; curd.3."
                    HPOS="1109.0"
                    VPOS="1732.0"
                    WIDTH="156.0"
                    HEIGHT="58.0"
                    WC="0.9642213980356852"></String>
          </TextLine>
          <TextLine ID="eSc_line_ea489468"
                    TAGREFS="LT8"
                    BASELINE="1111 1815 1273 1815" 
                    HPOS="1109"
                    VPOS="1774"
                    WIDTH="162"
                    HEIGHT="71">
            <Shape><Polygon POINTS="1109 1813 1109 1833 1269 1845 1271 1813 1271 1776 1109 1774 1109 1813"/></Shape>
	    <String CONTENT="D. de ſuſ¬"
                    HPOS="1109"
                    VPOS="1774"
                    WIDTH="162"
                    HEIGHT="71"
                    WC="0.9989404141902923"></String>
          </TextLine>
          <TextLine ID="eSc_line_14fec0b0"
                    TAGREFS="LT8"
                    BASELINE="1112 1861 1269 1865" 
                    HPOS="1109"
                    VPOS="1829"
                    WIDTH="158"
                    HEIGHT="58">
            <Shape><Polygon POINTS="1111 1860 1109 1885 1263 1887 1267 1864 1265 1835 1111 1829 1111 1860"/></Shape>
	    <String CONTENT="pect.tutor."
                    HPOS="1109"
                    VPOS="1829"
                    WIDTH="158"
                    HEIGHT="58"
                    WC="0.9982350739565763"></String>
          </TextLine>
          <TextLine ID="eSc_line_7cd1e017"
                    TAGREFS="LT8"
                    BASELINE="1110 1918 1255 1915" 
                    HPOS="1107"
                    VPOS="1878"
                    WIDTH="146"
                    HEIGHT="72">
            <Shape><Polygon POINTS="1109 1917 1109 1950 1253 1934 1253 1913 1247 1878 1107 1878 1109 1917"/></Shape>
	    <String CONTENT="&amp; curat."
                    HPOS="1107"
                    VPOS="1878"
                    WIDTH="146"
                    HEIGHT="72"
                    WC="0.9990801215171814"></String>
          </TextLine>
        </TextBlock>
      </PrintSpace>
    </Page>
  </Layout>
</alto>
