1436 2338
175.0 154.0 181.0 82.0 Aſauoir ſi

175.0 216.0 169.0 63.0 la preſcri¬

175.0 271.0 148.0 57.0 ption du¬

175.0 318.0 156.0 56.0 tẽps peut

175.0 366.0 160.0 48.0 abolir le

171 403 148 62 droit du

175.0 461.0 123.0 85.0 peuple.

356.0 106.0 97.0 68.0 124

401 163 957 85 MAIS, à l’auanture, quelqu’vn repliquera,

362 226 992 79 Tu nous propoſes ici des Pairs, des Seigneurs,

354.0 282.0 1002.0 82.0 des Officiers de la Couronne. Au contraire,

354.0 346.0 1004.0 82.0 de ma part, ie ne voy plus que des maſques &

354 401 1000 74 des robes à l’antique, comme s’il faloit ſe pre¬

350.0 465.0 1008.0 82.0 ſenter ſur vn eſchafaud: ie n’apperçoy pour le

352.0 527.0 1004.0 71.0 preſent preſques aucunes traces de l’ancienne

354.0 586.0 1000.0 80.0 liberté & autorité. Qui pis eſt, on apperçoit

348.0 642.0 1006.0 73.0 vne grãd' partie de tels Officiers n’auoir ſoin

346.0 699.0 1008.0 80.0 que de leurs afaires particulieres, faire les bouf

348.0 763.0 1004.0 68.0 fons & flatteurs autour des Rois, ſe iouër à la

344.0 828.0 1006.0 70.0 pelotte du peuple: à peine en trouuera-on vn

344.0 882.0 1004.0 68.0 qui ait compaſſion des pauures ſuiets eſcor¬

342.0 941.0 1004.0 81.0 chez & rongez iuſques aux os, ne qui leur ten¬

344.0 1001.0 1002.0 76.0 de la main. Si quelques vns ont ou ſont eſtimez

340.0 1067.0 1006.0 61.0 auoir ceſte volonté, on les condamne comme

337.0 1118.0 1007.0 72.0 rebelles & ſeditieux, ils ſont contrains fuir au

335.0 1178.0 1009.0 78.0 haut & loin, pour y viure auec grande incom¬

333.0 1239.0 1011.0 76.0 modité. Que peut-on reſpondre à cela? La

323.0 1301.0 1019.0 74.0 choſe paſſe ainſi. L’audace des Rois, l’ignoran¬

333.0 1359.0 1005.0 76.0 ce en partie, & par fois la meſchante conſcien¬

333.0 1418.0 1001.0 80.0 ce des principaux en vn Royaume, a eſté preſ¬

328.0 1484.0 1010.0 64.0 ques touſiours telle par tout le monde, qu’il

323.0 1541.0 1012.0 70.0 ſemble que la licence dont pluſieurs Rois ſe

326.0 1604.0 1007.0 71.0 targuent auiourd’huy, & qui les rend inſuppor

324.0 1663.0 1010.0 69.0 tables, a comme acquis droit par preſcription

323.0 1724.0 1010.0 68.0 de long temps: & que le peuple a taiſiblement

326.0 1782.0 1003.0 67.0 quitté ſon autorité, ou l’a perdue du tout, fau¬

319.0 1837.0 1009.0 71.0 te de s’en aider. C’eſt ce qui auient ordinaire¬

322.0 1900.0 1006.0 70.0 ment, que perſonne ne ſe ſoucie des choſes

320.0 1962.0 1006.0 75.0 dont & grands & petis deuroyent eſtre ſoi¬

639.0 113.0 431.0 55.0 TROISTESME

1178.0 2031.0 150.0 69.0 gneux
