1388 2338
44 149 1011 89 aprouuez & nommez Rois lors ſeulemẽt qu’ils

44 216 1016 80 auoyent eſté inueſtis du Royaume, & receu le

44 275 1017 82 ſceptre & le diademe par les mains de ceux qui

44 333 1016 82 repreſentoyent la Maieſté du peuple. On void

46 394 1013 77 les marques treſeuidẽtes de cela és Royaumes

49 452 1010 80 Chreſtiẽs que lon eſtime hereditaires auiour¬

46 510 1015 82 d’huy. Car les Rois de Frãce, d’Eſpagne, d’An

49 571 1010 81 gleterre, & les autres ſont couſtumieremẽt ſa¬

48 633 1008 76 crez & cõme mis en poſſeſsion de leur charge,

51 692 1014 80 par les Eſtats, Pairs, Seigneurs du Royaume, &

50 749 1015 80 officiers de la couronne, qui repreſentẽt tout

50 810 1014 79 le corps du peuple: ne plus ne moins que les

49 867 1012 79 Empereurs d’Alemagne ſont nommez par les

50 926 1011 81 Electeurs, & les Rois de Pologne par les Vay¬

50 989 1014 73 uodes ou Palatins du Royaume, où l’election

49 1044 1016 74 maintient encores ſon droit. Auſsi les villes du

53 1102 1011 85 Royaume ne font hõneur Royal ni magnifi¬

53 1163 1012 80 cence d’entree aux Rois, qu’apres leur ſacre &

53 1230 1015 63 couronnement: & anciennemẽt lon ne cõtoit

55 1282 1009 83 Ie tẽps de leur regne ſinõ depuis le iour de leur

53 1343 1010 77 ſacre, ce qui s’eſt eſtroitemẽt obſerué en Frãce.

349 111 373 44 QVESTTON.

972 87 87 77 103

109 1410 947 68 MAIS de peur que l’ordre cõtinué de quel

54 1459 1002 78 ques ſucceſsiõs ne nous deçoiue, ſachons que

57 1518 998 74 les Eſtats de ces Royaumes, ont ſouuẽt preferé

58 1578 998 76 le couſin au fils, & le puiſné à l’aiſné. Cõme en

57 1639 1007 72 Frãce, Louys fut preferé à ſon frere Robert,

61 1697 1005 79 Cõte d’Eureux: itẽ Henri à Robert neueu de

62 1758 1004 77 Capet. Qui plus eſt, par l’autorité du peuple au

59 1832 1007 63 meſme royaume, du viuant des legitimes heri¬

61 1879 1011 71 tiers a eſté trãſporté d’vne race en autre, cõme

62 1934 1007 75 de celle de Merouee en celle de Charlemagne,

63 1993 1009 90 & de celle de Charlem. en celle de Hue Capet:

1068 1389 164 78 Voyez les

1068 1459 148 54 Annales

1068 1504 152 72 de N.Gil

1066 1550 54 61 les.
