1402 2338
980 107 63 58 79

350.0 109.0 377.0 46.0 QV ES ITON.

40.0 146.0 1017.0 82.0 Saul de quitter Dauid pour penſer ailleurs, &

40.0 218.0 1016.0 67.0 que les ennemis voiſins qu’Antiochus voyoit

37.0 274.0 1014.0 74.0 fondre ſur ſes bras l’empeſchoyent de pour¬

37.0 332.0 1019.0 70.0 ſuiure les Machabees. Voila donc les mar¬

40.0 393.0 1015.0 74.0 ques qui diſtinguent & ſeparẽt aſſez ceux dont

37.0 453.0 812.0 73.0 nous parlons d’auecques les rebelles.

92.0 513.0 960.0 70.0 MAIS voici encores vn autre teſmoigna¬

42.0 565.0 1009.0 79.0 ge bien euident de leur bon droit, c’eſt qu’ils

37.0 657.0 1016.0 45.0 le ſouſtrayent ceſſement, quen'toit que la

37.0 687.0 1015.0 74.0 cauſe de ce deſpart eſt leuee, & ſi quelque ex¬

37.0 748.0 1012.0 72.0 treme neceſſité ne les empeſche, ils retour¬

37.0 804.0 1015.0 71.0 nent à leur premier eſtat. Lors il faut dire

40.0 865.0 1009.0 76.0 qu’ils ne ſe ſont pas ſouſtraits arriere du Roy

37.0 924.0 1016.0 74.0 ni arriere de la Republique: ains qu’ils auoyent

38.0 983.0 1011.0 70.0 quitté Ioram, Antiochus, & en ſomme la ty¬

37.0 1046.0 1016.0 68.0 rannie & puiſſance illegitime d’vn ſeul, ou de

38.0 1104.0 1015.0 74.0 pluſieurs particuliers, qui n’auoyent autori¬

38.0 1165.0 1015.0 62.0 té ni droit de commander comme ils comman

38.0 1223.0 1018.0 68.0 doyent. Les docteurs de Sorbonne nous ont

38.0 1279.0 1013.0 78.0 aprins cela maintesfois, dequoy nous allegue¬

37.0 1337.0 1016.0 76.0 rons ici quelques exemples. Enuiron l’an mil

40.0 1398.0 1011.0 65.0 trois cens, le Pape Boniface huitieſme ſe vou¬

40.0 1458.0 1012.0 74.0 loit aproprier les Regales apartenantes au

42.0 1515.0 1003.0 76.0 Roy de France. Philippe le Bel, lors Roy, le

42.0 1576.0 1000.0 74.0 tança bien rudement, & luy eſcriuit des let¬

40.0 1646.0 1007.0 56.0 tres bien aſpres, de telle teneur, PHILIP¬

42.0 1687.0 1005.0 78.0 PE, par la grace de Dieu Roy des Fran¬

42.0 1745.0 1005.0 84.0 çois, à Boniface ſoy diſant Souuerain Eueſ¬

42.0 1810.0 1005.0 77.0 que, peu ou du tout point de ſalut. Soit a¬

40.0 1864.0 1007.0 76.0 uertie ta grande folie & eſgaree temeri¬

40.0 1924.0 1007.0 94.0 té qu’aux choſes temporelles nous n’auons

1061.0 1504.0 142.0 61.0 Annales

1057.0 1548.0 156.0 61.0 de Frãce.

1057.0 1601.0 159.0 56.0 Registres

1062 1646 158 60 de la chã¬

1062 1693 115 66 bre des

1062 1735 160 63 comptes à

1064.0 1797.0 101.0 72.0 Paris.
