1445 2343
328 105 67 79 10

335 171 1017 71 menceront ils? Car tout ce qui eſt mis en a¬

337 236 1016 68 uant en ces Queſtions eſt prouué par teſmoi¬

339 296 1017 73 gnages expres de l’Eſcriture ſaincte, alleguez à

335 357 1017 71 propos: item par les preceptes & enſeignemẽs

335 413 1018 71 tirez de la philoſophie morale, politique & na

335 473 1017 71 turelle: par les loix, par les auis des Iuriſcon¬

337 534 1014 68 ſultes, par les edits des Empereurs, par les

337 600 1015 54 mœurs & couſtumes de diuerſes nations, ſelon

338 650 1011 72 les notables exẽples qui en ſont propoſez par

335 950 1012 66 ſequences les cauſes & maximes ou reigles,

329 1008 1022 68 qu’il propoſe aux lecteurs, & monte comme

338 1068 1014 69 par degrez iuſqu’au plus haut de ce qu’on peut

335 1129 1016 64 attaindre en telles matieres: tellement qu’à la

334 1185 1017 71 façon des Geometres (qu’il ſemble auoir vou¬

334 1245 1010 69 lu enſuiure en cead’vn point il tire vne ligne,

333 1304 1011 71 d’vne ligne la ſuperfice, & d’icelle le corps en¬

333 1365 1016 68 tier: qui eſt vne maniere de demõſtrer & prou

331 1421 1016 69 uer la plus claire & briefue qu’il eſt poſsible.

330 1479 1018 72 En eſpluchant ces Queſtions, il s’eſt porté fort

330 1542 1016 68 modeſtement, deſireux de recercher ſoigneu¬

328 1599 1016 71 ſement & tirer la verité comme du fond d’vn

328 1662 1019 69 puits. Ceux qui ne la voudront regarder eſtant

328 1724 1012 65 maintenãt au iour & expoſee aux yeux de tous,

325 1779 1017 69 ſont du tout meſchãs: & ceux-là du tout aueu¬

328 1840 1015 72 gles qui ne pourront voir ce que tout le mon¬

326 1897 1010 72 de void. Ces Queſtions eſtans ainſi expliquees,

328 1957 1016 68 on void aſſez quel eſt & doit eſtre le droit &

329 2016 1011 88 deuoir du Prince enuers le peuple, & du peu¬

679 109 337 58 PREFACE.

338 709 1013 70 beaucoup d’hiſtoriens. Quant à la façon d’en¬

338 769 1011 73 ſeigner, (ie parle aux Pliſloſophes & diſpu¬

338 834 1014 65 teurs) pour prouuer plus elairement & certai¬

337 891 1015 63 nement ſon dire, il recueille des effects & con
