1431 2338
96 177 1010 84 ſoyent, & les menaçãt de tous maux s’ils y con¬

96 248 1011 70 tretenoyent. En ſomme il les aſſeura de toute

98 305 1005 76 proſperité s’ils obſeruoyent la Loy, & au con¬

96 361 1010 76 traire leur declaira par expres qu’ils ſeroyent

97 422 1007 71 du tout ruinez, faiſant le contraire. Auſsi tou¬

97 481 1010 72 tes & quantesfois qu’ils delaiſſent le ſeruice

98 540 1005 70 de Dieu ils ſont liurez és mains des Chana¬

98 602 1005 70 neens, & rendus eſclaues de la tyrannie. Or ce¬

97 659 1007 74 ſte alliance entre Dieu & le peuple du temps

101 718 1005 80 des luges, eut vigueur auſsi du temps des Rois

101 780 1005 75 & fut traittee auec eux. Apres que Saul euſt e¬

100 835 1008 80 ſtéoinct, eſleu & du tout eſtabli Roy, Samuel

101 894 1000 86 parla au peuple en tels termes, Voici le Roy

103 958 1001 72 que vous auez demandé & eſleu. Dieu l’a eſta¬

103 1014 1001 77 bli Roy ſur vous. Obeiſſez & ſeruez à Dieu,

102 1078 1005 76 tant vous que voſtre Roy qui eſt eſtabli ſur

105 1141 1004 70 vous: autrement vous & voſtre Roy perirez.

105 1197 1001 74 Comme s’il diſoit, Vous auez voulu vn Roy,

102 1256 1017 76 & Dieu vous a donné ceſtuy-ci. Ne penſez pas

105 1318 1008 77 toutesſois que Dieu vueille qu’on rongne

106 1376 1013 76 quelque choſe de ſon droit: ains ſachez que le

107 1431 1014 82 Roy eſt obligé à obſeruer la Loy d’iceluy auſ¬

106 1493 1015 78 ſi bien que vous, & que s’il ne le fait, meſme

106 1553 1019 78 chaſtiment luy eſt appreſté qu’à vous: brief

109 1615 1012 78 que Saul vous eſt donné pour Roy pour mar¬

106 1674 1016 75 cher deuant vous en guerre, ſelon voſtre deſir:

106 1728 1020 76 mais à cõditiõ qu’il ſuiue auſsi la Loy de Dieu.

473 133 366 57 QVES HMOI.

1058 122 55 70 21

1115 884 165 66 1.Sam.12.

167 1802 944 60 APRES la reiection de Saul, pource qu’il

107 1847 1010 79 n’auoit pas tenu promeſſe, Dauid fut eſta¬

109 1909 1013 77 bli Roy à meſme condition, comme auſsi

111 1970 1008 86 le fut ſon fils Salomon. Car le Seigneur

1130 1806 143 66 1.Rois 2.

1130 1864 156 72 4,&6.12.
