1412 2338
349 81 58 84 72

350.0 171.0 1011.0 56.0 Ies Electeurs de Princes de l’Eimpirestant laico

353.0 209.0 1004.0 80.0 qu’Eccleſiaſtiques, s’y trouuent en perſonne,

352.0 272.0 1006.0 70.0 ou y enuoyent leurs ambaſſadeurs. Les Pre¬

352.0 328.0 1008.0 75.0 lats, Comtes, Barons, & tous les deputez des

352.0 390.0 1004.0 71.0 villes Imperiales y viennent auſsi, auec man¬

348.0 449.0 1010.0 70.0 dement ſpecial. Lors ils font hommage à l’Em

350.0 515.0 1007.0 66.0 pereur, ou pour eux-meſmes, ou pour ceux

346.0 570.0 1011.0 67.0 qu’ils repreſentent, auec & ſous certaines con

342.0 628.0 1012.0 73.0 ditions. Or maintenant, preſuppoſons qu’vn

341.0 683.0 1016.0 78.0 de ceux-là qui a fait hommage volontairemẽt

340.0 744.0 1009.0 78.0 taſche puis apres de degrader l’Empereur,

344.0 806.0 1010.0 72.0 pour ſe mettre en ſa place: que les Princes &

341.0 863.0 1012.0 72.0 Barons denient à leur Souuerain le ſecours &

341.0 922.0 1011.0 74.0 tribut qu’ils luy doiuent, & que meſmes ils

340.0 981.0 1012.0 74.0 s’entendent auec l’autre qui conſpire pour ſe

342.0 1045.0 1010.0 72.0 emparer du throne Imperial: eſtimez-vous

342.0 1101.0 1003.0 75.0 que ceux de Strasbourg ou de Nuremberg,

341 1153 1006 84 qui ont obligé leur foy au legitime Empereur

344.0 1223.0 1004.0 66.0 n’ayent droit de reprimer & forclorre ce bri¬

349.0 1278.0 996.0 72.0 gand-là? Mais au contraire, s’ils ne le font,

346.0 1339.0 1002.0 68.0 s’ils ne donnent ſecours à l’Empereur en telle

345.0 1397.0 1004.0 70.0 neceſsité, penſez-vous qu’ils ayent ſatisfait à

347.0 1453.0 998.0 80.0 leur promeſſe? veu que celuy qui n’a conſerué

347 1513 996 78 ſon gouuerneur, lors qu’il auoit moyen de ce

347 1574 992 74 faire, doit eſtre tenu auſsi coulpable que celuy

347.0 1630.0 557.0 68.0 qui a commis la violence.

696.0 97.0 306.0 60.0 SECONDE

177.0 1482.0 156.0 64.0 L.3.l.om¬

177 1521 156 64 ne delict.

181 1570 152 68 S. vlt.D

180.0 1624.0 155.0 69.0 de re mil.

418.0 1696.0 927.0 61.0 SI ainſi eſt (comme chaſcun le reconoit

342.0 1753.0 1002.0 70.0 aſſez) eſt-il pas loiſible à ceux de Lobna & de

341.0 1810.0 1003.0 74.0 Modin, & leur deuoir leur enioint-il pas d’en

342.0 1872.0 999.0 88.0 faire autant, ſi les autres Eſtats du royaume

1254.0 1943.0 82.0 88.0 ont
