1421 2338
294.0 93.0 77.0 79.0 238

297 161 1005 83 tion: & que les afaires de ce monde vont de

298 226 1000 74 telle ſorte, qu’à peine vn mal ſe peut-il guerir

296 287 1000 63 ſans vn autre mal, & ne ſauroit-on obtenir vn

298 344 1000 72 bien qu’auec fort grand trauail. Ils ont l’exem

298 400 999 85 ple du peuple d’Iſrael qui du temps de Salomõ

294 461 1006 75 ne refuſa point les grandes tailles impoſees

294 522 1008 75 pour le baſtiment du temple & la fortification

293 583 1005 76 du Royaume: pource que par l’auis de tous ce¬

294 641 1004 78 la eſtoit mis ſus pour la gloire de Dieu, &

297 701 999 79 pour l’ornement & entretenement du public.

296 758 1001 71 Auſsi ont-ils l’exemple de noſtre Sauueur Ie¬

296 818 1000 78 ſus Chriſt, lequel eſtant Roy des Rois, neant¬

296 878 999 77 moins pource qu’il conuerſoit au monde en

293 935 1007 84 autre qualité, & eſtoit homme priué & parti¬

294 996 1003 79 culier, paya volontairement le tribut. Si les

290 1058 1008 81 magiſtrats meſmes fauoriſent à la tyrannie, ou

292 1115 1004 82 ne s’y oppoſent pas formellement: que les par¬

293 1176 1002 80 ticuliers ſe ramentoiuent ce qui eſt dit au 34.

294 1232 1001 83 chapitre de Iob, qu’à cauſe des pechez du peu¬

296 1297 999 81 ple Dieu permet que les hypocrites regnent,

296 1357 1000 80 leſquels il n’eſt poſsible de ranger ni renuer¬

293 1413 1002 80 ſer, ſi les particuliers ne ſe repentent de leurs

292 1471 1004 85 fautes pour cheminer en l’obeiſſance de Dieu:

292 1531 1008 78 tellement qu’il ne faut apporter autre choſe

294 1593 1002 79 que les genoux ployez & vn cœur humilié.

292 1649 1000 82 Brief, qu’ils ſupportent les mauuais Princes,

294.0 1710.0 999.0 83.0 qu’ils en ſouhaitent de meilleurs, eſtimans

294.0 1772.0 1001.0 84.0 qu’il faut ſupporter la tyrannie auſsi patiem¬

292.0 1828.0 1001.0 83.0 ment que lon ſupporteroit le dommage d’v¬

294.0 1891.0 1001.0 80.0 ne greſle, d’vne rauine d’eaux, d’vne tempeſte,

294.0 1949.0 1004.0 95.0 ou de tels autres accidens naturels: s’ils n’ai¬

598.0 97.0 433.0 72.0 TROISIESME

1162.0 2014.0 138.0 64.0 ment
