1440 2338
64.0 171.0 1029.0 78.0 ſclaues & les enfans legitimes entre les ſei¬

67.0 233.0 1028.0 77.0 gneurs & les peres, & neantmoins iadis entre

66.0 289.0 1030.0 81.0 les Payens il n’a eſté permis aux maiſtres de

64.0 348.0 1028.0 81.0 traiter cruellement leurs eſclaues: ie vous prie

71.0 405.0 1020.0 89.0 que dirons nous de ce pere du peuple, lequel

66.0 470.0 1024.0 79.0 s’eſcriera tragiquement auec Atreus, I’en¬

68.0 526.0 1019.0 81.0 gloutiraymes enfans? En quelle eſtime aurõs¬

63.0 587.0 1023.0 80.0 nous le Prince qui prend tel plaiſir au maſſacre

63.0 644.0 1014.0 83.0 de ſes ſuiets condamnez ſans auoir eſté ouis,

70.0 702.0 1011.0 86.0 qu’il en deſpeſche pluſieurs milliers en vn iour

66.0 763.0 1016.0 83.0 & ne ſe peut ſaouler de ſang: brief, qui à l’exẽ¬

68.0 822.0 1013.0 83.0 ple de Caligula (ſurnõmé le Phaëthõ du mon¬

63.0 880.0 1018.0 90.0 de) deſire ſouuẽt q̃ ſõ peuple n’ait qu’vne teſte,

64.0 940.0 1018.0 88.0 afin de la pouuoir abatre d’vn ſeul coup? ſera il

66.0 1002.0 1015.0 87.0 point permis d’implorer le ſecours de la Loy

63.0 1062.0 1020.0 79.0 contre vne telle fureur, & arracher à vn tel cõ¬

64.0 1126.0 1016.0 80.0 me à vn tyran le glaiue qu’il a receu pour gar¬

67.0 1180.0 1011.0 82.0 der la loy & maintenir les bons, mais par luy

66.0 1239.0 942.0 85.0 deſgainé à les eſgorger & à ruiner les loix?

393.0 111.0 386.0 58.0 QVESTION.

1007 105 90 93 157

130.0 1311.0 943.0 80.0 VOYONS conſequemment, ſi le Roy, que

67.0 1361.0 1000.0 80.0 nous auons dit n’auoir puiſſance ſur la vie de

62.0 1410.0 1013.0 101.0 ſes ſuiets, n’eſt point au moins ſeigneur de

64.0 1470.0 1011.0 98.0 leurs biens. Pour le iourd’huy il n’y a langage

64.0 1533.0 1011.0 93.0 plus cõmun à la ſuite des Princes, que de ceux

68.0 1597.0 1014.0 88.0 qui diſent que tout eſt au Roy. Dont il s’enſuit

71.0 1682.0 1010.0 63.0 qu'’en preane queique choie de les ſuiets il ne

66.0 1721.0 1014.0 84.0 tire que ce qui eſt le ſien, & ce qu’il leur laiſſe

66.0 1779.0 1012.0 82.0 monſtre le ſoin qu’il a de leur donner moyen

70.0 1834.0 1010.0 89.0 de ſe maintenir: & ceſte opinion s’eſt tellemẽt

66.0 1900.0 1010.0 82.0 auancee en l’entendement de quelques Prin¬

67.0 1956.0 1013.0 100.0 ces, qu’ils n’ont point de hõte de dire que tout

1087.0 1315.0 162.0 58.0 Aſauoir ſi

1081.0 1357.0 121.0 53.0 tous les

1089.0 1396.0 134.0 73.0 piens du

1085 1453 156 66 peuple ap¬

1087 1498 146 78 partiẽnẽt

1087 1546 123 84 au Roy¬
