1417 2343
78.0 167.0 1016.0 82.0 ble. Quant aux gouuerneurs, voyans que cela

78.0 236.0 1013.0 79.0 attiteroit quelque mal ſur le peuple, ils reſtif¬

78.0 288.0 1014.0 82.0 uent quelque peu du commencement: puis ils

78.0 351.0 1016.0 74.0 font ceſte deſcription comme par maniere

79.0 404.0 1013.0 82.0 d’acquit. Gependant tout le peuple eſt cha¬

76.0 464.0 1018.0 80.0 ſtié: & non ſeulement Dauid, mais auſſi les an¬

78.0 525.0 1016.0 77.0 ciens d’Iſrael, qui repreſentent tout le corps

76.0 584.0 1021.0 82.0 du peuple, veſtent la haire & ſe couurent de

75.0 648.0 1016.0 75.0 cendres: ce qui toutesfois n’eſtoit auenu ni n’a¬

78.0 702.0 1018.0 82.0 uoit eſté pratiqué lors que Dauid ſe ſouilla

78.0 764.0 1012.0 78.0 d’vn horrible meurtre & d’vn vilain adultere.

80.0 825.0 1017.0 82.0 Qui ne void en ce dernier fait que tous auoyẽt

82.0 882.0 1012.0 82.0 peché & deuoyent ſe repentir, & que finale¬

78.0 939.0 1016.0 76.0 ment ils ont eſté chaſtiez tous? aſauoir Dauid,

82.0 1002.0 1014.0 83.0 qui auoit irrité Dieu par inique commande¬

78.0 1060.0 1022.0 82.0 ment, les Gouuerneurs, qui comme Pairs & aſ¬

79.0 1123.0 1024.0 77.0 ſeſſeurs du royaume deuoyent s’oppoſer au

80.0 1183.0 1020.0 79.0 Roy au nom de tout Iſrael, par leur conniuen¬

80.0 1243.0 1024.0 79.0 ce ou trop molle reſiſtance, & tout le peuple

79.0 1301.0 1022.0 81.0 auſſi qui eſtoit comparu pour ſe faire enrool¬

80.0 1361.0 1021.0 77.0 ler. Pour le regard de Dieu, faiſant en ceſt en¬

82.0 1418.0 1023.0 75.0 droit comme vn ſouuerain chef & general de

84.0 1477.0 1021.0 82.0 quelque armee, il a chaſtié la faute de tout le

82.0 1543.0 1026.0 76.0 camp par vn alarme donné par tout, & par le

80.0 1599.0 1025.0 85.0 ſupplice de quelques particuliers qu’il a prins

83.0 1660.0 1021.0 80.0 entre les autres, pour tenir en bride tout le

82 1731 149 65 reſte.

392.0 123.0 381.0 48.0 QVESTTON.

1022 99 66 70 59

132.0 1782.0 966.0 76.0 MAIS dites moy pourquoy, apres que le

82.0 1835.0 1006.0 83.0 Roy Manaſſes euſt pollué le temple de Ieruſa¬

82.0 1897.0 1008.0 78.0 lem, nous liſons que Dieu tança non ſeule¬

80.0 1952.0 1018.0 102.0 ment Manaſſes, ains auſſi taut le peuple?

1106 1755 121 76 2. Roi¬

1112.0 1826.0 104.0 52.0 24.4.

1109.0 1867.0 151.0 52.0 2.Chron.

1106.0 1909.0 111.0 63.0 3310.

1106 1956 164 68 Iere.15.4.
