1412 2338
124 154 958 81 ON replique incontinent à cela, que tel¬

55 220 1025 72 les armes ont eſté aprouuees ſous la Loy: mais

55 279 1017 79 que depuis la grace apportee par Ieſus Chriſt,

55.0 340.0 1019.0 73.0 qui n’a point voulu entrer en Ieruſalem ſur

54.0 427.0 1016.0 43.0 quelque braue cheual, ains monte lur vn aine,

51.0 458.0 1023.0 71.0 il ſemble que ceſte procedure ait prins fin. Ie

49.0 516.0 1027.0 76.0 reſpon premierement, que tous ſont d’accord

49.0 578.0 1023.0 71.0 auec moy que Ieſus Chriſt en tout le temps

51.0 637.0 1020.0 72.0 qu’il a conuerſé au monde n’a point fait offi¬

48.0 696.0 1024.0 74.0 ce de iuge ni de Roy, ains de ree & d’homme

50.0 755.0 1024.0 76.0 priué & ſimple particulier: tellement que c’eſt

50.0 817.0 1020.0 72.0 vne allegation hors de propos de dire qu’il

49.0 876.0 1018.0 70.0 n’a point manié les armes. Mais ie demande¬

49.0 939.0 1018.0 66.0 rois volontiers à tels repliqueurs, s’ils pen¬

46.0 992.0 1015.0 74.0 ſent qu’à la venue de Ieſus Chriſt les Magi¬

46.0 1054.0 1021.0 70.0 ſtrats ayent perdu le droit du glaiue? S’ils le

48.0 1115.0 1005.0 68.0 diſent, Sainct Paul les deſment, lequel dit que

44.0 1167.0 1018.0 70.0 le Magiſtrat ne porte point le glaiue ſans cau

44.0 1227.0 1022.0 70.0 ſe, & ne refuſe pas leur aſsiſtance & main for¬

45.0 1297.0 1018.0 68.0 te contre la violence de ceux qui auoyent ma¬

45.0 1353.0 1020.0 66.0 chiné ſa mort. Et s’ils s’accordent au dire de

45.0 1414.0 1017.0 71.0 l’Apoſtre, pourquoy les Magiſtrats porteront

45.0 1472.0 1012.0 71.0 ils le glaiue, ſinon afin de ſeruir à Dieu qui les

45.0 1533.0 1014.0 71.0 en a armez, pour garder les bons & punir les

42.0 1591.0 1017.0 67.0 mauuais? Sauroyent-ils faire meilleur ſeruice

46.0 1649.0 1012.0 72.0 que de garantir ſon Egliſe de la violence des

44.0 1706.0 1014.0 73.0 meſchans, & deliurer la bergerie de Ieſus

44.0 1769.0 1018.0 71.0 Chriſt du glaiue des meurtriers? Ie leur de¬

42.0 1832.0 1014.0 65.0 mande encores, s’ils eſtiment que tout port

44.0 1885.0 1012.0 67.0 d’armes ſoit defendu aux Chreſtiens? S’ils le

44.0 1945.0 1004.0 86.0 diſent, Pourquoy donc Ieſus Chriſt accorde¬

383.0 111.0 396.0 52.0 QVES IION.

1025.0 89.0 65.0 74.0 89

1070.0 1143.0 162.0 59.0 Rom.13.4

1070 1180 135 90 acta3.

1072 1239 55 66 17.
