1455 2338
395.0 122.0 402.0 57.0 QVESTION.

1029.0 122.0 65.0 59.0 139

101.0 188.0 1006.0 67.0 de la ſocieté humaine bien reiglee. Qui don¬

100.0 245.0 1012.0 66.0 ne ceſte Loy pour gouuernante aux Eſtats

98.0 296.0 1012.0 78.0 publics, il y introduit Dieu meſme: & qui s’en

96.0 357.0 1008.0 72.0 remet au Roy, il s’en fie à vne beſte. A quoy

98.0 414.0 1008.0 79.0 auſsi les Prophetes ſemblent auoir eu eſgard,

101.0 477.0 1009.0 75.0 qui en quelques endroits depeignent ces

102.0 532.0 1006.0 79.0 grands Empires ſous la figure de beſtes ra¬

98.0 600.0 226.0 63.0 uiſſantes.

163.0 660.0 946.0 58.0 MAIS au reſte, celuy-là eſt-il pas vne

98.0 713.0 1011.0 76.0 vraye beſte, qui aime mieux auoir pour gui¬

97.0 770.0 1017.0 76.0 de vn aueugle & inſenſé qu’vn homme voyant

100.0 854.0 1010.0 53.0 des yeux du corps & de l’ame ? C’eſt pour¬

100.0 893.0 1010.0 75.0 quoy, dit Ariſtote, eſtant auenu qu’ancie¬

97.0 948.0 1015.0 75.0 nement les Rois commandoyent de puiſſan¬

100.0 1007.0 1014.0 77.0 ce abſolue, ne propoſans pour Loy ſinon

100.0 1071.0 1013.0 70.0 leur volonté, quelque temps apres entre

100.0 1128.0 1015.0 73.0 les peuples mieux policez, on les rendit

101.0 1184.0 1013.0 78.0 Rois legitimes en les obligeant à garder

101.0 1245.0 1013.0 74.0 & obſeruer les loix: & quant à ceſte

100.0 1305.0 1018.0 75.0 puiſſance abſolue elle demeura chez ceux

101.0 1367.0 1012.0 73.0 qui commandoyent aux peuples Barba¬

100.0 1423.0 1015.0 77.0 res. Il dit puis apres que ceſte puiſſance

98.0 1484.0 1016.0 73.0 abſolue eſt couſine germaine de tyran¬

100.0 1541.0 1015.0 70.0 nie, & l’euſt appellee tout à fait tyran¬

98.0 1601.0 1016.0 71.0 nie, n’euſt eſté que ces beſtes de Barbares

100.0 1662.0 1014.0 73.0 s’eſtoyent volontairement aſſuiettis à i¬

102.0 1724.0 139.0 67.0 celle.

157.0 1786.0 954.0 68.0 MAIS on repliquera que ce n’eſt pas

101.0 1837.0 1016.0 76.0 choſe conuenable à la maieſté des Rois d’a¬

101.0 1895.0 1018.0 85.0 uoir leur volonté bridee par les loix. Ie di au
