<?xml version="1.0" encoding="UTF-8"?>
<alto xmlns:xsi="http://www.w3.org/2001/XMLSchema-instance"
      xmlns="http://www.loc.gov/standards/alto/ns-v4#"
      xsi:schemaLocation="http://www.loc.gov/standards/alto/ns-v4# http://www.loc.gov/standards/alto/v4/alto-4-2.xsd">
  <Description>
    <MeasurementUnit>pixel</MeasurementUnit>
    <sourceImageInformation>
      <fileName>page_00115.png</fileName>
    </sourceImageInformation>
  </Description>
  <Tags>
    <OtherTag ID="BT7" LABEL="CustomZone" DESCRIPTION="block type CustomZone"/><OtherTag ID="BT8" LABEL="DamageZone" DESCRIPTION="block type DamageZone"/><OtherTag ID="BT9" LABEL="DigitizationArtefactZone" DESCRIPTION="block type DigitizationArtefactZone"/><OtherTag ID="BT10" LABEL="DropCapitalZone" DESCRIPTION="block type DropCapitalZone"/><OtherTag ID="BT11" LABEL="GraphicZone" DESCRIPTION="block type GraphicZone"/><OtherTag ID="BT12" LABEL="MainZone" DESCRIPTION="block type MainZone"/><OtherTag ID="BT13" LABEL="MarginTextZone" DESCRIPTION="block type MarginTextZone"/><OtherTag ID="BT14" LABEL="MusicZone" DESCRIPTION="block type MusicZone"/><OtherTag ID="BT15" LABEL="NumberingZone" DESCRIPTION="block type NumberingZone"/><OtherTag ID="BT17" LABEL="QuireMarksZone" DESCRIPTION="block type QuireMarksZone"/><OtherTag ID="BT18" LABEL="RunningTitleZone" DESCRIPTION="block type RunningTitleZone"/><OtherTag ID="BT19" LABEL="SealZone" DESCRIPTION="block type SealZone"/><OtherTag ID="BT20" LABEL="StampZone" DESCRIPTION="block type StampZone"/><OtherTag ID="BT21" LABEL="TableZone" DESCRIPTION="block type TableZone"/><OtherTag ID="BT22" LABEL="TitlePageZone" DESCRIPTION="block type TitlePageZone"/><OtherTag ID="BT100001" LABEL="MainZone-Head" DESCRIPTION="block type MainZone-Head"/><OtherTag ID="BT100011" LABEL="MainZone-Entry" DESCRIPTION="block type MainZone-Entry"/><OtherTag ID="BT100005" LABEL="MainZone-P" DESCRIPTION="block type MainZone-P"/><OtherTag ID="BT100008" LABEL="MainZone-Sp" DESCRIPTION="block type MainZone-Sp"/><OtherTag ID="BT100006" LABEL="MainZone-Continued" DESCRIPTION="block type MainZone-Continued"/><OtherTag ID="BT100009" LABEL="MarginTextZone-Notes" DESCRIPTION="block type MarginTextZone-Notes"/><OtherTag ID="BT100007" LABEL="MarginTextZone-ManuscriptAddendum" DESCRIPTION="block type MarginTextZone-ManuscriptAddendum"/><OtherTag ID="BT100013" LABEL="StampZone-Sticker" DESCRIPTION="block type StampZone-Sticker"/><OtherTag ID="BT100014" LABEL="MainZone-ListItem" DESCRIPTION="block type MainZone-ListItem"/>
    <OtherTag ID="LT7" LABEL="CustomLine" DESCRIPTION="line type CustomLine"/><OtherTag ID="LT8" LABEL="DefaultLine" DESCRIPTION="line type DefaultLine"/><OtherTag ID="LT9" LABEL="DropCapitalLine" DESCRIPTION="line type DropCapitalLine"/><OtherTag ID="LT10" LABEL="HeadingLine" DESCRIPTION="line type HeadingLine"/><OtherTag ID="LT11" LABEL="InterlinearLine" DESCRIPTION="line type InterlinearLine"/><OtherTag ID="LT12" LABEL="MusicLine" DESCRIPTION="line type MusicLine"/><OtherTag ID="LT747" LABEL="default" DESCRIPTION="line type default"/>
  </Tags>
  <Layout>
    <Page WIDTH="1436"
          HEIGHT="2338"
          PHYSICAL_IMG_NR="114"
          ID="eSc_dummypage_">
      <PrintSpace HPOS="0"
                  VPOS="0"
                  WIDTH="1436"
                  HEIGHT="2338">
        <TextBlock HPOS="400.0"
                   VPOS="101.0"
                   WIDTH="396.0"
                   HEIGHT="62.0"
                   ID="block_3"
                   TAGREFS="BT18">
          <Shape><Polygon POINTS="796 101 796 163 400 163 400 101"/></Shape>
          <TextLine ID="line_0"
                    TAGREFS="LT8"
                    BASELINE="410 146 799 142" 
                    HPOS="409.0"
                    VPOS="110.0"
                    WIDTH="390.0"
                    HEIGHT="51.0">
            <Shape><Polygon POINTS="786 132 773 132 760 132 747 132 734 132 721 132 708 132 695 132 682 132 669 132 656 132 643 132 630 132 617 132 604 132 591 132 578 132 565 132 552 132 539 132 526 132 525 123 508 114 505 111 504 111 502 111 409 110 410 146 410 161 687 161 687 159 688 159 705 154 710 153 716 154 736 159 738 159 739 159 799 151 799 142 796 132 786 132"/></Shape>
	    <String CONTENT="QVESTTON."
                    HPOS="409.0"
                    VPOS="110.0"
                    WIDTH="390.0"
                    HEIGHT="51.0"
                    WC="0.9995359910859002"></String>
          </TextLine>
        </TextBlock>
        <TextBlock HPOS="1041.0"
                   VPOS="104.0"
                   WIDTH="76.0"
                   HEIGHT="63.0"
                   ID="block_0"
                   TAGREFS="BT15">
          <Shape><Polygon POINTS="1117 104 1117 167 1041 167 1041 104"/></Shape>
          <TextLine ID="line_1"
                    TAGREFS="LT8"
                    BASELINE="1040 145 1105 145" 
                    HPOS="1040.0"
                    VPOS="90.0"
                    WIDTH="65.0"
                    HEIGHT="80.0">
            <Shape><Polygon POINTS="1040 145 1040 166 1104 170 1105 145 1104 90 1040 96 1040 145"/></Shape>
	    <String CONTENT="115"
                    HPOS="1040.0"
                    VPOS="90.0"
                    WIDTH="65.0"
                    HEIGHT="80.0"
                    WC="0.9999822378158569"></String>
          </TextLine>
        </TextBlock>
        <TextBlock HPOS="99.0"
                   VPOS="174.0"
                   WIDTH="1026.0"
                   HEIGHT="764.0"
                   ID="block_2"
                   TAGREFS="BT100006">
          <Shape><Polygon POINTS="1118 180 1125 925 102 938 99 174 988 178"/></Shape>
          <TextLine ID="line_2"
                    TAGREFS="LT8"
                    BASELINE="98 219 1111 206" 
                    HPOS="97.0"
                    VPOS="151.0"
                    WIDTH="1014.0"
                    HEIGHT="87.0">
            <Shape><Polygon POINTS="98 219 98 238 504 224 674 224 692 231 693 231 695 231 696 231 712 223 979 227 981 227 1031 219 1108 226 1111 206 1107 162 1063 162 1061 162 1048 154 1047 154 1046 154 1044 154 1018 159 1009 153 1008 153 1007 153 1005 153 952 161 940 151 939 151 938 151 905 151 904 151 856 162 805 153 804 153 731 154 730 154 706 166 602 155 601 155 502 168 495 170 487 170 413 158 411 158 410 158 409 158 393 171 392 172 261 172 257 172 196 161 194 161 166 162 165 162 163 162 146 174 145 175 97 175 98 219"/></Shape>
	    <String CONTENT="quels &amp; non ailleurs ſe font les nouuelles or¬"
                    HPOS="97.0"
                    VPOS="151.0"
                    WIDTH="1014.0"
                    HEIGHT="87.0"
                    WC="0.9943450585655544"></String>
          </TextLine>
          <TextLine ID="line_3"
                    TAGREFS="LT8"
                    BASELINE="98 276 1112 267" 
                    HPOS="97.0"
                    VPOS="219.0"
                    WIDTH="1015.0"
                    HEIGHT="77.0">
            <Shape><Polygon POINTS="968 219 966 219 965 219 964 219 956 222 930 232 869 224 839 220 838 220 836 220 821 226 792 233 735 227 690 222 688 222 687 222 673 228 666 231 658 228 644 224 643 224 504 224 502 224 501 224 500 224 487 232 479 237 445 237 431 233 387 224 385 224 384 224 353 235 345 237 330 236 301 232 300 232 176 238 172 238 171 238 135 231 133 231 132 231 97 240 98 276 98 288 241 296 243 296 378 287 396 285 476 285 493 293 495 293 496 293 536 284 541 284 567 284 753 290 755 290 756 290 778 283 779 283 782 283 838 288 839 288 840 288 856 281 857 281 865 281 923 287 925 287 966 280 973 280 981 280 1030 288 1031 288 1111 279 1112 267 1107 219 1076 229 1059 222 1057 222 1056 222 1055 222 1053 222 1039 232 987 232 972 222 969 219 968 219"/></Shape>
	    <String CONTENT="donnances &amp; les reſolutions touchant la guer"
                    HPOS="97.0"
                    VPOS="219.0"
                    WIDTH="1015.0"
                    HEIGHT="77.0"
                    WC="0.9769224808974699"></String>
          </TextLine>
          <TextLine ID="line_4"
                    TAGREFS="LT8"
                    BASELINE="97 336 1113 328" 
                    HPOS="96.0"
                    VPOS="279.0"
                    WIDTH="1017.0"
                    HEIGHT="76.0">
            <Shape><Polygon POINTS="97 336 97 355 179 346 257 354 258 354 259 354 261 354 289 344 307 350 309 350 310 350 349 344 359 351 361 351 362 351 363 351 463 342 595 351 602 351 604 351 608 351 664 341 687 350 688 350 690 351 742 351 742 350 744 350 790 340 853 340 868 349 869 349 870 349 871 349 873 349 901 341 968 348 969 348 970 348 988 340 1004 346 1005 346 1007 348 1113 348 1113 328 1111 290 970 279 969 279 968 279 930 290 864 280 862 280 861 280 860 280 846 292 813 292 788 280 787 280 786 280 784 280 742 292 726 284 725 284 723 284 722 284 708 289 700 283 699 283 697 283 604 281 602 281 601 281 565 290 492 283 491 283 489 283 488 283 474 294 469 294 431 294 430 294 406 284 405 284 404 284 349 290 326 284 324 284 323 284 322 284 320 284 306 293 226 285 224 285 171 296 168 297 96 297 97 336"/></Shape>
	    <String CONTENT="re. Quant à l’ordinaire, il y a les Conſeillers"
                    HPOS="96.0"
                    VPOS="279.0"
                    WIDTH="1017.0"
                    HEIGHT="76.0"
                    WC="0.9796725437045097"></String>
          </TextLine>
          <TextLine ID="line_5"
                    TAGREFS="LT8"
                    BASELINE="98 396 1111 387" 
                    HPOS="97.0"
                    VPOS="339.0"
                    WIDTH="1014.0"
                    HEIGHT="74.0">
            <Shape><Polygon POINTS="98 396 98 406 241 413 243 413 244 413 271 406 276 405 320 405 528 410 530 410 578 403 592 402 606 403 653 409 654 409 656 409 675 403 684 401 706 402 755 407 756 407 813 402 843 400 859 402 883 406 884 406 1109 400 1111 387 1107 353 960 353 920 345 918 345 917 345 884 353 820 339 818 339 751 340 749 340 748 340 730 354 691 340 690 340 688 340 619 342 618 342 617 342 601 355 578 355 560 342 558 342 557 342 556 342 554 342 553 342 545 349 536 341 535 341 534 341 532 341 409 342 408 342 376 359 211 359 187 348 185 348 184 348 145 355 120 345 119 345 118 345 116 345 115 345 97 358 98 396"/></Shape>
	    <String CONTENT="du Royaume, le Chancellier d’Eſtat, &amp;c. com¬"
                    HPOS="97.0"
                    VPOS="339.0"
                    WIDTH="1014.0"
                    HEIGHT="74.0"
                    WC="0.9989822967485948"></String>
          </TextLine>
          <TextLine ID="line_6"
                    TAGREFS="LT8"
                    BASELINE="100 454 1113 445" 
                    HPOS="98.0"
                    VPOS="398.0"
                    WIDTH="1015.0"
                    HEIGHT="76.0">
            <Shape><Polygon POINTS="100 454 101 474 132 466 161 474 163 474 165 474 166 474 174 472 217 466 235 472 241 474 243 474 244 474 245 474 254 471 279 465 362 465 375 470 384 472 385 472 387 472 418 468 457 463 469 467 479 471 480 471 482 471 506 467 535 462 558 466 583 470 584 470 669 463 703 462 713 463 745 468 747 468 748 468 749 468 757 462 760 461 770 462 797 466 799 466 800 466 817 461 825 459 848 461 935 467 936 467 938 467 964 458 966 458 969 458 986 466 987 466 988 467 1077 467 1077 466 1078 466 1113 455 1113 445 1111 411 1047 411 1047 410 1031 398 1030 398 1029 398 974 398 973 398 972 398 970 398 956 410 944 410 916 411 890 411 888 410 875 400 874 400 873 400 871 400 829 410 827 410 825 410 796 401 795 401 794 401 792 401 773 410 766 414 716 414 709 410 692 401 691 401 690 401 656 402 654 402 640 410 632 414 623 410 609 402 608 402 606 402 557 403 556 403 538 409 519 415 504 409 491 403 489 403 488 403 487 403 471 409 453 415 388 409 382 409 380 409 379 409 378 409 363 416 320 409 311 407 310 407 300 409 241 418 183 415 175 409 172 406 171 406 170 406 168 406 98 407 100 454"/></Shape>
	    <String CONTENT="bien que cependant le Roy ait ſes maiſtres"
                    HPOS="98.0"
                    VPOS="398.0"
                    WIDTH="1015.0"
                    HEIGHT="76.0"
                    WC="0.9980653453440893"></String>
          </TextLine>
          <TextLine ID="line_7"
                    TAGREFS="LT8"
                    BASELINE="100 514 1111 503" 
                    HPOS="98.0"
                    VPOS="453.0"
                    WIDTH="1013.0"
                    HEIGHT="73.0">
            <Shape><Polygon POINTS="100 514 100 526 1109 515 1111 503 1108 468 983 453 982 453 939 455 938 455 907 468 879 458 878 458 877 458 801 465 764 455 762 455 761 455 760 455 723 471 723 472 712 472 688 472 666 457 665 457 664 457 631 457 630 457 628 457 627 457 605 471 558 458 557 458 556 458 554 458 525 472 454 459 453 459 452 459 395 474 375 461 374 461 372 461 371 461 370 461 369 461 345 475 344 476 311 476 296 476 276 462 275 462 274 462 272 462 271 462 270 462 253 475 227 462 226 462 224 462 223 462 198 475 123 462 122 462 120 462 119 462 98 474 100 514"/></Shape>
	    <String CONTENT="d’hoſtel, valets de chambre, ſeruiteurs &amp; do¬"
                    HPOS="98.0"
                    VPOS="453.0"
                    WIDTH="1013.0"
                    HEIGHT="73.0"
                    WC="0.9835144281387329"></String>
          </TextLine>
          <TextLine ID="line_8"
                    TAGREFS="LT8"
                    BASELINE="100 574 1115 563" 
                    HPOS="98.0"
                    VPOS="514.0"
                    WIDTH="1017.0"
                    HEIGHT="78.0">
            <Shape><Polygon POINTS="100 574 100 592 140 585 248 589 279 590 280 590 282 590 285 589 302 583 371 588 384 588 385 588 387 588 391 587 413 581 450 587 478 589 479 589 500 585 526 580 565 584 604 588 605 588 606 588 619 583 632 579 669 583 716 587 717 587 764 580 788 578 822 579 891 584 892 584 894 584 895 584 904 578 907 576 923 578 986 584 987 584 988 584 1011 576 1016 575 1022 576 1059 583 1060 583 1113 574 1115 563 1112 528 1052 528 1030 514 1029 514 1027 514 1026 514 1025 514 985 528 985 529 970 529 946 529 923 515 922 515 921 515 870 515 869 515 868 515 866 515 851 529 825 523 823 523 822 523 745 529 727 518 726 518 725 518 723 518 722 518 690 531 636 520 635 520 634 520 613 531 591 520 589 520 552 519 551 519 549 519 548 519 527 532 461 520 358 520 357 520 356 520 319 535 318 535 280 524 279 524 278 524 276 524 246 533 224 524 223 524 142 523 141 523 140 523 98 536 100 574"/></Shape>
	    <String CONTENT="meſtiques. Or ſi quelqu’vn demandoit en Po¬"
                    HPOS="98.0"
                    VPOS="514.0"
                    WIDTH="1017.0"
                    HEIGHT="78.0"
                    WC="0.9827894083289213"></String>
          </TextLine>
          <TextLine ID="line_9"
                    TAGREFS="LT8"
                    BASELINE="101 633 652 626 1112 627" 
                    HPOS="100.0"
                    VPOS="576.0"
                    WIDTH="1012.0"
                    HEIGHT="79.0">
            <Shape><Polygon POINTS="101 633 101 649 131 644 140 649 146 654 148 654 149 654 150 655 185 655 185 654 213 649 243 644 293 649 332 653 333 653 352 649 378 642 388 649 393 653 395 653 396 653 397 654 462 654 462 653 463 653 476 649 499 641 599 641 617 648 625 652 626 652 627 652 628 652 643 648 661 644 739 648 787 650 788 650 790 650 797 648 826 639 1111 646 1112 627 1111 588 1013 576 1012 576 1011 576 978 587 975 588 972 587 947 578 946 578 944 578 882 584 799 579 797 579 796 579 775 587 769 589 756 587 735 583 734 583 708 587 692 589 687 587 670 579 669 579 667 579 630 587 610 590 591 587 560 580 558 580 445 583 444 583 443 583 439 587 430 593 341 593 333 587 331 584 330 584 328 584 327 584 326 584 320 587 313 590 305 587 296 581 294 581 293 581 292 581 291 581 285 587 276 593 100 587 101 633"/></Shape>
	    <String CONTENT="logne, ſauoir qui eſt le plus grand, ou le Roy,"
                    HPOS="100.0"
                    VPOS="576.0"
                    WIDTH="1012.0"
                    HEIGHT="79.0"
                    WC="0.9798157164391051"></String>
          </TextLine>
          <TextLine ID="line_10"
                    TAGREFS="LT8"
                    BASELINE="105 693 1113 683" 
                    HPOS="103.0"
                    VPOS="637.0"
                    WIDTH="1010.0"
                    HEIGHT="76.0">
            <Shape><Polygon POINTS="105 693 105 705 178 705 179 705 200 713 201 713 202 713 204 713 228 705 233 703 254 705 354 711 356 711 462 703 496 701 509 702 541 709 543 709 587 702 608 700 615 702 631 707 632 707 634 707 705 702 748 698 761 701 781 706 782 706 783 706 808 701 816 700 825 701 859 706 860 706 861 706 873 701 881 697 912 700 955 705 956 705 978 700 996 696 1005 700 1013 703 1014 703 1016 703 1112 698 1113 683 1111 649 1013 637 1012 637 1011 637 982 649 921 639 920 639 852 650 792 644 791 644 634 652 610 641 609 641 608 641 560 642 558 642 557 642 547 650 487 642 486 642 484 642 483 642 473 650 450 644 449 644 448 644 345 655 288 645 287 645 285 645 249 655 131 652 129 652 128 652 103 658 105 693"/></Shape>
	    <String CONTENT="ou tout le peuple du Royaume, repreſenté par"
                    HPOS="103.0"
                    VPOS="637.0"
                    WIDTH="1010.0"
                    HEIGHT="76.0"
                    WC="0.9914457095993889"></String>
          </TextLine>
          <TextLine ID="line_11"
                    TAGREFS="LT8"
                    BASELINE="102 752 1116 740" 
                    HPOS="101.0"
                    VPOS="696.0"
                    WIDTH="1015.0"
                    HEIGHT="72.0">
            <Shape><Polygon POINTS="102 752 102 768 1115 755 1116 740 1112 706 916 707 912 706 891 697 890 697 888 697 887 697 868 706 865 707 861 706 833 696 831 696 777 696 775 696 745 698 744 698 743 698 732 706 727 711 662 711 625 711 619 707 609 698 608 698 606 698 605 698 534 705 449 700 448 700 447 700 445 700 435 707 432 709 423 707 406 705 405 705 382 707 322 716 267 716 257 707 250 702 249 702 248 702 246 702 245 702 227 707 217 711 206 709 193 703 192 703 191 703 189 703 188 703 183 709 171 716 141 716 126 709 116 703 115 703 114 703 113 703 101 707 102 752"/></Shape>
	    <String CONTENT="les Seigneurs &amp; Magiſtrats: il feroit tout au¬"
                    HPOS="101.0"
                    VPOS="696.0"
                    WIDTH="1015.0"
                    HEIGHT="72.0"
                    WC="0.9908609144065691"></String>
          </TextLine>
          <TextLine ID="line_12"
                    TAGREFS="LT8"
                    BASELINE="103 811 1117 801" 
                    HPOS="102.0"
                    VPOS="759.0"
                    WIDTH="1015.0"
                    HEIGHT="64.0">
            <Shape><Polygon POINTS="103 811 103 823 1117 818 1117 801 1113 759 102 768 103 811"/></Shape>
	    <String CONTENT="tant comme de s’enquerir en la ville de Ve¬"
                    HPOS="102.0"
                    VPOS="759.0"
                    WIDTH="1015.0"
                    HEIGHT="64.0"
                    WC="0.9887573344762935"></String>
          </TextLine>
          <TextLine ID="line_13"
                    TAGREFS="LT8"
                    BASELINE="107 872 1115 861" 
                    HPOS="106.0"
                    VPOS="813.0"
                    WIDTH="1009.0"
                    HEIGHT="81.0">
            <Shape><Polygon POINTS="107 872 107 894 218 894 218 893 219 893 223 892 245 883 346 888 348 888 415 881 431 888 437 891 439 891 440 891 441 891 453 888 482 880 578 885 634 888 635 888 636 888 638 888 643 884 651 879 670 884 683 887 684 887 686 887 716 883 755 878 765 881 775 887 777 887 778 887 803 881 825 876 848 880 856 881 857 881 869 880 903 875 922 879 944 884 946 884 1115 875 1115 861 1112 824 956 823 943 814 942 814 940 814 939 814 891 824 861 813 860 813 859 813 857 813 840 820 830 813 829 813 827 813 779 813 778 813 777 813 753 824 726 817 725 817 723 817 722 817 703 827 614 828 554 815 553 815 552 815 532 824 504 817 502 817 501 817 500 817 470 829 428 818 427 818 400 818 398 818 397 818 396 818 376 829 352 818 350 818 349 818 348 818 320 827 309 819 307 819 306 819 305 819 142 820 141 820 106 835 107 872"/></Shape>
	    <String CONTENT="niſe, ſi le Duc eſt par deſſus la Seigneu¬"
                    HPOS="106.0"
                    VPOS="813.0"
                    WIDTH="1009.0"
                    HEIGHT="81.0"
                    WC="0.9996105418318794"></String>
          </TextLine>
          <TextLine ID="line_14"
                    TAGREFS="LT8"
                    BASELINE="109 932 199 928" 
                    HPOS="103.0"
                    VPOS="884.0"
                    WIDTH="95.0"
                    HEIGHT="64.0">
            <Shape><Polygon POINTS="107 931 107 948 198 946 198 927 192 884 103 886 107 931"/></Shape>
	    <String CONTENT="rie."
                    HPOS="103.0"
                    VPOS="884.0"
                    WIDTH="95.0"
                    HEIGHT="64.0"
                    WC="0.9982332140207291"></String>
          </TextLine>
        </TextBlock>
        <TextBlock HPOS="106.0"
                   VPOS="934.0"
                   WIDTH="1040.0"
                   HEIGHT="1027.0"
                   ID="block_1"
                   TAGREFS="BT100005">
          <Shape><Polygon POINTS="1126 934 1146 1943 123 1961 106 944 238 943"/></Shape>
          <TextLine ID="line_15"
                    TAGREFS="LT8"
                    BASELINE="147 987 1122 981" 
                    HPOS="144.0"
                    VPOS="935.0"
                    WIDTH="976.0"
                    HEIGHT="68.0">
            <Shape><Polygon POINTS="1098 935 144 944 146 1003 1118 995 1120 980 1116 935 1098 935"/></Shape>
	    <String CONTENT="MAIS que dirons-nous des Royaumes que"
                    HPOS="144.0"
                    VPOS="935.0"
                    WIDTH="976.0"
                    HEIGHT="68.0"
                    WC="0.9986692860319808"></String>
          </TextLine>
          <TextLine ID="line_16"
                    TAGREFS="LT8"
                    BASELINE="109 1050 1124 1039" 
                    HPOS="107.0"
                    VPOS="989.0"
                    WIDTH="1017.0"
                    HEIGHT="79.0">
            <Shape><Polygon POINTS="109 1050 109 1063 287 1068 288 1068 289 1068 291 1068 297 1063 300 1062 320 1063 379 1067 380 1067 382 1067 391 1063 396 1059 497 1059 526 1062 558 1066 560 1066 617 1062 690 1057 877 1061 891 1061 892 1061 894 1061 895 1061 904 1054 998 1061 1008 1061 1009 1061 1011 1061 1012 1061 1026 1053 1121 1059 1124 1039 1120 1001 1055 1001 1051 1000 1029 992 1027 992 1026 992 1025 992 1003 1000 996 1002 990 1000 961 989 960 989 959 989 957 989 956 989 938 1000 933 1004 869 1004 861 1000 844 992 843 992 842 992 792 1000 757 1005 748 1000 736 992 735 992 734 992 673 992 671 992 670 992 654 1000 639 1006 601 1000 569 993 567 993 532 997 531 997 530 997 528 998 515 1009 462 1009 441 998 434 996 432 996 431 996 398 998 348 1004 339 998 335 996 333 996 332 996 331 996 318 998 276 1009 254 998 252 997 250 997 220 997 219 997 218 997 214 998 180 1013 148 1013 107 998 109 1050"/></Shape>
	    <String CONTENT="lon dit eſtre ſucceſsifs &amp; hereditaires? Il en"
                    HPOS="107.0"
                    VPOS="989.0"
                    WIDTH="1017.0"
                    HEIGHT="79.0"
                    WC="0.9829825512740923"></String>
          </TextLine>
          <TextLine ID="line_17"
                    TAGREFS="LT8"
                    BASELINE="110 1106 1126 1097" 
                    HPOS="109.0"
                    VPOS="1053.0"
                    WIDTH="1017.0"
                    HEIGHT="71.0">
            <Shape><Polygon POINTS="110 1106 110 1118 162 1124 163 1124 165 1124 166 1124 176 1118 189 1123 191 1123 192 1123 284 1117 301 1117 305 1117 332 1124 333 1124 335 1124 336 1124 354 1117 356 1117 444 1117 505 1117 526 1123 527 1123 528 1123 530 1123 545 1115 547 1114 599 1114 601 1115 610 1120 612 1120 613 1120 614 1120 652 1114 657 1114 671 1114 790 1120 791 1120 1125 1110 1126 1097 1122 1065 949 1065 943 1063 916 1055 914 1055 913 1055 912 1055 890 1063 888 1063 874 1053 873 1053 871 1053 842 1053 840 1053 839 1053 838 1053 825 1063 820 1066 749 1062 683 1059 682 1059 680 1059 673 1062 658 1067 648 1062 634 1055 632 1055 631 1055 630 1055 609 1062 591 1067 554 1062 521 1057 519 1057 518 1057 517 1057 509 1062 497 1068 454 1062 426 1057 424 1057 423 1057 410 1061 383 1071 341 1071 328 1061 326 1058 324 1058 323 1058 322 1058 320 1058 314 1061 296 1070 219 1061 206 1059 205 1059 109 1059 110 1106"/></Shape>
	    <String CONTENT="eſt tout de meſmes entierement. Le Royaume"
                    HPOS="109.0"
                    VPOS="1053.0"
                    WIDTH="1017.0"
                    HEIGHT="71.0"
                    WC="0.9978369701476324"></String>
          </TextLine>
          <TextLine ID="line_18"
                    TAGREFS="LT8"
                    BASELINE="111 1169 1128 1161" 
                    HPOS="110.0"
                    VPOS="1113.0"
                    WIDTH="1018.0"
                    HEIGHT="74.0">
            <Shape><Polygon POINTS="111 1169 111 1181 404 1187 405 1187 406 1187 408 1187 414 1181 422 1176 556 1176 595 1181 617 1185 618 1185 638 1181 678 1175 799 1181 800 1181 801 1181 834 1174 874 1181 879 1183 881 1183 882 1183 883 1181 900 1174 910 1181 912 1181 913 1181 956 1183 957 1183 959 1183 960 1181 979 1172 1125 1181 1128 1161 1125 1117 1079 1113 1078 1113 1077 1113 1066 1117 1053 1122 1034 1118 1011 1113 1009 1113 1008 1113 1007 1113 1000 1118 992 1123 952 1119 940 1118 939 1118 938 1118 936 1118 935 1119 925 1126 805 1126 797 1122 790 1118 788 1118 787 1118 769 1122 751 1126 747 1122 739 1115 738 1115 736 1115 684 1115 683 1115 682 1115 667 1123 664 1126 553 1127 549 1126 539 1117 538 1117 536 1117 449 1117 448 1117 447 1117 413 1127 408 1128 388 1127 292 1122 291 1122 289 1122 270 1130 269 1130 262 1130 136 1119 135 1119 133 1119 110 1130 111 1169"/></Shape>
	    <String CONTENT="de France, preferé autresfois &amp; n’y a pas long"
                    HPOS="110.0"
                    VPOS="1113.0"
                    WIDTH="1018.0"
                    HEIGHT="74.0"
                    WC="0.9981128674872378"></String>
          </TextLine>
          <TextLine ID="line_19"
                    TAGREFS="LT8"
                    BASELINE="113 1228 1130 1217" 
                    HPOS="111.0"
                    VPOS="1204.0"
                    WIDTH="1019.0"
                    HEIGHT="42.0">
            <Shape><Polygon POINTS="1112 1217 1099 1217 1086 1217 1073 1217 1060 1217 1047 1217 1034 1217 1021 1217 1008 1217 995 1217 982 1217 969 1217 956 1217 943 1217 930 1217 917 1217 904 1217 891 1217 878 1219 865 1219 852 1219 839 1219 826 1219 813 1219 800 1219 787 1219 774 1219 761 1219 748 1219 735 1219 722 1219 709 1219 696 1219 683 1219 670 1219 657 1219 644 1219 631 1219 618 1219 605 1219 592 1219 579 1219 566 1219 553 1219 540 1219 527 1219 514 1219 501 1219 488 1219 475 1219 462 1219 449 1219 436 1219 423 1219 410 1224 397 1224 384 1224 371 1224 358 1224 345 1224 332 1224 319 1224 306 1224 293 1224 280 1224 267 1224 254 1224 241 1224 228 1224 215 1224 202 1224 189 1224 176 1227 163 1227 150 1227 137 1227 133 1210 111 1210 113 1228 113 1239 224 1246 226 1246 227 1246 246 1237 249 1237 253 1237 293 1245 294 1245 332 1237 339 1236 340 1237 348 1243 349 1243 350 1243 352 1243 353 1243 372 1236 376 1236 387 1236 453 1243 454 1243 456 1243 476 1236 493 1243 495 1243 496 1243 561 1235 566 1235 571 1235 658 1241 660 1241 661 1241 679 1233 683 1232 700 1233 770 1240 771 1240 773 1240 794 1232 799 1231 842 1232 1009 1237 1011 1237 1129 1228 1130 1217 1126 1204 1115 1204 1112 1217"/></Shape>
	    <String CONTENT="hamnpun coubicouutrco, deuudlrencchne¬"
                    HPOS="111.0"
                    VPOS="1204.0"
                    WIDTH="1019.0"
                    HEIGHT="42.0"
                    WC="0.9539549993841272"></String>
          </TextLine>
          <TextLine ID="line_20"
                    TAGREFS="LT8"
                    BASELINE="114 1287 1134 1276" 
                    HPOS="113.0"
                    VPOS="1227.0"
                    WIDTH="1021.0"
                    HEIGHT="73.0">
            <Shape><Polygon POINTS="114 1287 114 1300 1133 1289 1134 1276 1131 1240 1070 1240 1039 1227 1038 1227 1037 1227 1035 1227 1034 1227 1013 1240 931 1240 878 1228 877 1228 826 1230 825 1230 823 1230 804 1241 775 1230 774 1230 773 1230 732 1239 723 1231 722 1231 721 1231 641 1231 640 1231 639 1231 638 1231 627 1239 583 1232 582 1232 580 1232 534 1244 470 1233 469 1233 467 1233 466 1233 452 1245 427 1233 426 1233 424 1233 423 1233 422 1233 405 1245 314 1235 313 1235 311 1235 282 1244 269 1235 267 1235 266 1235 265 1235 263 1235 226 1248 167 1248 145 1236 144 1236 142 1236 141 1236 113 1248 114 1287"/></Shape>
	    <String CONTENT="de ſes loix &amp; de la maieſté de ſes Eſtats, eſtoit"
                    HPOS="113.0"
                    VPOS="1227.0"
                    WIDTH="1021.0"
                    HEIGHT="73.0"
                    WC="0.9911352407932281"></String>
          </TextLine>
          <TextLine ID="line_21"
                    TAGREFS="LT8"
                    BASELINE="114 1345 1134 1335" 
                    HPOS="113.0"
                    VPOS="1291.0"
                    WIDTH="1021.0"
                    HEIGHT="75.0">
            <Shape><Polygon POINTS="114 1345 114 1359 213 1366 214 1366 215 1366 231 1358 235 1356 279 1356 284 1358 293 1365 294 1365 296 1365 297 1366 354 1366 354 1365 401 1357 409 1356 417 1356 457 1362 458 1362 534 1354 554 1353 557 1354 567 1362 569 1362 570 1362 571 1363 606 1363 606 1362 673 1353 675 1353 677 1353 699 1361 700 1361 701 1361 703 1361 719 1353 721 1352 729 1352 791 1359 792 1359 794 1359 795 1359 805 1352 808 1350 857 1350 859 1350 874 1358 875 1358 877 1358 913 1350 914 1350 1086 1357 1087 1357 1134 1346 1134 1335 1131 1304 1035 1304 1007 1291 1005 1291 1004 1291 953 1297 912 1292 910 1292 909 1292 875 1305 751 1293 749 1293 748 1293 705 1306 662 1300 661 1300 493 1310 409 1310 393 1297 392 1297 391 1297 369 1297 367 1297 293 1310 278 1298 276 1298 275 1298 241 1298 240 1298 113 1313 114 1345"/></Shape>
	    <String CONTENT="ainſi reiglé ancienement. Or combien que"
                    HPOS="113.0"
                    VPOS="1291.0"
                    WIDTH="1021.0"
                    HEIGHT="75.0"
                    WC="0.9885548963779356"></String>
          </TextLine>
          <TextLine ID="line_22"
                    TAGREFS="LT8"
                    BASELINE="116 1406 1135 1395" 
                    HPOS="115.0"
                    VPOS="1348.0"
                    WIDTH="1020.0"
                    HEIGHT="82.0">
            <Shape><Polygon POINTS="116 1406 116 1430 232 1418 248 1427 252 1430 253 1430 254 1430 256 1430 359 1428 361 1428 371 1424 392 1417 462 1422 465 1422 466 1422 467 1422 469 1422 480 1415 510 1415 522 1420 534 1427 535 1427 536 1427 586 1420 632 1426 634 1426 635 1426 636 1426 647 1418 652 1414 709 1413 731 1413 736 1415 748 1424 749 1424 751 1424 752 1424 897 1418 899 1418 917 1411 922 1410 938 1411 1025 1419 1026 1419 1027 1419 1052 1409 1053 1409 1105 1417 1107 1417 1108 1417 1135 1406 1135 1395 1133 1362 1048 1359 1031 1348 1030 1348 1029 1348 1027 1348 992 1349 991 1349 990 1349 974 1361 934 1349 933 1349 931 1349 853 1356 826 1350 825 1350 823 1350 822 1350 805 1363 779 1352 778 1352 682 1352 680 1352 645 1353 644 1353 643 1353 619 1367 519 1367 497 1354 496 1354 495 1354 469 1354 467 1354 466 1354 439 1369 359 1369 349 1361 348 1361 346 1361 345 1361 344 1361 343 1361 327 1371 230 1371 187 1359 185 1359 184 1359 183 1359 181 1359 165 1372 115 1372 116 1406"/></Shape>
	    <String CONTENT="ceux qui y ont charge pour le public ne facent"
                    HPOS="115.0"
                    VPOS="1348.0"
                    WIDTH="1020.0"
                    HEIGHT="82.0"
                    WC="0.9981152480063231"></String>
          </TextLine>
          <TextLine ID="line_23"
                    TAGREFS="LT8"
                    BASELINE="119 1466 1137 1456" 
                    HPOS="118.0"
                    VPOS="1411.0"
                    WIDTH="1019.0"
                    HEIGHT="73.0">
            <Shape><Polygon POINTS="119 1466 119 1484 200 1476 236 1482 237 1482 239 1482 240 1482 252 1475 383 1480 384 1480 531 1472 619 1479 626 1479 627 1479 628 1479 644 1471 718 1478 722 1478 723 1478 852 1476 853 1476 855 1476 862 1470 871 1476 873 1476 874 1476 875 1476 1135 1472 1137 1456 1133 1413 1079 1419 1069 1413 1068 1411 1066 1411 1065 1411 1026 1411 1025 1411 1024 1411 1022 1411 1020 1413 1005 1422 957 1414 948 1413 882 1413 881 1413 879 1413 875 1414 860 1422 829 1415 822 1414 821 1414 820 1414 818 1414 817 1415 804 1423 671 1417 644 1415 643 1415 641 1415 640 1415 639 1417 623 1427 483 1427 466 1419 465 1419 463 1419 462 1419 445 1428 363 1428 341 1419 340 1419 339 1419 337 1419 332 1419 272 1427 262 1422 261 1422 259 1422 258 1422 257 1422 249 1428 209 1420 206 1420 205 1420 204 1420 176 1430 118 1422 119 1466"/></Shape>
	    <String CONTENT="pas leur deuoir comme il ſeroit à deſirer, il ne"
                    HPOS="118.0"
                    VPOS="1411.0"
                    WIDTH="1019.0"
                    HEIGHT="73.0"
                    WC="0.9918932610628556"></String>
          </TextLine>
          <TextLine ID="line_24"
                    TAGREFS="LT8"
                    BASELINE="118 1523 1139 1515" 
                    HPOS="116.0"
                    VPOS="1467.0"
                    WIDTH="1023.0"
                    HEIGHT="78.0">
            <Shape><Polygon POINTS="118 1523 119 1545 152 1535 266 1543 285 1544 287 1544 332 1543 333 1543 335 1543 335 1541 346 1535 375 1541 385 1543 387 1543 406 1540 440 1536 448 1540 453 1543 454 1543 456 1543 476 1539 517 1532 573 1532 586 1537 596 1541 597 1541 599 1541 600 1541 608 1537 617 1532 639 1536 658 1540 660 1540 661 1540 673 1536 687 1531 830 1533 1091 1537 1092 1537 1139 1527 1139 1515 1137 1479 975 1467 974 1467 973 1467 972 1467 961 1475 853 1469 852 1469 851 1469 827 1479 800 1470 799 1470 797 1470 796 1470 755 1482 721 1482 704 1470 703 1470 701 1470 700 1470 699 1470 666 1480 554 1471 553 1471 504 1482 458 1471 457 1471 456 1471 443 1478 418 1472 417 1472 415 1472 414 1472 401 1484 313 1484 289 1472 288 1472 287 1472 220 1474 219 1474 189 1484 155 1475 154 1475 153 1475 152 1475 116 1485 118 1523"/></Shape>
	    <String CONTENT="s’enſuit pas qu’ils n’y ſoyent tenus. Le Roy a"
                    HPOS="116.0"
                    VPOS="1467.0"
                    WIDTH="1023.0"
                    HEIGHT="78.0"
                    WC="0.9972512644270192"></String>
          </TextLine>
          <TextLine ID="line_25"
                    TAGREFS="LT8"
                    BASELINE="118 1584 1137 1571" 
                    HPOS="116.0"
                    VPOS="1527.0"
                    WIDTH="1021.0"
                    HEIGHT="77.0">
            <Shape><Polygon POINTS="118 1584 118 1595 166 1604 167 1604 301 1595 332 1601 333 1601 335 1601 336 1601 346 1593 389 1601 391 1601 458 1592 487 1600 488 1600 489 1600 592 1598 593 1598 627 1589 725 1597 726 1597 727 1597 729 1597 729 1596 735 1591 818 1593 820 1593 821 1593 834 1587 930 1595 931 1595 933 1595 947 1588 1031 1593 1033 1593 1137 1582 1137 1571 1133 1541 985 1541 956 1527 955 1527 953 1527 952 1527 905 1543 904 1543 852 1528 851 1528 849 1528 848 1528 847 1528 836 1535 771 1530 770 1530 769 1530 726 1543 669 1531 667 1531 666 1531 627 1545 623 1546 606 1545 434 1533 432 1533 431 1533 430 1533 410 1548 408 1548 328 1535 327 1535 326 1535 324 1535 310 1548 263 1536 262 1536 261 1536 259 1536 223 1549 217 1553 181 1553 178 1550 159 1537 158 1537 157 1537 135 1537 133 1537 132 1537 131 1537 116 1546 118 1584"/></Shape>
	    <String CONTENT="ſon grand maiſtre, ſes valets de chambre, ve¬"
                    HPOS="116.0"
                    VPOS="1527.0"
                    WIDTH="1021.0"
                    HEIGHT="77.0"
                    WC="0.9989646514256795"></String>
          </TextLine>
          <TextLine ID="line_26"
                    TAGREFS="LT8"
                    BASELINE="120 1644 1139 1632" 
                    HPOS="119.0"
                    VPOS="1585.0"
                    WIDTH="1020.0"
                    HEIGHT="78.0">
            <Shape><Polygon POINTS="120 1644 120 1663 175 1656 223 1662 224 1662 226 1662 256 1654 336 1661 337 1661 339 1661 341 1661 426 1654 456 1659 457 1659 458 1659 460 1659 478 1652 493 1658 495 1658 496 1658 497 1658 522 1652 714 1656 716 1656 717 1656 718 1656 726 1649 761 1656 764 1656 765 1656 769 1656 839 1648 910 1653 912 1653 913 1653 934 1646 1137 1650 1139 1632 1137 1589 1091 1587 1090 1587 1089 1587 1081 1589 1069 1595 1057 1591 1042 1585 1040 1585 1039 1585 1038 1585 1026 1591 1011 1600 890 1600 853 1595 808 1588 807 1588 805 1588 783 1596 769 1602 683 1602 648 1598 573 1591 571 1591 570 1591 569 1591 552 1601 545 1605 448 1605 431 1604 345 1593 344 1593 276 1596 275 1596 232 1608 231 1608 227 1608 139 1600 137 1600 136 1600 119 1608 120 1644"/></Shape>
	    <String CONTENT="neurs, eſcuyers, eſchançons &amp; autres, dont"
                    HPOS="119.0"
                    VPOS="1585.0"
                    WIDTH="1020.0"
                    HEIGHT="78.0"
                    WC="0.9991482537846232"></String>
          </TextLine>
          <TextLine ID="line_27"
                    TAGREFS="LT8"
                    BASELINE="122 1702 1142 1692" 
                    HPOS="120.0"
                    VPOS="1646.0"
                    WIDTH="1022.0"
                    HEIGHT="77.0">
            <Shape><Polygon POINTS="122 1702 122 1717 154 1723 155 1723 233 1717 261 1714 284 1715 363 1722 365 1722 366 1722 367 1722 379 1714 382 1713 385 1714 401 1721 402 1721 404 1721 444 1714 447 1714 449 1714 501 1721 502 1721 591 1719 621 1713 631 1710 660 1711 751 1718 752 1718 753 1718 755 1718 762 1710 764 1710 766 1710 787 1715 788 1715 790 1715 791 1715 797 1710 800 1709 808 1710 833 1715 834 1715 881 1709 897 1708 908 1709 938 1715 939 1715 940 1715 953 1709 957 1706 1077 1706 1081 1708 1098 1714 1099 1714 1100 1714 1142 1706 1142 1692 1141 1657 1102 1646 1100 1646 1099 1646 1098 1646 1072 1656 1052 1646 1051 1646 1050 1646 1048 1646 1013 1657 1011 1658 970 1658 969 1657 955 1648 953 1648 952 1648 951 1648 949 1648 918 1657 917 1657 892 1649 891 1649 890 1649 888 1649 887 1649 879 1656 870 1649 869 1649 868 1649 866 1649 818 1656 801 1649 800 1649 799 1649 766 1656 716 1650 714 1650 713 1650 699 1658 696 1659 679 1658 641 1654 640 1654 639 1654 638 1654 631 1658 626 1662 553 1662 549 1658 540 1652 539 1652 538 1652 505 1652 504 1652 502 1652 501 1652 492 1658 486 1663 405 1663 398 1659 385 1653 384 1653 383 1653 353 1659 333 1663 315 1659 289 1654 249 1654 248 1654 246 1654 236 1659 227 1665 206 1659 191 1657 189 1657 188 1657 181 1659 174 1663 167 1659 157 1656 155 1656 154 1656 120 1659 122 1702"/></Shape>
	    <String CONTENT="les eſtats dependoyent iadis tellement de la"
                    HPOS="120.0"
                    VPOS="1646.0"
                    WIDTH="1022.0"
                    HEIGHT="77.0"
                    WC="0.9999014897779985"></String>
          </TextLine>
          <TextLine ID="line_28"
                    TAGREFS="LT8"
                    BASELINE="124 1762 1142 1750" 
                    HPOS="123.0"
                    VPOS="1704.0"
                    WIDTH="1019.0"
                    HEIGHT="81.0">
            <Shape><Polygon POINTS="124 1762 124 1785 162 1785 162 1784 163 1784 165 1784 183 1774 294 1779 296 1779 430 1771 456 1779 462 1780 463 1780 465 1780 466 1780 471 1778 489 1770 501 1778 504 1780 505 1780 506 1780 508 1782 575 1782 575 1780 635 1779 636 1779 638 1779 643 1775 648 1771 665 1775 688 1779 690 1779 691 1779 710 1774 735 1767 764 1772 792 1778 794 1778 795 1778 816 1771 835 1765 917 1765 929 1770 940 1774 942 1774 943 1774 944 1774 961 1769 974 1765 979 1769 987 1775 988 1775 990 1775 991 1775 992 1775 1011 1767 1018 1765 1025 1767 1039 1774 1040 1774 1042 1774 1043 1774 1056 1767 1064 1763 1074 1766 1090 1771 1091 1771 1092 1771 1142 1765 1142 1750 1137 1704 1104 1717 1059 1705 1050 1704 1048 1704 1047 1704 1042 1706 1030 1711 1012 1706 1005 1705 1004 1705 1003 1705 1001 1705 1000 1705 998 1708 981 1719 913 1721 829 1721 818 1711 812 1706 810 1706 809 1706 808 1706 736 1709 735 1709 734 1709 726 1714 716 1721 686 1715 653 1709 652 1709 651 1709 635 1717 623 1723 551 1723 482 1723 478 1721 466 1710 465 1710 463 1710 462 1710 426 1718 365 1711 363 1711 362 1711 311 1724 309 1724 301 1724 262 1723 248 1713 246 1713 245 1713 244 1713 181 1714 180 1714 123 1728 124 1762"/></Shape>
	    <String CONTENT="perſonne du Roy, qu’apres la mort de leur"
                    HPOS="123.0"
                    VPOS="1704.0"
                    WIDTH="1019.0"
                    HEIGHT="81.0"
                    WC="0.9929763820113205"></String>
          </TextLine>
          <TextLine ID="line_29"
                    TAGREFS="LT8"
                    BASELINE="124 1819 1141 1809" 
                    HPOS="123.0"
                    VPOS="1767.0"
                    WIDTH="1018.0"
                    HEIGHT="72.0">
            <Shape><Polygon POINTS="124 1819 124 1832 320 1831 326 1832 341 1839 343 1839 344 1839 375 1832 389 1830 411 1832 454 1837 456 1837 532 1832 584 1828 658 1831 735 1835 736 1835 753 1831 777 1826 803 1831 817 1834 818 1834 831 1831 853 1826 868 1831 874 1834 875 1834 877 1834 916 1831 983 1826 1001 1831 1008 1832 1009 1832 1011 1832 1029 1831 1073 1826 1138 1830 1141 1809 1137 1774 792 1780 787 1778 764 1767 762 1767 761 1767 760 1767 744 1774 635 1769 634 1769 632 1769 631 1769 617 1780 614 1782 609 1780 574 1774 573 1774 571 1774 570 1774 560 1782 558 1783 495 1784 489 1783 463 1771 462 1771 417 1771 415 1771 414 1771 380 1784 376 1785 374 1784 358 1772 357 1772 356 1772 250 1772 249 1772 123 1787 124 1819"/></Shape>
	    <String CONTENT="maiſtre ils eſtoyent eſtimez comme morts."
                    HPOS="123.0"
                    VPOS="1767.0"
                    WIDTH="1018.0"
                    HEIGHT="72.0"
                    WC="0.9895629824661627"></String>
          </TextLine>
          <TextLine ID="line_30"
                    TAGREFS="LT8"
                    BASELINE="126 1879 1143 1869" 
                    HPOS="124.0"
                    VPOS="1822.0"
                    WIDTH="1019.0"
                    HEIGHT="73.0">
            <Shape><Polygon POINTS="150 1834 149 1832 124 1834 126 1879 126 1895 931 1883 991 1888 992 1888 1052 1882 1141 1887 1143 1869 1139 1822 1013 1835 974 1823 973 1823 972 1823 970 1823 969 1823 968 1823 931 1835 892 1824 891 1824 890 1824 888 1824 887 1824 862 1837 703 1837 691 1828 690 1828 688 1828 687 1828 601 1839 580 1828 578 1827 576 1827 575 1827 522 1830 521 1830 500 1840 413 1832 411 1832 410 1832 385 1840 357 1831 352 1830 350 1830 300 1830 298 1830 297 1830 296 1830 293 1832 283 1840 257 1832 250 1831 249 1831 248 1831 246 1831 240 1832 217 1840 185 1834 172 1831 171 1831 150 1832 150 1834"/></Shape>
	    <String CONTENT="Et de fait apres l’enterrement du Roy, le"
                    HPOS="124.0"
                    VPOS="1822.0"
                    WIDTH="1019.0"
                    HEIGHT="73.0"
                    WC="0.9995218951527666"></String>
          </TextLine>
          <TextLine ID="line_31"
                    TAGREFS="LT8"
                    BASELINE="133 1940 1142 1927" 
                    HPOS="132.0"
                    VPOS="1879.0"
                    WIDTH="1010.0"
                    HEIGHT="84.0">
            <Shape><Polygon POINTS="133 1940 133 1963 233 1953 349 1958 350 1958 352 1958 367 1952 380 1961 380 1962 382 1962 383 1962 384 1963 417 1963 417 1962 418 1962 426 1961 465 1950 519 1960 535 1961 536 1961 538 1961 547 1958 580 1949 606 1957 608 1957 609 1957 610 1957 682 1948 693 1956 696 1958 697 1958 699 1958 700 1958 725 1956 756 1952 786 1954 814 1957 816 1957 817 1957 827 1954 855 1945 879 1953 888 1956 890 1956 891 1956 892 1956 905 1953 940 1944 1017 1944 1026 1950 1031 1954 1033 1954 1034 1954 1035 1954 1037 1954 1046 1950 1053 1947 1141 1948 1142 1927 1139 1893 1087 1893 1059 1879 1057 1879 1056 1879 981 1880 979 1880 953 1893 888 1882 887 1882 886 1882 862 1895 768 1896 739 1883 738 1883 736 1883 735 1883 700 1897 641 1896 627 1885 626 1885 625 1885 623 1885 622 1885 580 1898 543 1893 541 1893 540 1893 539 1893 528 1901 432 1902 410 1902 392 1888 391 1888 389 1888 388 1888 250 1889 249 1889 224 1902 170 1904 150 1895 149 1895 148 1895 146 1895 145 1895 132 1902 133 1940"/></Shape>
	    <String CONTENT="grand Maiſtre en preſence de tous les officiers"
                    HPOS="132.0"
                    VPOS="1879.0"
                    WIDTH="1010.0"
                    HEIGHT="84.0"
                    WC="0.9918095253883524"></String>
          </TextLine>
        </TextBlock>
        <TextBlock HPOS="888.0"
                   VPOS="1950.0"
                   WIDTH="123.0"
                   HEIGHT="65.0"
                   ID="block_4"
                   TAGREFS="BT17">
          <Shape><Polygon POINTS="1011 1950 1011 2015 888 2015 888 1951 916 1950"/></Shape>
          <TextLine ID="line_32"
                    TAGREFS="LT8"
                    BASELINE="894 1989 1012 1992" 
                    HPOS="892.0"
                    VPOS="1936.0"
                    WIDTH="120.0"
                    HEIGHT="81.0">
            <Shape><Polygon POINTS="894 1989 892 2013 951 2005 962 2009 983 2017 985 2017 986 2017 987 2017 1011 2005 1012 1992 1012 1950 985 1940 983 1940 982 1940 981 1940 956 1948 951 1949 947 1947 926 1936 925 1936 923 1936 894 1943 894 1989"/></Shape>
	    <String CONTENT="H.ij."
                    HPOS="892.0"
                    VPOS="1936.0"
                    WIDTH="120.0"
                    HEIGHT="81.0"
                    WC="0.9985729694366455"></String>
          </TextLine>
        </TextBlock>
      </PrintSpace>
    </Page>
  </Layout>
</alto>
