1397 2338
342.0 101.0 90.0 62.0 206

329.0 171.0 1013.0 64.0 Eſtats, elle procure par menees & meſchantés

332.0 220.0 1011.0 78.0 pratiques que les plus grands ennemis de l’or¬

331.0 277.0 1011.0 78.0 dre & de la reformation de l’eſtat y ſoyent en¬

332.0 339.0 1014.0 72.0 uoyez: ce que nous ſauons auoir eſté fait de

332.0 398.0 1014.0 78.0 noſtre temps. Voila comme le tyran prend la

331.0 458.0 1014.0 70.0 contenance du Roy, & la tyrannie celle du

330.0 514.0 1015.0 78.0 Royaume: ſubſiſtant ſelon qu’elle peut plus

327.0 575.0 1015.0 74.0 dextrement iouër ſon perſonnage: mais en tel¬

328.0 635.0 1013.0 79.0 Ie ſorte, qu’à peine ſe trouuera-il tyrannie, dit

330.0 694.0 1012.0 78.0 Ariſtote, qui ait duré cent ans. En ſomme, le

330.0 752.0 1011.0 83.0 Roy n’a eſgard qu’à l’vtilité publique, & le ty¬

330.0 814.0 1009.0 77.0 ran ne ſe ſoucie que de ſon particulier. Mais

328.0 872.0 1013.0 78.0 au reſte, eſtant ainſi, comme les hommes ſont

330.0 932.0 1008.0 79.0 faits, que lon ne ſauroit trouuer vn Roy qui

327.0 988.0 1011.0 80.0 en tous afaires ait touſiours eſgard à l’vtilité

324.0 1050.0 1015.0 82.0 publique, & qui d’autrepart puiſſe longuemẽt

320.0 1111.0 1017.0 70.0 ſubliſter ſans en monſtrer quelque ſoin: nous

322.0 1169.0 1016.0 81.0 dirons que là où l’vtilité publique eſt preferee

323.0 1230.0 1015.0 79.0 au particulier, il y a là & Roy & Royaume: &

326.0 1291.0 1009.0 74.0 que le tyran & la tyrannie ſont en vogue par

326.0 1349.0 1009.0 79.0 tout où le bien particulier eſt preferé au pu¬

327.0 1407.0 1010.0 76.0 blic. Voila quant aux tyrans d’exercice, en l’e¬

326.0 1466.0 1012.0 82.0 xamen deſquels nous n’auons point prins pied

324.0 1526.0 1010.0 79.0 ſur leur vie trauaillee & diffamee de toutes ſor

337 1583 999 80 tes devilenies & meſchãcetez, deſquelles on a a¬

335.0 1640.0 997.0 88.0 couſtumé de dire qu’elles font l’homme meſ¬

335 1700 999 88 chant voirement, conſideré en qualité d’hom¬

337 1759 995 91 me, & non en qualité de Prince. Si le le¬

335 1819 995 88 cteur n’eſt aſſez ſatisfait de ceſte deſcri¬

335 1882 1003 85 ption, outre les plus expreſſes images des

335 1946 995 99 Tyrans qu’il trouuera dedans les hiſtoires,

666.0 101.0 436.0 58.0 TROISIESME

159 1570 166 78 Bartol.au

161.0 1637.0 149.0 54.0 traité de

158.0 1688.0 162.0 62.0 la Tyran¬

155 1734 170 58 nie, & du

155 1782 170 68 gouuer. de

155 1829 162 60 de la Re¬

157.0 1874.0 93.0 70.0 publ.

1225.0 2001.0 112.0 65.0 il en
