1426 2338
339 103 74 97 158

341 157 1017 92 le trauail & le gain de leurs pauur es ſuiéts

344.0 226.0 1013.0 81.0 leur apartient, comme ſi c’eſtoyent des bœufs

345.0 284.0 1013.0 84.0 qui labouraſſent la terre. La choſe va ainſi par

341.0 346.0 1014.0 86.0 effect, encores que le droit y repugne entiere¬

341.0 407.0 1017.0 80.0 ment. Or il nous faut touſiours ſouuenir, que

343.0 465.0 1015.0 76.0 les Rois ont eſté creez pour le profit du peu¬

347.0 524.0 1011.0 86.0 ple: que ceux qui procurent le bien du peuple

345.0 584.0 1013.0 81.0 ſont vrais Rois, & que les autres qui n’ont

348.0 644.0 1009.0 82.0 ſoin que de leur particulier ſont vrais tyrans,

347.0 700.0 1006.0 80.0 comme auſſi l’eſtime Ariſtote. Donques, e¬

345.0 757.0 1010.0 86.0 ſtant ainſi que chaſcun aime ce qui eſt ſien, &

348.0 819.0 1006.0 86.0 pluſieurs meſmes conuoitent le bien d’autruy,

349.0 878.0 1008.0 83.0 eſt-il vrayſemblable que les hommes ayent

348.0 936.0 1007.0 87.0 cerché vn maiſtre pour luy donner de gayeté

347.0 999.0 1010.0 82.0 de cœur tout ce qu’ils auroyent amaſſé auec

349.0 1058.0 1006.0 83.0 grãde peine & à la ſueur de leurs viſages? faut¬

348.0 1114.0 1007.0 87.0 il pas pluſtoſt eſtimer qu’ils auront choiſi ce¬

349.0 1175.0 1009.0 86.0 luy qui leur a donné occaſion de penſer qu’il

350.0 1233.0 1007.0 80.0 trauailleroit à maintenir iuſtice au riche & au

351.0 1291.0 1000.0 92.0 pauure eſgalement, à rendre à chaſcun le ſien,

350.0 1356.0 1008.0 83.0 au lieu de l’aproprier à ſoy, à conſeruer le miel

345.0 1408.0 1006.0 92.0 des abeilles, c’eſt à dire le labeur de ſes ſuiets,

347.0 1469.0 1004.0 93.0 pluſtoſt qu’à le mãger comme feroit vn bour¬

345.0 1529.0 1010.0 92.0 don inutile, brief qui au lieu de s’emparer des

349.0 1591.0 1004.0 90.0 biens des particuliers, empeſcheroit tous en¬

351.0 1648.0 1002.0 82.0 nemis quelconques de s’en ſaiſir? Mais que me

349.0 1710.0 1004.0 84.0 chaut-il, dira le payſan, ſi c’eſt l’ennemi ou le

355.0 1772.0 996.0 84.0 Roy qui m’emporte mon bien, veu que l’vn

349.0 1836.0 1004.0 79.0 me mãge auſſi biẽ que l’autre, & que ie meurs

343.0 1884.0 1010.0 85.0 de faim, & ſuis reduit à l’extreme extremité

349.0 1946.0 1004.0 97.0 auſſi toſt par vn gendarme du Royaume que

626.0 109.0 458.0 62.0 TROISIESME

1262.0 2018.0 84.0 88.0 par
