1388 2338
317.0 89.0 107.0 65.0 100

323 148 1001 76 toute l’aſſemblee d’Iſrael, eſt ſacré Roy, & aſsis

327 214 996 74 (dit le texte) ſur le throne d’Iſrael. Alors &

324.0 271.0 997.0 77.0 non pluſtoſt, les Princes, les Seigneurs, ſes fre¬

323.0 350.0 998.0 56.0 res meſmes luy font hommage & preſtent ſer

323.0 390.0 997.0 73.0 ment de fidelité. Et afin que lon ne die que

324.0 448.0 993.0 72.0 cela a eſté fait ſeulement pour vuider le diffe¬

322.0 510.0 998.0 66.0 rent qui euſt peu naiſtre à cauſe de la ſucceſ¬

321.0 570.0 999.0 72.0 ſion entre les freres, enfans de Dauid, nous li¬

322.0 628.0 998.0 73.0 ſons que les autres Rois ſuiuans ont eſté ainſi

330.0 687.0 989.0 75.0 eſtablis en leur charge. Il eſt dit qu’apres la

325 742 990 74 mort de Salomon le peuple s’aſſembla pour

325 800 990 82 creer Roy ſon fils Roboam. Apres qu’Ama¬

327 861 986 80 zias eut eſté tué, Ozias ſon fils vnique fut eſleu

325.0 923.0 986.0 76.0 Roy par tout le peuple. Ochozias apres Io¬

317.0 981.0 998.0 80.0 ram, & Ioacham fils de Ioſias, apres le treſpas

317.0 1036.0 994.0 86.0 de ſon pere, la pieté duquel ſembloit aſſez re¬

317.0 1098.0 994.0 82.0 querir cela ſans autre ſolennité, toutesfois, luy

317.0 1159.0 994.0 74.0 & les autres furent eſleuez au ſiege Royal par

317.0 1217.0 994.0 76.0 le peuple. Il faut rapporter à cela ce que Chu¬

317.0 1276.0 993.0 85.0 ſai diſoit à Abſalom, Ie ſuiuray (dit-il) le Roy

317.0 1338.0 993.0 76.0 que le Seigneur, ce peuple, & tous les hommes

317.0 1404.0 993.0 68.0 d’Iſrael auront eſleu : c’eſt à dire le Roy eſta¬

317.0 1453.0 993.0 88.0 bli legitimement & ſelon l’ordre acouſtumé.

317 1517 993 80 Parquoy, encores que Dieu euſt promis à ſon

317.0 1578.0 991.0 80.0 peuple vne lampe perpetuelle, c’eſt à dire vn

317.0 1640.0 987.0 70.0 Roy & continuel ſucceſſeur de la race de Da¬

306.0 1698.0 1002.0 77.0 uid, & que la ſucceſsion des Rois de ce peuple

306.0 1757.0 1001.0 77.0 euſt eſté aprouuee par la parole de Dieu meſ¬

305.0 1822.0 1003.0 70.0 mes:neantmoins, puis que nous voyõs les Rois

305.0 1878.0 1002.0 76.0 n’auoir point regné que premierement le peu

308.0 1935.0 998.0 91.0 ple ne les euſt ordonnez & inſtallez auec les

625.0 101.0 435.0 54.0 TROISTESME

142 709 171 74 2. Rois 10

138 767 177 62 2. Chron.

142 818 171 68 16.36, &

144 868 146 61 22.1, &

146 933 137 43 26.1, &

144 963 89 70 36.1.

142 1276 133 61 2. Sam.

142 1322 106 57 16.18.

140 1515 160 90 Pſe.32.

141 1592 103 61 II.12.

1172.0 2013.0 130.0 62.0 cere¬
