1388 2338
329.0 91.0 92.0 66.0 224

341 138 1006 80 brief, s’il eſt vn lourdaut, pareſſeux, & homme

341.0 207.0 1008.0 69.0 ſans iugement, &c. auſſi les Electeurs, Pairs &

339.0 277.0 1010.0 59.0 tels autres ſeront cõptablesdu gouuernement

336.0 326.0 1010.0 67.0 du Prince, s’ils n’aboliſſẽt ou preuienẽt la tyrã

336.0 384.0 1010.0 70.0 nie du Prince, ou s’ils ne ſuppleẽt à ſa fetardiſe

336.0 442.0 1007.0 73.0 par leur ſoin & diligẽ ce. Finalemẽt cõme le tu¬

337.0 503.0 1008.0 65.0 teur oubliãt à faire pour ſõ mineur tout ce que

339.0 566.0 1004.0 67.0 vn ſage pere de famille pourroit executer, ſem

337.0 623.0 1006.0 65.0 ble eſtre inexcuſable, & que pour mieux s’ac¬

337.0 683.0 1004.0 71.0 quitter on luy baille des cõſeillers qui ſõt tenus

337.0 741.0 1008.0 70.0 veillerſur luy: auec beaucoup plus iuſte raiſõles

337.0 804.0 1004.0 66.0 officiers d’vne courõne pourront & deuront

337.0 863.0 1005.0 63.0 agir contre vn Prince qui au lieu de pere de

339.0 923.0 1000.0 66.0 famille ſera deuenu ennemi de ſon peuple: veu

339.0 978.0 998.0 71.0 qu’ils ſont autant comptables du fait d’iceluy

344.0 1039.0 994.0 72.0 que du leur propre. Il faut auſſi que tels Offi¬

343.0 1098.0 994.0 74.0 ciers ſe ramentoiuent que le Roy tient voire¬

343 1155 994 68 ment le premier rang en l’adminiſtration de

341 1213 996 70 l’Eſtat: mais qu’eux le ſecõdent & ſuiuent chaſ

332.0 1278.0 1006.0 70.0 cun ſelon ſon rang. S’il ne s’acquitte pas de ſõ

331.0 1337.0 1005.0 69.0 deuoir ils ne ſont tenus de le ſuiure: s’il ruine

331.0 1396.0 1005.0 70.0 Ie public, ils ne feront pas les aueugles. Car la

330.0 1453.0 1006.0 74.0 Republique leur a eſté commiſe auſſi biẽ qu’à

330.0 1515.0 1007.0 74.0 luy, en telle ſorte que ce n’eſt aſſez qu’ils ayent

326.0 1575.0 1008.0 69.0 ſoin de bien faire, mais conuient auſſi qu’ils cõ

327.0 1636.0 1007.0 68.0 tienent le Prince en ſa charge. Brief, tout ain¬

326.0 1695.0 1010.0 70.0 ſi que le Roy a promis de procurer le profit du

327.0 1754.0 1009.0 69.0 public, eux ſemblablement. Encores donc que

327.0 1814.0 1006.0 73.0 luy ſe periure, eux ne penſerõt pourtant eſtre

328.0 1875.0 1002.0 70.0 quittes de leur promeſſe, non plus que les E¬

327 1934 1005 85 ueſques s’ils enduroyent vn Pape heretique &

608.0 87.0 433.0 59.0 TROISIESME

165.0 1032.0 160.0 62.0 L. 1o. &

167.0 1069.0 150.0 72.0 33.D. de

167.0 1120.0 156.0 64.0 adm. &

163 1169 160 68 peric. tu

159 1217 166 72 tor. & cur

1147.0 2005.0 183.0 58.0 ruinant
