1421 2338
89 136 1002 91 ué? En apres, d’où viẽt que le Roy iure le pre¬

87 208 1004 78 mier, à l’inſtance & ſtipulation du peuple, ſi¬

83.0 270.0 1008.0 72.0 non pour receuoir la condition teuë ou expri¬

87.0 327.0 1000.0 76.0 mee? Pourquoy eſt appoſee condition au con

80.0 385.0 1007.0 77.0 tract, ſinon afin qu’à faute de l’accomplir le

80.0 444.0 1007.0 78.0 contract demeure nul ſelon le droit? Que ſi

84.0 503.0 1000.0 76.0 par faute de ſatisfaire à la condition de droit,

81.0 566.0 1004.0 74.0 vn tel contract eſt nul: qui oſera appeller per¬

77.0 626.0 1010.0 71.0 iure le peuple lequel refuſe obeir au Roy ne

77.0 684.0 1008.0 73.0 tenant conte de la promeſſe qu’il pouuoit &

79.0 742.0 1005.0 75.0 deuoit tenir, & violant la loy qu’il a iurec? Au

77.0 804.0 1004.0 74.0 contraire, faut-il pas eſtimer vn tel Roy perfi¬

74.0 857.0 998.0 84.0 de, periure, & indigne de ſon rang? Car ſi la

74.0 917.0 998.0 76.0 loy afranchit le vaſſal enuers lequel ſon ſei¬

81.0 985.0 991.0 70.0 gneur aura commis felonnie, encore que pro¬

80.0 1043.0 992.0 72.0 prement le ſouuerain ne promette rien par ſer

72.0 1091.0 1000.0 83.0 ment à ſon vaſſal, ains le vaſſal à luy: ſi la loy

74.0 1157.0 998.0 74.0 des douze tables deteſte & declaire exeerable

72.0 1219.0 1009.0 73.0 Ie protecteur fraudant celuy qui eſt en ſa pro¬

72.0 1279.0 1011.0 70.0 tection: ſi le droit ciuil permet au ſerf afran¬

71.0 1337.0 1013.0 76.0 chi de tirer en iuſtice ſon patron qui luy aura

70.0 1397.0 1013.0 70.0 fait vne iniure atroce: ſi en tels cas le meſme

71.0 1453.0 1014.0 77.0 droit deliure l’eſclaue de la puiſſance de ſon

70.0 1517.0 1011.0 72.0 maiſtre, encores que l’obligation ſoit naturel¬

70.0 1575.0 1013.0 73.0 le ſeulement, non pas ciuile: n’eſt-il pas plus

68.0 1636.0 1016.0 69.0 raiſonnable que le peuple ſoit abſous du ſer¬

70.0 1692.0 1013.0 78.0 ment de fidelité preſté au Roy, ſi le Roy qui a

70.0 1754.0 1015.0 72.0 Ie premier (comme le procureur à celuy qui le

68.0 1811.0 1016.0 73.0 conſtitue) rompu ſa foy, vient à l’enfraindre?

70.0 1874.0 1015.0 65.0 Et quand toutes ces ceremonies & ſermens

68.0 1931.0 1013.0 78.0 ceſſeroyent, ſi eſt-ce que nature meſmes mon¬

368.0 87.0 378.0 61.0 QVEST ION.

1017.0 93.0 74.0 72.0 193

1089 845 158 99 Lib 2 fui¬

1089 919 140 62 dor.t.26.

1093.0 970.0 127.0 70.0 S.24.&

1091.0 1026.0 88.0 51.0 t.47.

1089.0 1059.0 129.0 74.0 Dionyſ:

1091 1124 109 52 Halic.

1091 1167 90 60 lib.2.

824.0 1992.0 104.0 79.0 N.j.
