1426 2343
78 152 1004 92 par le plus eſtranger du mõde, l’vn nettoyant

71.0 225.0 1016.0 75.0 ma grange, vuidant mes tõneaux, & ruinãt ma

70.0 285.0 1014.0 79.0 maiſon, d’auſſi grande furie que l’autre? Quel

69.0 350.0 1014.0 67.0 auãtage y a-il pour moy d’eſtre tué de la main

70.0 403.0 1013.0 73.0 d’vn ſoldat Barbare, ou d’vn Romain, veu que

69.0 464.0 1011.0 74.0 ie demeure touſiours mort? Pourquoy appelle

67.0 523.0 1011.0 75.0 ray-ie le Barbare mõ ennemi, ſi toy, qui es mõ

74.0 583.0 1001.0 76.0 patriotte, trempes tes mains en mon ſang? A

74.0 641.0 1000.0 78.0 quel propos nommeray-ie tyrã celuy qui viẽ¬

69.0 695.0 1009.0 80.0 dra de loin m’oſter la vie & les biẽs, ſi toy qui

69.0 758.0 1006.0 78.0 t’appelles Roy me traites en la meſme ſorte? Ie

67.0 820.0 1007.0 76.0 di dauantage, que comme le parricide eſt vn

66.0 878.0 1007.0 77.0 crime plus horrible que le meurtre, auſſi le for

65.0 933.0 1009.0 84.0 fait d’vn Roy ſur paſſe de beaucoup celuy d’vn

67.0 1000.0 1004.0 76.0 ennemi, quand tous deux font vn dommage

69.0 1054.0 1001.0 81.0 pareil. Que ſi en eſſiſant les Rois le peuple ne

67.0 1119.0 1004.0 72.0 leur a pas donné ſes biens, ains les leur a recõ¬

67.0 1178.0 1003.0 74.0 mandez & baillez en garde, à quel tiltre les

67.0 1233.0 1002.0 77.0 Rois pourront-ils s’attribuer tels biens, ſinon

67.0 1292.0 1006.0 79.0 qu’ils alleguent le droit des brigands? Voila

66.0 1357.0 1007.0 77.0 pourquoy les Rois d’Egypte n’eſtoyent point

65.0 1413.0 1002.0 73.0 (ſelon le droit) ſeigneurs des biẽs particuliers:

60.0 1464.0 998.0 80.0 mais ils l’ont eſté de fait, dit l’hiſtoire, apres a¬

62.0 1526.0 996.0 86.0 uoir receu les heritages, aſauoir quãd le peuple

60.0 1585.0 998.0 88.0 changea ſes terres à du fromẽt. Encores pour¬

58.0 1647.0 1000.0 79.0 roit-on diſputer de ce cõtract: & reuoquer en

60.0 1702.0 998.0 84.0 doute la validité d’iceluy. Achab Roy d’Iſrael

58.0 1767.0 1000.0 78.0 ne pouuoit pas contraindre Naboth de ven¬

61.0 1826.0 1005.0 78.0 dre ſa vigne: & quand Naboth l’euſt voulu

62.0 1884.0 1005.0 84.0 vendre, la Loy de Dieu s’y oppoſoit. Les

59.0 1948.0 1010.0 89.0 Empereurs Romains, qui ont vne puiſſance

388.0 103.0 391.0 59.0 QVESTION.

1027 119 72 78 159

1078 1491 154 80 Gen. 47.

1080 1556 54 58 20.

1078 1724 150 78 1.Rois 21.

1078 1786 99 74 1.&c.
