1445 2338
81.0 172.0 1015.0 79.0 Officiers & ſeruiteurs du Royaume. Car puis

85 235 1007 75 que le Roy a ce nom à cauſe du Royaume, &

83 293 1009 77 que c’eſt le peuple qui donne eſtre & cõſiſten¬

83 355 1012 69 ce au Royaume, lequel eſtant perdu ou ruiné,

81 413 1017 72 il faut que le Roy ceſſe d’eſtre Roy, ou ne ſoit

84 474 1014 74 pas tant Roy qu’autresfois: certainement ceux

87 533 1007 70 qui ont le bien & profit du Royaume en re¬

85 593 1013 69 commandatiõ ſont vrais amis du Roy, & ceux

88 654 1008 70 qui ne tienent compte de ce bien, ou qui le

84 710 1015 70 renuerſent, ſont vrais ennemis du Roy. Et

85 772 1013 69 comme on ne ſauroit ſeparer le Royaume d’a¬

85 831 1016 74 uec le peuple, ni le Roy du Royaume: auſſi ne

87 889 1016 72 peut-on deſioindre les amis du Roy d’auec les

88 948 1012 72 amis du peuple & du Royaume. Ie diray da¬

88 1010 1015 73 uantage, que ceux qui aimẽt de vraye affection

89 1070 1009 71 François, l’aiment mieux voir Roy que ſuiet.

428.0 131.0 339.0 43.0 VHSTTON.

1016.0 111.0 76.0 63.0 123

90.0 1127.0 1011.0 75.0 Or puis qu’ils ne ſauroyẽt le voir tel ſans Roy¬

90.0 1191.0 1015.0 68.0 aume, il faut conſequemment qu’en aimant

89.0 1244.0 1015.0 74.0 François, ils aiment auſſi le Royaume. Mais

90.0 1305.0 1017.0 75.0 ceux qui veulẽt eſtre eſtimez plus amis de Fran

93.0 1367.0 1011.0 74.0 çois que du Royaume & du peuple, doyuent e¬

90.0 1428.0 1015.0 72.0 ſtre eſtimez flatteurs & les plus dangereux en¬

90.0 1487.0 1018.0 63.0 nemis que lon ſauroit trouuer. S’ils luy ſont

96.0 1544.0 1011.0 71.0 vrais amis, faudra-il pas que le Roy deuiene

97.0 1601.0 1011.0 75.0 plus puiſſant & aſſeuré en ſon Eſtat? ſuiuant le

94.0 1665.0 1014.0 72.0 dire de Theopõpus Roy de Sparte, apres que

93.0 1722.0 1019.0 67.0 les Ephores ou cõtrolleurs des Rois eurẽt eſté

94.0 1783.0 1015.0 74.0 inſtituez, que plus y aura de gens cõmis de par

96.0 1840.0 1015.0 71.0 le peuple pour veiller ſur les afaires du Royau¬

98.0 1900.0 1011.0 76.0 me, & plus ils auront de credit, plus l’Eſtat ſera

98.0 1960.0 395.0 88.0 ferme & heureux.
