1431 2343
97 138 1015 90 la rigueur du droit, & commettre iniuſtice en

102.0 212.0 1011.0 76.0 penſant faire tout autrement, le Roy prenant

102.0 288.0 1009.0 56.0 en main les balances de la raiſon, qui eſt l’ame

101.0 328.0 1009.0 74.0 de la loy, pourra donner l’interpretatiõ con¬

102.0 386.0 1008.0 78.0 uenable, dautant que ce qui eſt prins de l’in¬

105.0 446.0 1004.0 77.0 tention de la loy doit eſtre eſtimé autant que

101.0 503.0 1003.0 84.0 la loy meſme. Toutesfois de peur que quelque

105.0 564.0 990.0 80.0 paſsion ne s’empare du ſiege de la raiſon, le

104.0 623.0 991.0 79.0 Roy ne ſe doit ingerer de rien faire en cela

103.0 681.0 1001.0 80.0 ſans l’auis de gens ſages, ce que nous liſons a¬

105.0 736.0 999.0 80.0 uoir eſté ordinairement pratiqué par Ale¬

106.0 801.0 1012.0 78.0 xandre Seuere Empereur Romain. Par ainſi le

110.0 863.0 1008.0 78.0 Roy punira rigoureuſement le meurtrier: &

109.0 922.0 1009.0 78.0 cependant pardonnera à celuy qui ſans y pen¬

109.0 980.0 1013.0 71.0 ſer auroit laiſſé eſchapper de ſes mains vne coi

113.0 1038.0 1010.0 82.0 gnee de laquelle vn paſſant auroit eſté aſſené

110.0 1097.0 1015.0 81.0 & tué. Il fera mourir le voleur, & abſoudra

113.0 1161.0 1012.0 79.0 celuy qui aura tué le voleur, en ſon corps

113.0 1222.0 1012.0 71.0 defendant. Brief en toutes autres occur¬

115.0 1276.0 1013.0 80.0 rences il diſtinguera, comme eſtabli arbitre

114.0 1339.0 1014.0 73.0 & eſtant neutre, le cas d’auanture d’auec

115.0 1397.0 1010.0 79.0 le guet à pens, la bonne foy d’auec la ri¬

121.0 1456.0 1004.0 78.0 gueur du droit, ſans iamais fauoriſer à ma¬

117.0 1512.0 1014.0 79.0 le foy ni à trahiſon. Faiſant autrement il

118.0 1572.0 1014.0 81.0 ne ſauroit acquerir à la verité le nom de

119.0 1632.0 1011.0 79.0 Prince debonnaire. Pour certain, le berger

119.0 1692.0 1012.0 79.0 eſt beaucoup plus miſericordieux qui tue le

119.0 1743.0 1010.0 96.0 loup que celuy qui le laiſſe aller: le Roy eſt

123.0 1808.0 999.0 78.0 trop plus debonnaire qui liure le coulpa¬

121.0 1866.0 1005.0 90.0 ble au bourreau, que celuy qui le deliure.

410.0 97.0 385.0 59.0 QVESTION.

1041.0 87.0 51.0 75.0 151

1108 488 143 78 L. nomi¬

1112.0 550.0 162.0 57.0 nis & rei.

1114.0 602.0 163.0 59.0 S. verbum

1110.0 650.0 166.0 56.0 ex lege.D.

1110 693 145 64 de verb,

1112 739 96 96 ſgnif.

826.0 1929.0 147.0 89.0 K.iiij.
