1388 2338
58 141 1010 88 ſentement de tout Iſrael, il fut ſacré Roy d’I¬

57 205 1009 80 ſrael en Hebron. Ainſi donc il eſt oinct pre¬

57.0 268.0 1009.0 77.0 mierement par le Prophete, ſelon le comman¬

54.0 317.0 1012.0 92.0 dement de Dieu, en ſigne qu’il eſtoit eſleu, ſe¬

58.0 388.0 1001.0 77.0 condement, par le commandemẽt du peuple,

58.0 444.0 1006.0 79.0 lors qu’il fut eſtabli Roy: & ce afin que les

59.0 506.0 1006.0 78.0 Rois ſe ſouuienent touſiours que c’eſt de par

58.0 562.0 1007.0 80.0 Dieu, mais par le peuple & à cauſe du peuple

62.0 624.0 1006.0 81.0 qu’ils ſont eſleuez en leurs thrones: & qu’on

58.0 683.0 1011.0 84.0 ne diſe point (cõme lon fait couſtumierement)

61.0 742.0 1007.0 78.0 qu’ils ne tienent le Royaume que de Dieu &

59.0 801.0 1010.0 80.0 de l’eſpee, mais qu’on y adiouſte que ç’a eſté le

62.0 862.0 1007.0 83.0 peuple qui premierement leur a ceint ceſte eſ¬

63.0 919.0 1007.0 81.0 pee-là. Nous voyons le meſme ordre obſerué

62.0 976.0 1008.0 83.0 en Salomõ, encores qu’il fuſt fils de Roy. Dieu

63.0 1037.0 1005.0 77.0 auoit eſleu Salomõ, pour eſtre aſsis ſur le thro

62.0 1094.0 999.0 86.0 ne de ſon Royaume, & par paroles expreſſes a¬

64.0 1158.0 995.0 78.0 uoit promis à Dauid de luy aſsiſter comme vn

64.0 1215.0 1002.0 82.0 pere à ſon fils. Dauid auoit de ſa propre bou¬

60.0 1272.0 1006.0 80.0 che deſigné Salomon pour ſucceſſeur à la cou¬

63.0 1340.0 1007.0 77.0 rõne, en preſence de quelques vns des princi¬

68.0 1393.0 1004.0 83.0 paux de ſa Cour. Mais ce ne fut pas aſſez. Et

64.0 1447.0 1006.0 90.0 pourtãt Dauid aſſemble en Ieruſalẽ les Princes

67.0 1511.0 998.0 78.0 d’Iſrael, les Chefs des lignees, les Capitaines

66.0 1572.0 1004.0 76.0 des gardes & officiers ordinaires du Roy, les

64.0 1628.0 1006.0 76.0 Milleniers & Centeniers de toutes les villes,

68.0 1691.0 1010.0 80.0 les officiers du Domaine Royal, ſes fils, les

72.0 1749.0 1006.0 82.0 grãds ſeigneurs & perſonnes notables du roy¬

68.0 1811.0 1014.0 77.0 aume pour reſoudre & donner arreſt de ceſte

71.0 1870.0 1011.0 75.0 election. En ceſte cõpagnie apres l’inuocatiõ

70.0 1930.0 1011.0 84.0 du nom de Dieu, Salomon proclamé Roy par

359.0 100.0 386.0 51.0 QVES ITORV

998 74 78 83 99

1072 317 148 74 2.Sam.2.

1074.0 1096.0 152.0 55.0 2.Sam.7.

1074.0 1182.0 148.0 64.0 1.Rois 5.

1074 1237 148 56 1.Chron.

1074 1283 89 57 2855.

1079 1443 133 65 I. Rois 1.

1091.0 1500.0 39.0 56.0 32.

1081.0 1525.0 139.0 80.0 LChron.

1079 1589 145 67 28.1. &

1079 1630 162 78 292224:

809.0 1987.0 113.0 78.0 G.ij.
