1431 2338
331.0 97.0 34.0 78.0 6

334 163 1009 77 vous auez maintenant vn diſcours, monſtrant

330 227 1019 76 comme il faut maintenir la vraye Maïeſté du

328.0 285.0 1013.0 79.0 Prince & des Rois, deſquels vous eſtes deſcen¬

330.0 349.0 1011.0 74.0 dxs, & conſeruer au peuple ce droit que les

328.0 413.0 1012.0 68.0 bonnes loix & mœurs aprouuees des nations

330.0 463.0 1007.0 74.0 ont eſtabli d’vn meſme conſentement. Meſ¬

327.0 527.0 1010.0 75.0 mes quelques vns d’entre vous, procurans que

326.0 584.0 1010.0 73.0 ceſte Maieſté royale & les anciens droits des

330.0 640.0 1004.0 79.0 peuples fuſſent remis ſus es Gaules, y ont me¬

324.0 707.0 1010.0 71.0 né des armees contre certaine nation, qui ſe

324.0 763.0 1009.0 76.0 mocquant de Dieu & des hommes, appuyee

321.0 819.0 1008.0 77.0 ſur ruſes & trahiſons, a employé tout ſon e¬

321.0 881.0 1008.0 76.0 ſprit, ſes moyens & ſa force, pour reduire en

321.0 941.0 1007.0 72.0 la ſeruitude d’vne cruauté barbare les Gau¬

319.0 1001.0 1008.0 70.0 lois, francs & libres de nature, & du tout no¬

319.0 1057.0 1006.0 73.0 bles ſi lon conſidere leurs mœurs, loix & cou¬

317.0 1119.0 1007.0 69.0 ſtumes anciennes. Or en la deduction de ces

322.0 1178.0 1001.0 74.0 Queſtions qui ſont ici examinees, nous ver¬

314.0 1236.0 1009.0 74.0 rons à œil ouuert l’ancienne, c’eſt à dire, la

318.0 1298.0 1001.0 76.0 parfaite effigie du gouuernement des royau¬

313.0 1361.0 1006.0 69.0 mes, comme vne chaſte, vraye & ſaincte ma¬

314.0 1414.0 1003.0 75.0 trone, ſans aucun fard ni deſguiſement: au lieu

313.0 1475.0 1003.0 75.0 de laquelle ces Machiauelliſtes ci n’ont point

310.0 1532.0 1007.0 76.0 honte de nous preſenter vne forme d’admi¬

309.0 1589.0 1005.0 82.0 niſtration, qui eſt baſtarde, fardee, impudique

308.0 1652.0 1004.0 79.0 & meſchante. Ceſte ancienne façon de gou¬

305.0 1713.0 1005.0 75.0 uerner les Prouinces, Royaumes & Empires, a

305.0 1771.0 1003.0 77.0 eſté pratiquee par vos predeceſſeurs, & les Prin

301.0 1831.0 998.0 71.0 ces ornez de toutes ſortes de vertus royales,

301.0 1888.0 1005.0 79.0 l’ont diligemment obſeruee toute leur vie, la

298.0 1950.0 995.0 90.0 baillans de main en main les vns aux autres.

673.0 103.0 342.0 69.0 PREFACE.

1139.0 2013.0 154.0 91.0 A bon
