1431 2343
338.0 105.0 92.0 66.0 234

350 156 996 84 du Royaume, tels que ſont les Ducs, Mar quis,

345 221 1005 77 Seneſchaux, Comtes, Maires & autres ſont te¬

346.0 283.0 1008.0 74.0 nus de ſecourir toute la Republique, ou la par¬

342.0 342.0 1010.0 75.0 tie d’icelle foulee des tyrans, ſelon le deuoir

342.0 415.0 1009.0 66.0 qu’ils ont receu du peuple apres le Roy. Ceux¬

341.0 463.0 1011.0 73.0 là doiuent garantir tout le Royaume de ty¬

342.0 525.0 1012.0 73.0 rannie, ſelon le pouuoir que Dieu leur donne:

346.0 587.0 1005.0 65.0 les autres comme deputez és prouinces doi¬

348.0 644.0 1006.0 73.0 uent garder ce qui eſt en leur charge: ils doi¬

347.0 705.0 1007.0 68.0 uent (di-ie) reprimer le tyran comme les au¬

346.0 764.0 1008.0 66.0 tres ſont tenus le chaſſer arriere de leurs limi¬

346.0 821.0 1008.0 71.0 tes. Pourtant Mathathias, l’vn des principaux,

346.0 882.0 1009.0 68.0 tandis que les vns diſsimulent, & les autres

345.0 939.0 1010.0 74.0 ſont de la partie ou s’accõmodẽt pour la pluſ¬

347.0 1002.0 1007.0 70.0 part aux menees d’Antiochus preſſant tyran¬

349.0 1056.0 1005.0 76.0 niquement le Royaume des Iuifs, afin de re¬

349.0 1122.0 1005.0 74.0 ſtablir le Royaume de Dieu abatu par tyran¬

353.0 1173.0 999.0 82.0 nie, parle à ceux qui prenoyent les armes,

355.0 1232.0 1003.0 80.0 en la ſorte qui s’enſuit: Redreſſons l’eſtat de

357.0 1288.0 1003.0 88.0 noſtre peuple, combatons pour iceluy & pour

351.0 1360.0 1009.0 69.0 nos ſaincts lieux. Il appert de ce paſſage qu’on

357.0 1415.0 999.0 74.0 peut iuſtement leuer les armes contre vn ty¬

355.0 1472.0 1001.0 76.0 ran (comme ceſtuy-là l’eſtoit) non ſeule¬

353.0 1528.0 1005.0 84.0 ment pour la Religion, mais auſsi pour la

353.0 1593.0 1005.0 76.0 patrie. Car ceux là ne ſont taxez de per¬

355.0 1657.0 1007.0 69.0 ſonne d’auoir enuahi le Royaume, ains eſt

353.0 1708.0 1009.0 80.0 dit qu’ils ſe ſont vendiquez le Royaume qui

355.0 1770.0 1003.0 79.0 apartenoit à la lignee de Iuda. On trou¬

357.0 1837.0 1005.0 68.0 ue és hiſtoires pluſieurs exemples ſeruans

363.0 1890.0 997.0 76.0 à ce propos. Arbactus gouuerneur de Me¬

359.0 1956.0 1005.0 84.0 de tue Sardanapale filant entre les femmes

613.0 103.0 430.0 66.0 TROISIESME

179.0 1288.0 162.0 68.0 1. Macha

177.0 1339.0 116.0 74.0 13.43.

178.0 1871.0 169.0 61.0 Iuſtin.l.1.

174.0 1921.0 165.0 53.0 Diodorus

177 1973 167 82 ti.1-ch.37.

1231.0 2018.0 135.0 59.0 & di¬
