1421 2338
318.0 113.0 85.0 89.0 252

594.0 130.0 452.0 60.0 QVATRIESME

323.0 189.0 1004.0 69.0 (car quant aux conſciences les Turcs ne con¬

323.0 255.0 1005.0 68.0 traignent perſonne) eſt-ce pas choſe encores

326.0 311.0 1002.0 72.0 plus louable d’afranchir & remettre en liber¬

328.0 374.0 466.0 66.0 té les ames captiues?

392.0 429.0 939.0 71.0 CES exemples de tant de Princes craignãs

327.0 510.0 1004.0 49.0 Dieu pourroyent feruir de Loy. Ivais il faut

327.0 552.0 1005.0 67.0 ouir ce que Dieu meſmes prononce en plu¬

326.0 607.0 1004.0 67.0 ſieurs endroits de ſa parole, par la bouche des

326.0 674.0 1006.0 63.0 Prophetes, contre ceux qui n’auancent point

324.0 724.0 1007.0 73.0 le baſtiment de l’Egliſe, ou qui ne tienent cõ¬

326.0 783.0 1006.0 75.0 pte de l’affliction d’icelle. Les Gadites, les Ru¬

324.0 844.0 1008.0 76.0 benites, & la demie lignee de Manaſſé deman¬

328.0 905.0 1004.0 75.0 dent à Moyſe qu’il leur donne partage deça le

329.0 960.0 1002.0 78.0 Iordain: ce que Moyſe leur accorde, mais à cõ¬

326.0 1024.0 1006.0 68.0 dition, que non ſeulement ils aiderõt leurs au¬

323.0 1085.0 1010.0 72.0 tres freres Iſraelites à cõquerir le pays de Cha

324.0 1146.0 1009.0 69.0 naan, mais auſſi marcheront les premiers & fe¬

323.0 1204.0 1010.0 72.0 ront l’auãtgarde, puis qu’ils auoyent eſté par¬

327.0 1265.0 1009.0 68.0 tagez les premiers. S’ils font autrement il les a¬

326.0 1326.0 1011.0 69.0 nathematize, & les compare à ceux qui auoyẽt

326.0 1380.0 1006.0 74.0 eſté iugez rebelles en Cadesbarné. Et quoy?

324.0 1444.0 1012.0 66.0 dit-il:vos freres combatront, & vous-vous re¬

326.0 1501.0 1011.0 74.0 poſerez cependant? mais au cõtraire, vous paſ¬

324.0 1563.0 1013.0 63.0 ſerez le Iordain & ne retournerez en vos mai¬

324.0 1621.0 1012.0 67.0 ſons que premierement Dieu n’ait chaſſé ſes

327.0 1682.0 1009.0 63.0 ennemis de deuant ſa face. Alors ſerez-vous

327.0 1739.0 1010.0 70.0 innocens en la preſenee du Seigneur & de ſon

331.0 1797.0 1008.0 79.0 peuple Iſrael. Il monſtre par cela que ceux qui

331.0 1860.0 1005.0 70.0 ont eſté premierement benis par le Seigneur

331.0 1918.0 1010.0 69.0 tout bon & tout puiſſant doyuent attendre ſa

332.0 1979.0 1012.0 83.0 vengeance ſur leurs teſtes s’ils ne ſecourent

1223.0 2036.0 122.0 68.0 leurs

153.0 931.0 161.0 69.0 Nom. 32

152.0 981.0 163.0 74.0 Ioſué. 4.

157.0 1043.0 63.0 49.0 12.

153.0 1083.0 141.0 68.0 Deut.3.

154.0 1133.0 68.0 63.0 20.
