1421 2338
306 113 93 70 166

306 170 1014 85 le vent, & l’eau. Vn Roy nommé Lycurgus en

306 240 1012 71 la petite Aſie, ayant commencé a mettre im¬

310 293 1013 78 poſts ſur les ſalines, on dit qu’elles tarirent

306 358 1014 71 ſoudainement, comme ſi nature euſt fait en¬

307 411 1013 77 tendre à haute voix qu’elle ne vouloit point

306 470 955 80 ſouffrir qu’on reſtraigniſt ainſi ſa liberalité.

606 111 442 61 TROISIES ME

375 531 940 76 OR combien qu’auiourd’huy, ſi lon en

307 592 1011 78 croid(comme Iuuenal ſe plaignoit de Palphu¬

303 672 1012 55 rius d d’Alhdllatus Courchans de lon temps)

306 706 1012 78 les flatteurs, tout ce que la mer a de beau & de

305 767 1010 78 bon apartiẽt au fiſque: ſi eſt-ce que le premier

302 831 1011 74 inuenteur de ce peage à Rome, aſauoir le Cen¬

302 887 1013 78 ſeur Liuius, qui en fut ſurnõmé Salinator, c’eſt

300 946 1014 76 adire le Saulnier, ne fit cela ſinon pour accom¬

298 1004 1017 79 moder la Republique qui lors eſtoit reduite en

303 1065 1008 75 grãde neceſsité. Pour ceſte meſme cauſe le Roy

298 1123 1017 83 Philippe le Lõg obtint en Frãce l’impoſt du ſel

301 1191 1010 71 pour cinq ans ſeulement: & chaſcun ſait quels

297 1246 1013 76 troubles ceſte continuatiõ d’impoſt engẽdra.

297 1306 1013 77 Il appert auſsi que les tributs eſtoyẽt employ¬

300 1357 1009 88 ez à l’entretenement des gens de guerre, en ce

302 1426 1007 80 que ce ſont choſes pareilles de rendre vne pro¬

302 1476 1007 84 uince ſtipendiaire & militaire. Voila cõme Sa¬

298 1533 1009 82 lomon exige les tributs, aſauoir pour fortifier

294 1597 1011 76 les villes, & dreſſer vn arcenal public:ce qu’ayãt

300 1658 1005 81 eſté fait le peuple demande puis apres à Robo¬

294 1716 1011 84 am d’eſtre deſchargé de tels tributs. Les Turcs

294 1778 1006 80 appellẽt le tribut des prouinces, le Sacré Sang

294 1835 1013 84 du peuple, & eſtiment que ce ſoit vne choſe dũ

300 1895 1005 82 tout meſchãte d’ẽployer tels deniers à autre a¬

298 1956 1004 83 faire qu’à la defence du peuple. Araiſõ dequoy

300 2018 1000 97 tout ce que le Roy conqueſte en guerre, c’eſt

114 1513 161 80 *.Rois 9.

124 1578 111 63 & 12.

124 1710 160 76 Poſtel, au

122 1772 162 71 5liu. de la

124 1830 133 62 Rep des

124 1879 111 79 Tures.
