1440 2338
72.0 151.0 1023.0 60.0 byſes, que tout luy eſtoit loiſible. Les ſtois de

72.0 201.0 1018.0 70.0 Sparte, appellez Rois legitimes par Ariſtote,

72.0 262.0 1018.0 64.0 tous les mois renouuelloyent leur ſerment,

70.0 317.0 1017.0 76.0 promettans és mains des Ephores procureurs

68.0 368.0 1013.0 84.0 du Royaume, qu’ils regneroyent ſelon les loix

75.0 435.0 1002.0 75.0 que Lycurgus auoit dreſſees au pays. A l’oc¬

71.0 496.0 1010.0 72.0 caſion Archidamus fils de Zeuxidamus, enquis

79.0 554.0 1010.0 73.0 qui eſtoyẽt les gouuerneurs de la ville de Spar¬

75.0 613.0 1016.0 70.0 te? Les loix, & les Magiſtrats deuëment eſta¬

74.0 672.0 1018.0 64.0 blis, dit-il. Et de peur que les loix ne vinſſent

76.0 732.0 1011.0 73.0 en meſpris, ces peuples ſe vantoyent de les a¬

75.0 789.0 1012.0 72.0 uoir receues du ciel, & qu’elles auoyent eſté

75.0 846.0 1012.0 74.0 inſpirees de Dieu, afin que chaſcun au lieu de

75.0 910.0 1014.0 71.0 s’eſtimer iugé par les hommes, creuſt que Dieu

77.0 968.0 1010.0 73.0 meſme le iugeoit. Les Rois d’Egypte ne fai¬

79.0 1031.0 1010.0 65.0 ſoyent rien que ſelon la teneur des loix, con¬

75.0 1087.0 1017.0 70.0 feſſans haut & clair que leur felicité dependoit

77.0 1143.0 1004.0 68.0 de l’obeiſſance qu’ils rendoyent aux loix. Ro¬

74.0 1200.0 1007.0 78.0 mulus dreſſant le Royaume de Rome, accorde

77.0 1260.0 1004.0 76.0 auec le Senat en ces termes, que le peuple face

79.0 1319.0 1002.0 74.0 les loix, & luy donne ordre de les faire obſer¬

75.0 1379.0 1006.0 70.0 uer & en ſoit le conſeruateur. Antiochus, troi¬

80.0 1441.0 1000.0 72.0 ſieſme du nom, Roy d’Aſie, eſcriuit à toutes

79.0 1501.0 1004.0 73.0 les villes de ſon Royaume, Que ſi és lettres à

81.0 1566.0 1006.0 65.0 elles enuoyees en ſon nom ſe trouuoit cho¬

77.0 1622.0 1008.0 73.0 ſe repugnante aux loix, lon creuſt que le Roy

81.0 1684.0 1008.0 64.0 n’auoit rien ordonné de cela, & pourtant que

81.0 1737.0 1010.0 77.0 les villes ne rẽdiſſent aucune obeiſſance à tel¬

84 1801 252 65 les lettres.

406.0 88.0 365.0 49.0 QVES IION.

1020.0 70.0 89.0 85.0 143

1102 321 145 68 Yenophẽ

1093 368 148 62 au liu.de

1095.0 418.0 155.0 61.0 la Repub

1095.0 479.0 163.0 47.0 des Lace¬

1094.0 518.0 165.0 57.0 demoniẽs.

1098 1143 129 76 Dionyſ.

1102 1202 135 60 Halicar.

1098.0 1243.0 98.0 77.0 Lib.1.

1106 1363 121 84 Fulgoſe

1098.0 1428.0 131.0 66.0 au 5.liu.

1097.0 1474.0 83.0 67.0 ch.6.

146.0 1857.0 952.0 71.0 OR combien que quelques Iuriſconſultes

85.0 1919.0 1010.0 89.0 diſent que par arreſt du Senat, l’Empereur
