1436 2343
54 140 1024 86 en ce qu’ils ont acouſtu mé d’obiecter à ceux

54 212 1017 67 qui n’ont aſſez d’adreſſe pour leur reſpondre,

57 270 1022 73 Qu’obeiſſance vaut mieux que ſacrifice: car il

52.0 330.0 1024.0 74.0 n’y a texte en l’Eſcriture ſaincte qui les con¬

53.0 423.0 1022.0 33.0 Ponde pinscdlucinient que centaj la, conte¬

54.0 452.0 1022.0 60.0 nu en la reprehenſion de Samuel taxant le

55.0 507.0 1022.0 73.0 Roy Saul d’auoir deſobey au mandement de

54.0 568.0 1023.0 72.0 Dieu, & de ſacrifier mal à propos. Si donc Saul,

55.0 630.0 1026.0 65.0 tout Roy qu’il eſtoit, a deu obeir à Dieu: il

53.0 689.0 1028.0 71.0 s’enſuit par toute bonne conſequence que les

55.0 748.0 1026.0 68.0 ſuiets ne ſont tenus d’obeir au Roy pour of¬

54.0 804.0 1027.0 74.0 fenſer Dieu. En ſomme, ſi ceux qui (à la façon

58.0 870.0 1023.0 68.0 des barbares Calecutiens) veulent que le ſerui¬

57.0 925.0 1020.0 75.0 ce de Dieu depende de la volonté de l’hom¬

57.0 986.0 1019.0 73.0 me, & la Religion du bon plaiſir d’vn Roy,

55.0 1050.0 1024.0 69.0 comme ſi c’eſtoit quelque Dieu en terre, ne

55.0 1109.0 1022.0 67.0 tienent pour aſſez ferme le teſmoignage de

57.0 1167.0 1019.0 68.0 l’Eſcriture ſaincte: au moins qu’ils aprenent

58.0 1220.0 1012.0 76.0 d’vn orateur Payen qu’en tout eſtat public il y

62.0 1280.0 1008.0 82.0 a quelques degrez du deuoir de ceux qui y

58.0 1349.0 1016.0 64.0 conuerſent, dont on peut conoiſtre ce dont

59.0 1407.0 1017.0 67.0 les vns ſont obligez enuers les autres: telle¬

58.0 1464.0 1019.0 73.0 ment que la premiere partie de ce deuoir tou¬

61.0 1525.0 1016.0 68.0 che les Dieux immortels, la deuxieſme concer

59.0 1588.0 1020.0 65.0 ne la patrie, la troiſieſme ceux qui ſont de no¬

61.0 1646.0 1019.0 72.0 ſtre ſang, les autres parties ſuiuantes de degré

62.0 1707.0 1019.0 67.0 en degré nos autres prochains. Or combien

65.0 1761.0 1014.0 71.0 que le crime de leſe Maieſté ſoit atroce, tou¬

62.0 1821.0 1013.0 74.0 tesfois il va apres le ſacrilege, offenſe qui tou¬

58.0 1878.0 1018.0 80.0 che proprement le Seigneur Dieu & ſon ſer¬

62.0 1948.0 1012.0 74.0 uicesce que les Iuriſconſultes conferment, tel¬

385.0 98.0 381.0 56.0 QVIS ITON.

1028.0 92.0 46.0 65.0 45

1086 136 135 92 LObie¬

1081.0 201.0 105.0 69.0 ction.

1081.0 442.0 159.0 66.0 1.Sam.15.

1088.0 497.0 57.0 52.0 22.

1088 1212 125 82 Ciceron

1084 1274 115 65 au I.liu.

1081.0 1325.0 136.0 75.0 des off¬

1087.0 1793.0 123.0 70.0 L.Lad

1085.0 1854.0 158.0 65.0 Leg. Iul.

1086 1901 146 67 Maiest.

1090 1956 127 72 Digest.
