1397 2338
61 146 994 87 gion? Nous ne parlons point ici des pri¬

61 215 994 73 uez & particuliers conſiderez vn par vn, &

62 276 991 73 qui ne ſont eſtimez parties du corps en¬

59 333 996 70 tier, comme les aix, les cloux, les cheuil¬

59 392 994 71 les ne ſont parties d’vn baſteau: ni les pier¬

59 452 996 72 res, cheurons, la blocaille, ne ſont par¬

59 511 1001 70 ties d’vne maiſon: mais nous parlons de

62 571 999 73 quelque ville ou Prouince, qui face vne

59 633 1000 72 portion du royaume, comme la prouë, la

61 689 998 73 pouppe, la carene & autres telles parties

57 746 994 72 font le baſteau: le fondement, le toict,

55 802 1004 76 les murailles font la maiſon. Nous parlons

55 866 998 73 auſsi du Magiſtrat qui gouuerne ceſte vil¬

55 926 998 71 le ou Prouince. S’il faut combatre, par e¬

54 985 998 76 xemples, encores que nous en ayons peu

58 1043 990 75 en main, à cauſe de la nonchalahce des hom¬

57 1107 1000 67 mes quand il eſt queſtion de maintenir le

55 1163 996 70 ſeruice de Dieu: toutes fois ſi en auons nous

61 1226 994 74 quelques vns, que nous propoſons, pour eſtre

62 1287 867 69 poſez & receus ſelon qu’ils le meritent.

383 107 361 52 QV EIS ITORE.

997 95 57 72 67

97 1346 951 68 LOBNA, ville des Sacrificateurs, ſe

54 1393 996 76 ſouſtrait de l’obeiſſance de Ioram, Roy de

55 1463 988 68 Iuda, & quitte ce Prince, pource qu’il a¬

58 1515 992 74 uoit abandonné le Dieu de ſes peres, lequel

54 1574 996 80 ceſte ville vouloit ſeruir, & peut-eſtre crai¬

58 1632 992 84 gnoit auſsi qu’on ne la contraigniſt de ſacri¬

58 1697 279 66 fier à Baal.

1059 966 129 93 Excples,

1057 1317 115 93 Lobna¬

1056 1387 142 72 Ioſué 21.

153 1761 910 65 SEMBLABLEMENT, alors que

53 1814 1010 71 le Roy Antiochus commanda que tous les

54 1875 1009 74 Iuifs adheraſſent à ſa religion, & quittaſſent

1057 1488 143 86 IChron.

1056 1537 89 64 6.57.

1057 1566 149 95 2Chron.

1056 1636 107 76 21.10.

796 1935 114 75 E.ij.
