1417 2338
60 155 1006 84 ment és Royaumes où le droit d’Election eſt

66 229 998 76 demeuré en ſon entier iuſques à preſent: mais

62.0 290.0 1008.0 74.0 auſsi en ceux, que lon eſtime eſtre purement

64.0 344.0 1006.0 74.0 hereditaires. Quand le Roy de France eſt ſacré

68.0 407.0 1002.0 68.0 & couronné, les Eueſques de Laon &de Beau¬

64.0 465.0 1006.0 70.0 uais, Pairs Eccleſiaſtiques, demandent au peu¬

70.0 528.0 1003.0 73.0 ple là preſent, s’il deſire & commande que ce¬

67.0 589.0 1009.0 63.0 luy qui aſsiſte lors, ſoit Roy? & le formulaire

70.0 649.0 1005.0 71.0 du ſacre porte qu’il eſt lors eſleu par le peuple.

68.0 707.0 1008.0 74.0 Le peuple ayant donné ſigne de conſentir à

63.0 768.0 1010.0 71.0 cela, le Roy iure, qu’il conſeruera tous les

71.0 829.0 1004.0 72.0 droits, priuileges & loix de France vniuerſel¬

70.0 887.0 1006.0 72.0 lement, qu’il n’alienera point le Domaine, &

72.0 945.0 1003.0 72.0 autres articles qui ont eſté changez & telle¬

72.0 1005.0 1005.0 71.0 ment agencez depuis qu’ils different grande¬

72.0 1065.0 1004.0 67.0 ment d’auec le formulaire eſtant en la biblio¬

75.0 1122.0 1001.0 74.0 thecque du Chapitre de Beauuais, ſuiuant le¬

80.0 1185.0 999.0 73.0 quel on trouue que le Roy Philippe premier

78.0 1245.0 1001.0 60.0 du nom preſta le ſerment: ce neantmoins ils

78.0 1301.0 1006.0 68.0 ſont aſſez diſertement exprimez. Auſsi n’eſt-il

84.0 1362.0 998.0 73.0 pas ceint de l’eſpee, ni oinct, ni couronné des

80.0 1423.0 1004.0 72.0 Pairs, qui portent lors des chapeaux de fleurs

80.0 1482.0 1005.0 70.0 ſur leurs teſtes, & ne reçoit le ſceptre & la ver¬

89.0 1540.0 997.0 75.0 ge de iuſtice ni n’eſt proclamé Roy que pre¬

84.0 1602.0 1006.0 70.0 mierement le peuple ne l’ait commandé: & les

85.0 1665.0 1009.0 69.0 Pairs ne luy preſtent ſerment ſinon apres qu’il

87.0 1724.0 1007.0 69.0 leur a promis de garder ſoigneuſement les

85.0 1779.0 1009.0 73.0 loix. Icelles ſont, qu’il ne diſsipera point le Do

88.0 1843.0 1007.0 68.0 maine, qu’il n’impoſera de ſon propre mou¬

92.0 1905.0 1003.0 69.0 uement peages, ports, ni tributs: ne fera paix

91.0 1965.0 1002.0 74.0 ni guerre, ni choſe aucune concernant le pu¬

387.0 118.0 376.0 48.0 QVESTTOR.

982.0 105.0 78.0 64.0 189
