<?xml version="1.0" encoding="UTF-8"?>
<alto xmlns:xsi="http://www.w3.org/2001/XMLSchema-instance"
      xmlns="http://www.loc.gov/standards/alto/ns-v4#"
      xsi:schemaLocation="http://www.loc.gov/standards/alto/ns-v4# http://www.loc.gov/standards/alto/v4/alto-4-2.xsd">
  <Description>
    <MeasurementUnit>pixel</MeasurementUnit>
    <sourceImageInformation>
      <fileName>page_00173.png</fileName>
    </sourceImageInformation>
  </Description>
  <Tags>
    <OtherTag ID="BT7" LABEL="CustomZone" DESCRIPTION="block type CustomZone"/><OtherTag ID="BT8" LABEL="DamageZone" DESCRIPTION="block type DamageZone"/><OtherTag ID="BT9" LABEL="DigitizationArtefactZone" DESCRIPTION="block type DigitizationArtefactZone"/><OtherTag ID="BT10" LABEL="DropCapitalZone" DESCRIPTION="block type DropCapitalZone"/><OtherTag ID="BT11" LABEL="GraphicZone" DESCRIPTION="block type GraphicZone"/><OtherTag ID="BT12" LABEL="MainZone" DESCRIPTION="block type MainZone"/><OtherTag ID="BT13" LABEL="MarginTextZone" DESCRIPTION="block type MarginTextZone"/><OtherTag ID="BT14" LABEL="MusicZone" DESCRIPTION="block type MusicZone"/><OtherTag ID="BT15" LABEL="NumberingZone" DESCRIPTION="block type NumberingZone"/><OtherTag ID="BT17" LABEL="QuireMarksZone" DESCRIPTION="block type QuireMarksZone"/><OtherTag ID="BT18" LABEL="RunningTitleZone" DESCRIPTION="block type RunningTitleZone"/><OtherTag ID="BT19" LABEL="SealZone" DESCRIPTION="block type SealZone"/><OtherTag ID="BT20" LABEL="StampZone" DESCRIPTION="block type StampZone"/><OtherTag ID="BT21" LABEL="TableZone" DESCRIPTION="block type TableZone"/><OtherTag ID="BT22" LABEL="TitlePageZone" DESCRIPTION="block type TitlePageZone"/><OtherTag ID="BT100001" LABEL="MainZone-Head" DESCRIPTION="block type MainZone-Head"/><OtherTag ID="BT100011" LABEL="MainZone-Entry" DESCRIPTION="block type MainZone-Entry"/><OtherTag ID="BT100005" LABEL="MainZone-P" DESCRIPTION="block type MainZone-P"/><OtherTag ID="BT100008" LABEL="MainZone-Sp" DESCRIPTION="block type MainZone-Sp"/><OtherTag ID="BT100006" LABEL="MainZone-Continued" DESCRIPTION="block type MainZone-Continued"/><OtherTag ID="BT100009" LABEL="MarginTextZone-Notes" DESCRIPTION="block type MarginTextZone-Notes"/><OtherTag ID="BT100007" LABEL="MarginTextZone-ManuscriptAddendum" DESCRIPTION="block type MarginTextZone-ManuscriptAddendum"/><OtherTag ID="BT100013" LABEL="StampZone-Sticker" DESCRIPTION="block type StampZone-Sticker"/><OtherTag ID="BT100014" LABEL="MainZone-ListItem" DESCRIPTION="block type MainZone-ListItem"/>
    <OtherTag ID="LT7" LABEL="CustomLine" DESCRIPTION="line type CustomLine"/><OtherTag ID="LT8" LABEL="DefaultLine" DESCRIPTION="line type DefaultLine"/><OtherTag ID="LT9" LABEL="DropCapitalLine" DESCRIPTION="line type DropCapitalLine"/><OtherTag ID="LT10" LABEL="HeadingLine" DESCRIPTION="line type HeadingLine"/><OtherTag ID="LT11" LABEL="InterlinearLine" DESCRIPTION="line type InterlinearLine"/><OtherTag ID="LT12" LABEL="MusicLine" DESCRIPTION="line type MusicLine"/><OtherTag ID="LT747" LABEL="default" DESCRIPTION="line type default"/>
  </Tags>
  <Layout>
    <Page WIDTH="1421"
          HEIGHT="2338"
          PHYSICAL_IMG_NR="172"
          ID="eSc_dummypage_">
      <PrintSpace HPOS="0"
                  VPOS="0"
                  WIDTH="1421"
                  HEIGHT="2338">
        <TextBlock HPOS="65.0"
                   VPOS="168.0"
                   WIDTH="1011.0"
                   HEIGHT="1857.0"
                   ID="eSc_textblock_dbed7041"
                   TAGREFS="BT100006">
          <Shape><Polygon POINTS="65 168 67 2022 1076 2025 1063 1063 1067 168"/></Shape>
          <TextLine ID="line_2"
                    TAGREFS="LT8"
                    BASELINE="70 197 1065 203" 
                    HPOS="70"
                    VPOS="146"
                    WIDTH="995"
                    HEIGHT="80">
            <Shape><Polygon POINTS="70 197 70 219 236 213 276 220 287 222 288 222 298 220 333 214 355 220 361 222 362 222 363 222 376 220 429 214 461 214 475 220 479 223 480 223 481 223 483 223 488 220 502 215 537 220 552 223 553 223 563 220 589 215 602 222 607 223 609 223 610 223 628 222 666 216 684 222 694 224 696 224 697 224 727 222 763 218 775 222 783 224 784 224 785 224 806 222 835 218 857 222 878 226 879 226 880 226 894 222 911 218 946 222 978 226 979 226 1063 222 1065 203 1065 166 939 166 930 163 891 154 889 154 888 154 858 162 855 162 848 162 796 155 794 155 793 155 781 161 775 164 718 164 711 159 701 151 700 151 698 151 667 149 666 149 605 157 594 149 593 149 592 149 591 149 537 155 471 149 470 149 468 149 454 155 440 161 400 154 375 150 374 150 352 153 302 161 283 151 270 146 268 146 267 146 237 151 226 153 218 150 202 146 201 146 200 146 198 146 197 146 190 150 175 159 135 153 133 153 132 153 131 153 122 159 100 149 97 148 96 148 94 148 70 148 70 197"/></Shape>
	    <String CONTENT="peut de ſa propre autorité diminuer la maie¬"
                    HPOS="70"
                    VPOS="146"
                    WIDTH="995"
                    HEIGHT="80"
                    WC="0.9828823394245572"></String>
          </TextLine>
          <TextLine ID="line_3"
                    TAGREFS="LT8"
                    BASELINE="66 259 1065 264" 
                    HPOS="64"
                    VPOS="213"
                    WIDTH="1001"
                    HEIGHT="72">
            <Shape><Polygon POINTS="66 259 64 277 200 281 201 281 236 279 307 272 467 272 483 279 493 283 494 283 566 284 567 284 605 280 635 276 649 280 665 284 666 284 667 284 668 284 670 284 675 280 681 275 794 276 801 280 814 285 815 285 817 285 841 280 861 276 913 280 974 285 975 285 1063 280 1065 264 1065 231 996 231 994 229 972 216 971 216 970 216 968 216 967 216 930 229 928 229 927 229 909 222 907 222 906 222 905 222 889 229 888 231 817 231 813 228 788 219 787 219 785 219 736 228 733 228 732 228 701 215 700 215 698 215 697 215 696 215 676 228 675 228 671 228 611 215 610 215 561 227 559 228 489 228 487 227 466 214 465 214 463 214 462 214 461 214 432 227 429 227 424 227 387 219 385 219 384 219 383 219 374 226 371 228 316 228 313 226 279 213 277 213 276 213 181 214 180 214 179 214 170 220 158 213 157 213 155 213 90 213 89 213 88 213 66 223 66 259"/></Shape>
	    <String CONTENT="ſté qu’il a receuë du peuple, il ne peut afran¬"
                    HPOS="64"
                    VPOS="213"
                    WIDTH="1001"
                    HEIGHT="72"
                    WC="0.987450436669953"></String>
          </TextLine>
          <TextLine ID="line_4"
                    TAGREFS="LT8"
                    BASELINE="66 316 1065 326" 
                    HPOS="64"
                    VPOS="268"
                    WIDTH="1001"
                    HEIGHT="78">
            <Shape><Polygon POINTS="66 316 64 333 136 339 137 339 138 339 140 339 144 335 149 331 229 331 249 336 253 337 254 337 255 337 263 336 302 331 361 337 390 341 392 341 410 339 449 332 623 332 666 335 675 342 676 344 678 344 679 344 680 344 681 344 687 342 706 335 776 335 792 344 794 345 796 345 797 345 985 346 987 346 988 346 991 346 1014 340 1062 346 1065 326 1063 276 1020 276 1019 276 1018 276 1017 276 996 289 972 276 971 276 970 276 968 276 967 276 948 290 924 290 887 279 885 279 884 279 883 279 865 288 719 288 702 275 701 275 700 275 636 272 635 272 622 275 565 287 518 287 490 274 483 271 481 271 480 271 479 271 466 274 437 281 423 274 416 271 415 271 376 271 375 271 374 271 366 274 340 283 316 274 306 270 305 270 248 270 246 270 245 270 244 270 240 274 226 284 213 284 201 274 197 270 196 270 194 270 193 270 192 270 184 274 172 279 157 274 142 268 141 268 140 268 66 272 66 316"/></Shape>
	    <String CONTENT="chir de ſa domination vn ſeul iuiet, ni quitter"
                    HPOS="64"
                    VPOS="268"
                    WIDTH="1001"
                    HEIGHT="78"
                    WC="0.9915462630860349"></String>
          </TextLine>
          <TextLine ID="line_5"
                    TAGREFS="LT8"
                    BASELINE="64 376 1063 384" 
                    HPOS="64"
                    VPOS="329"
                    WIDTH="999"
                    HEIGHT="74">
            <Shape><Polygon POINTS="64 376 64 392 251 392 255 392 284 398 285 398 353 393 368 392 375 393 401 400 402 400 403 400 405 400 419 393 420 393 523 393 526 393 533 400 535 400 536 400 537 400 606 394 607 394 616 401 618 401 619 401 620 401 622 401 640 394 644 394 731 402 732 402 878 396 881 396 883 396 894 403 896 403 897 403 898 403 1062 396 1063 384 1062 348 1015 345 1005 336 1004 336 1002 336 1001 336 918 345 897 346 883 344 841 336 840 336 768 342 731 345 709 341 670 333 668 333 667 333 648 340 636 344 627 340 614 333 613 333 611 333 610 333 593 339 585 341 576 339 559 335 558 335 557 335 555 335 554 335 549 339 542 344 507 344 500 337 494 333 493 333 492 333 490 333 472 337 459 340 454 337 448 332 446 332 445 332 397 331 396 331 394 331 393 331 387 336 379 341 341 341 315 335 301 331 300 331 298 331 297 331 296 331 292 333 285 339 187 332 138 329 137 329 136 329 129 331 101 340 89 331 88 329 87 329 85 329 84 329 64 329 64 376"/></Shape>
	    <String CONTENT="la ſouueraineté de la moindre portion de ſon"
                    HPOS="64"
                    VPOS="329"
                    WIDTH="999"
                    HEIGHT="74"
                    WC="0.997038369708591"></String>
          </TextLine>
          <TextLine ID="line_6"
                    TAGREFS="LT8"
                    BASELINE="66 436 1058 444" 
                    HPOS="62"
                    VPOS="385"
                    WIDTH="994"
                    HEIGHT="82">
            <Shape><Polygon POINTS="64 434 62 448 138 461 140 461 514 453 557 465 559 465 561 467 697 467 697 465 699 465 723 455 806 467 808 467 810 467 836 457 898 457 908 465 908 467 910 467 912 467 914 467 1054 455 1056 442 1056 403 1031 391 1029 391 1027 391 861 399 808 401 797 397 771 389 769 389 768 389 666 395 602 399 580 393 555 387 553 387 551 387 518 393 491 397 389 391 335 387 333 387 331 387 327 389 311 397 64 385 64 434"/></Shape>
	    <String CONTENT="Royaume. Charlemagne a quelquesfois eſſa¬"
                    HPOS="62"
                    VPOS="385"
                    WIDTH="994"
                    HEIGHT="82"
                    WC="0.9891067626999646"></String>
          </TextLine>
          <TextLine ID="line_7"
                    TAGREFS="LT8"
                    BASELINE="70 496 952 502 1058 500" 
                    HPOS="66"
                    VPOS="440"
                    WIDTH="990"
                    HEIGHT="74">
            <Shape><Polygon POINTS="68 494 66 514 1054 512 1056 498 1054 461 1017 446 1015 446 869 446 867 446 865 446 824 459 820 461 769 461 768 459 736 444 734 444 732 444 672 457 670 459 469 459 461 455 397 442 395 442 148 452 99 440 97 440 95 440 93 440 68 452 68 494"/></Shape>
	    <String CONTENT="yé d’aſſuiettir le Royaume de France à l’Em¬"
                    HPOS="66"
                    VPOS="440"
                    WIDTH="990"
                    HEIGHT="74"
                    WC="0.978826114664907"></String>
          </TextLine>
          <TextLine ID="line_8"
                    TAGREFS="LT8"
                    BASELINE="67 557 1063 562" 
                    HPOS="67"
                    VPOS="511"
                    WIDTH="996"
                    HEIGHT="74">
            <Shape><Polygon POINTS="67 557 67 579 110 570 293 570 339 578 362 581 363 581 403 578 459 571 483 576 501 581 502 581 503 581 541 576 561 574 565 576 574 583 575 583 576 583 578 583 607 576 609 576 628 581 629 581 631 581 632 581 633 581 641 576 646 572 675 572 679 575 684 580 685 580 687 580 688 580 748 575 767 574 774 575 807 583 809 583 850 574 855 574 858 574 878 581 879 581 880 581 913 574 915 574 927 584 928 584 930 584 931 585 1001 585 1001 584 1062 572 1063 562 1062 529 961 519 959 519 958 519 936 528 919 515 918 515 917 515 892 515 891 515 889 515 888 515 872 527 870 528 776 528 772 527 710 514 675 514 674 514 672 514 648 524 609 514 607 514 606 514 605 514 563 526 559 527 502 527 498 524 467 513 466 513 439 513 437 513 436 513 414 524 410 526 402 524 370 516 368 516 337 523 332 524 326 523 281 511 280 511 279 511 166 518 148 511 146 511 145 511 144 511 142 511 133 518 106 511 105 511 103 511 102 511 67 520 67 557"/></Shape>
	    <String CONTENT="pire d’Alemagne: à quoy les François s’oppo¬"
                    HPOS="67"
                    VPOS="511"
                    WIDTH="996"
                    HEIGHT="74"
                    WC="0.9994699268237405"></String>
          </TextLine>
          <TextLine ID="line_9"
                    TAGREFS="LT8"
                    BASELINE="63 615 1066 622" 
                    HPOS="63"
                    VPOS="570"
                    WIDTH="1003"
                    HEIGHT="72">
            <Shape><Polygon POINTS="76 593 75 575 63 578 63 615 63 632 616 632 659 639 675 640 676 640 704 639 785 633 796 640 797 640 798 640 800 640 810 640 872 635 884 640 887 641 888 641 889 642 1065 642 1066 622 1066 585 1041 585 1041 584 1030 575 1028 575 1027 575 1026 575 1024 575 1023 575 1009 584 1007 585 950 585 949 584 927 575 926 575 924 575 892 581 866 574 865 574 863 574 805 575 804 575 802 575 794 581 754 575 753 575 752 575 750 575 739 583 736 583 688 574 687 574 600 581 597 581 572 572 571 572 570 572 500 580 397 571 396 571 268 576 261 570 259 570 258 570 257 570 255 570 228 579 228 580 123 580 122 579 109 570 107 570 106 570 105 570 83 574 76 593"/></Shape>
	    <String CONTENT="ſerent viuement par la bouche d’va Prince de"
                    HPOS="63"
                    VPOS="570"
                    WIDTH="1003"
                    HEIGHT="72"
                    WC="0.999382271008058"></String>
          </TextLine>
          <TextLine ID="line_10"
                    TAGREFS="LT8"
                    BASELINE="66 674 1067 683" 
                    HPOS="64"
                    VPOS="628"
                    WIDTH="1003"
                    HEIGHT="74">
            <Shape><Polygon POINTS="79 655 71 635 67 632 66 674 64 689 146 694 148 694 149 694 150 694 154 691 157 688 161 691 168 694 170 694 171 694 189 691 209 687 242 691 280 696 281 696 283 696 296 692 306 688 329 692 355 696 357 696 358 696 359 696 364 692 368 689 374 692 384 697 385 697 387 697 409 692 422 689 428 692 437 697 439 697 440 697 441 697 458 692 471 689 487 693 509 697 510 697 562 693 597 691 616 693 639 697 640 697 661 693 672 692 679 694 694 700 696 700 697 701 739 701 739 700 740 700 741 700 748 694 752 692 768 694 809 701 810 701 839 694 849 693 861 694 892 701 893 701 894 701 896 701 904 696 906 693 910 696 923 702 924 702 926 702 1066 696 1067 683 1067 640 1015 636 1014 636 1013 636 1007 639 989 649 958 649 945 639 943 636 941 636 940 636 939 636 937 636 931 639 917 644 866 639 865 639 863 639 846 648 797 648 697 646 684 636 683 635 681 635 680 635 679 635 657 636 576 644 561 636 553 632 552 632 493 631 492 631 490 631 476 635 449 642 409 635 388 631 316 631 315 631 314 631 305 633 283 642 211 642 188 633 175 628 174 628 92 628 90 628 89 628 88 628 79 655"/></Shape>
	    <String CONTENT="Gaſcongne, &amp; en fuſt-on venu aux mains, ſi"
                    HPOS="64"
                    VPOS="628"
                    WIDTH="1003"
                    HEIGHT="74"
                    WC="0.9922311107317606"></String>
          </TextLine>
          <TextLine ID="line_11"
                    TAGREFS="LT8"
                    BASELINE="67 733 1063 741" 
                    HPOS="66"
                    VPOS="687"
                    WIDTH="997"
                    HEIGHT="76">
            <Shape><Polygon POINTS="67 733 66 744 205 745 220 753 222 753 223 753 262 748 275 758 276 758 277 758 279 758 393 748 407 759 409 759 410 759 411 759 413 759 426 753 453 758 454 758 455 758 483 749 500 757 501 757 502 757 559 749 615 761 616 761 719 755 729 762 731 762 732 762 733 763 804 763 804 762 805 762 846 752 897 761 898 761 949 753 1023 761 1024 761 1062 752 1063 741 1062 707 979 696 978 696 933 703 928 705 924 703 894 693 893 693 892 693 767 700 731 692 729 692 728 692 727 692 714 700 709 703 701 700 689 692 688 692 687 692 665 692 663 692 662 692 661 692 653 698 645 705 570 705 484 702 475 694 471 691 470 691 468 691 467 691 449 694 411 702 326 696 324 696 267 701 220 689 214 688 213 688 211 688 198 689 153 693 67 687 67 733"/></Shape>
	    <String CONTENT="Charlemagne euſt entrepris de paſſer outre."
                    HPOS="66"
                    VPOS="687"
                    WIDTH="997"
                    HEIGHT="76"
                    WC="0.9850932678510976"></String>
          </TextLine>
          <TextLine ID="line_12"
                    TAGREFS="LT8"
                    BASELINE="66 793 1060 801" 
                    HPOS="62"
                    VPOS="740"
                    WIDTH="996"
                    HEIGHT="76">
            <Shape><Polygon POINTS="62 816 1056 816 1058 800 1056 761 842 761 805 746 769 755 693 746 615 757 582 746 575 746 567 755 549 746 499 755 479 744 362 755 348 746 341 746 298 754 282 742 111 754 66 740 62 816"/></Shape>
	    <String CONTENT="Semblablement, lors qu’on bailla aux An¬"
                    HPOS="62"
                    VPOS="740"
                    WIDTH="996"
                    HEIGHT="76"
                    WC="0.9957713916897774"></String>
          </TextLine>
          <TextLine ID="line_13"
                    TAGREFS="LT8"
                    BASELINE="67 854 955 859 1048 857 1060 855" 
                    HPOS="64"
                    VPOS="802"
                    WIDTH="994"
                    HEIGHT="84">
            <Shape><Polygon POINTS="66 853 64 872 270 872 304 882 350 872 438 882 569 872 610 884 690 874 806 884 857 874 877 886 1001 886 1056 872 1058 853 1052 816 756 804 750 804 740 816 586 816 576 802 192 812 179 802 66 802 66 853"/></Shape>
	    <String CONTENT="glois vne portion du Royaume, la ſouuerai¬"
                    HPOS="64"
                    VPOS="802"
                    WIDTH="994"
                    HEIGHT="84"
                    WC="0.9985162204220182"></String>
          </TextLine>
          <TextLine ID="line_14"
                    TAGREFS="LT8"
                    BASELINE="64 913 1050 923" 
                    HPOS="63"
                    VPOS="865"
                    WIDTH="987"
                    HEIGHT="79">
            <Shape><Polygon POINTS="64 913 63 926 184 924 193 930 201 935 202 935 203 935 205 935 257 931 284 928 300 931 332 937 333 937 358 932 379 927 403 932 433 939 435 939 436 939 449 933 461 928 476 933 481 935 483 935 484 935 500 933 555 928 587 935 600 937 601 937 615 935 633 932 639 936 644 940 645 940 646 940 648 940 719 937 794 933 800 939 805 941 805 942 806 942 807 942 809 944 923 944 923 942 924 942 931 940 946 933 963 940 970 942 971 942 972 942 988 941 1030 935 1046 941 1050 923 1050 874 952 874 950 874 949 874 926 887 805 887 735 885 714 875 710 872 709 872 707 872 691 875 635 883 620 875 613 870 611 870 610 870 557 868 555 868 554 868 540 875 527 883 448 883 433 875 414 867 413 867 411 867 410 867 389 876 381 879 374 876 357 868 355 868 354 868 353 868 329 876 319 879 309 876 277 866 276 866 213 866 211 866 210 866 209 866 196 876 193 879 190 876 172 865 171 865 170 865 135 865 133 865 132 865 131 865 118 876 64 876 64 913"/></Shape>
	    <String CONTENT="neté eſtoit preſques touſiours exceptee. Et ſi"
                    HPOS="63"
                    VPOS="865"
                    WIDTH="987"
                    HEIGHT="79"
                    WC="0.9941613902436927"></String>
          </TextLine>
          <TextLine ID="line_17"
                    TAGREFS="LT8"
                    BASELINE="68 972 949 980 1060 985" 
                    HPOS="64"
                    VPOS="925"
                    WIDTH="994"
                    HEIGHT="80">
            <Shape><Polygon POINTS="66 970 64 993 247 989 319 995 362 999 364 999 366 999 368 999 368 997 370 995 378 989 438 989 456 995 465 999 467 999 469 999 532 995 596 991 703 995 964 1005 966 1005 1056 993 1058 983 1058 933 66 925 66 970"/></Shape>
	    <String CONTENT="quelquesfois ils l’ont obtenue par force, com¬"
                    HPOS="64"
                    VPOS="925"
                    WIDTH="994"
                    HEIGHT="80"
                    WC="0.9975981699383777"></String>
          </TextLine>
          <TextLine ID="line_18"
                    TAGREFS="LT8"
                    BASELINE="64 1032 1060 1038" 
                    HPOS="60"
                    VPOS="980"
                    WIDTH="998"
                    HEIGHT="85">
            <Shape><Polygon POINTS="62 1030 60 1046 101 1059 350 1050 483 1061 658 1052 729 1065 844 1065 857 1054 1054 1063 1058 1036 1058 995 1031 983 970 995 941 985 933 985 923 997 727 997 652 981 608 993 584 981 578 981 553 993 508 981 366 981 356 991 290 980 208 991 157 980 150 980 134 991 62 983 62 1030"/></Shape>
	    <String CONTENT="me il auint au traité de Bretigny, par lequel le"
                    HPOS="60"
                    VPOS="980"
                    WIDTH="998"
                    HEIGHT="85"
                    WC="0.9890902674928004"></String>
          </TextLine>
          <TextLine ID="line_19"
                    TAGREFS="LT8"
                    BASELINE="68 1091 1060 1099" 
                    HPOS="64"
                    VPOS="1054"
                    WIDTH="992"
                    HEIGHT="62">
            <Shape><Polygon POINTS="1040 1063 66 1054 64 1102 263 1116 1056 1112 1056 1063 1040 1063"/></Shape>
	    <String CONTENT="Roy Iean quitta la ſouueraineté de Gaſcon¬"
                    HPOS="64"
                    VPOS="1054"
                    WIDTH="992"
                    HEIGHT="62"
                    WC="0.9996522346208262"></String>
          </TextLine>
          <TextLine ID="line_20"
                    TAGREFS="LT8"
                    BASELINE="67 1152 1062 1159" 
                    HPOS="66"
                    VPOS="1106"
                    WIDTH="996"
                    HEIGHT="75">
            <Shape><Polygon POINTS="67 1152 66 1174 145 1175 146 1175 148 1175 150 1174 168 1167 184 1174 187 1175 188 1175 189 1175 190 1175 192 1175 193 1174 206 1165 241 1172 242 1172 303 1166 320 1174 327 1176 328 1176 329 1176 331 1176 339 1174 362 1166 419 1174 426 1174 427 1174 436 1174 474 1170 484 1174 496 1178 497 1178 498 1178 523 1174 554 1167 585 1172 616 1179 618 1180 713 1180 713 1179 741 1172 754 1170 759 1172 775 1180 776 1180 778 1181 842 1181 842 1180 844 1180 862 1172 867 1170 872 1172 885 1178 887 1178 888 1178 992 1172 1028 1179 1030 1179 1061 1171 1062 1159 1061 1127 1015 1117 1014 1117 1013 1117 988 1124 971 1113 970 1113 968 1113 967 1113 918 1117 917 1117 915 1117 905 1124 902 1126 867 1126 866 1124 857 1117 855 1117 854 1117 853 1117 819 1123 813 1124 810 1123 791 1111 789 1111 788 1111 787 1111 785 1111 759 1123 754 1124 731 1122 692 1118 691 1118 689 1118 679 1122 675 1123 671 1122 658 1115 657 1115 655 1115 654 1115 644 1120 616 1110 615 1110 614 1110 571 1120 561 1123 444 1123 432 1118 400 1107 398 1107 232 1107 231 1107 229 1107 206 1115 205 1115 185 1106 184 1106 183 1106 181 1106 149 1114 129 1119 67 1114 67 1152"/></Shape>
	    <String CONTENT="gne &amp; de Poictou: mais il ne garda pas ceſt ac¬"
                    HPOS="66"
                    VPOS="1106"
                    WIDTH="996"
                    HEIGHT="75"
                    WC="0.9863670404921187"></String>
          </TextLine>
          <TextLine ID="line_21"
                    TAGREFS="LT8"
                    BASELINE="67 1211 1063 1218" 
                    HPOS="66"
                    VPOS="1166"
                    WIDTH="997"
                    HEIGHT="74">
            <Shape><Polygon POINTS="67 1211 66 1223 116 1231 118 1231 161 1226 162 1226 189 1235 190 1235 192 1235 193 1235 194 1235 207 1226 210 1226 298 1226 301 1228 314 1236 315 1236 316 1236 318 1236 319 1236 345 1228 352 1227 361 1228 392 1235 393 1235 394 1235 406 1230 411 1227 420 1230 433 1233 435 1233 436 1233 437 1233 452 1230 466 1227 526 1231 572 1235 574 1235 575 1235 581 1232 588 1230 593 1232 600 1237 601 1237 602 1237 603 1237 640 1233 675 1230 681 1233 688 1239 689 1239 691 1239 692 1240 762 1240 762 1239 763 1239 765 1239 768 1236 774 1231 797 1236 810 1239 811 1239 813 1239 819 1236 829 1232 849 1237 862 1240 863 1240 865 1240 866 1240 874 1237 889 1232 954 1239 971 1240 972 1240 979 1239 1017 1231 1061 1240 1063 1218 1062 1184 996 1171 994 1171 993 1171 971 1183 970 1183 828 1183 828 1181 806 1175 805 1175 804 1175 775 1180 762 1170 761 1170 759 1170 758 1170 757 1170 732 1181 731 1181 641 1181 641 1180 633 1174 632 1174 631 1174 629 1174 628 1174 616 1180 601 1169 600 1169 598 1169 597 1169 477 1180 465 1180 432 1180 432 1179 415 1167 414 1167 413 1167 411 1167 340 1174 318 1167 316 1167 315 1167 314 1167 313 1167 298 1178 257 1166 255 1166 115 1166 114 1166 113 1166 111 1166 94 1178 67 1178 67 1211"/></Shape>
	    <String CONTENT="cord, &amp; n’y eſtoit auſsi non plus tenu qu’vn"
                    HPOS="66"
                    VPOS="1166"
                    WIDTH="997"
                    HEIGHT="74"
                    WC="0.9880894002589312"></String>
          </TextLine>
          <TextLine ID="line_22"
                    TAGREFS="LT8"
                    BASELINE="67 1271 1066 1278" 
                    HPOS="67"
                    VPOS="1228"
                    WIDTH="999"
                    HEIGHT="69">
            <Shape><Polygon POINTS="67 1271 67 1289 440 1287 452 1289 466 1294 467 1294 468 1294 515 1289 540 1288 594 1289 731 1296 732 1296 831 1289 849 1289 865 1289 955 1297 957 1297 1065 1289 1066 1278 1066 1244 1011 1244 1010 1243 988 1233 987 1233 985 1233 945 1241 940 1243 939 1241 927 1233 926 1233 924 1233 923 1233 872 1239 862 1232 861 1232 859 1232 858 1232 724 1239 668 1241 652 1237 636 1235 635 1235 616 1237 601 1240 594 1237 580 1231 579 1231 505 1231 503 1231 502 1231 487 1236 472 1240 268 1240 253 1232 250 1232 249 1232 248 1232 241 1232 207 1237 196 1232 188 1228 187 1228 185 1228 153 1231 98 1237 67 1231 67 1271"/></Shape>
	    <String CONTENT="tuteur ou curateur priſonnier (comme il eſtoit"
                    HPOS="67"
                    VPOS="1228"
                    WIDTH="999"
                    HEIGHT="69"
                    WC="0.993737131357193"></String>
          </TextLine>
          <TextLine ID="line_23"
                    TAGREFS="LT8"
                    BASELINE="67 1331 1066 1337" 
                    HPOS="67"
                    VPOS="1283"
                    WIDTH="999"
                    HEIGHT="76">
            <Shape><Polygon POINTS="67 1331 67 1349 250 1349 261 1350 294 1356 296 1356 297 1356 306 1350 314 1346 327 1350 336 1353 337 1353 339 1353 340 1353 341 1353 344 1350 350 1346 384 1350 406 1353 407 1353 409 1353 410 1353 413 1350 419 1346 472 1350 503 1353 505 1353 562 1350 645 1348 652 1352 665 1358 666 1358 667 1359 783 1359 783 1358 784 1358 802 1352 810 1349 824 1352 866 1359 867 1359 868 1359 883 1352 904 1352 992 1350 998 1352 1019 1359 1020 1359 1022 1359 1065 1352 1066 1337 1065 1301 931 1289 930 1289 928 1289 905 1297 896 1301 885 1297 865 1288 863 1288 862 1288 811 1296 783 1300 637 1300 628 1292 624 1289 623 1289 622 1289 620 1289 601 1292 561 1298 537 1291 524 1287 523 1287 522 1287 520 1287 506 1291 472 1298 437 1298 423 1289 419 1285 418 1285 416 1285 415 1285 390 1288 316 1297 275 1285 267 1284 266 1284 236 1284 235 1284 233 1284 232 1284 231 1285 215 1296 140 1285 138 1285 137 1285 113 1296 97 1284 96 1284 94 1284 67 1283 67 1331"/></Shape>
	    <String CONTENT="lors) qui pour ſe racheter engageroit les biens"
                    HPOS="67"
                    VPOS="1283"
                    WIDTH="999"
                    HEIGHT="76"
                    WC="0.9805400130596567"></String>
          </TextLine>
          <TextLine ID="line_24"
                    TAGREFS="LT8"
                    BASELINE="68 1389 1065 1396" 
                    HPOS="67"
                    VPOS="1362"
                    WIDTH="998"
                    HEIGHT="57">
            <Shape><Polygon POINTS="1056 1376 1043 1376 1030 1376 1019 1376 1017 1376 1004 1376 991 1376 978 1376 965 1376 952 1376 939 1376 926 1376 913 1376 900 1376 887 1376 874 1376 861 1376 848 1376 835 1376 822 1376 809 1376 796 1376 783 1376 770 1376 757 1376 744 1376 731 1376 718 1376 705 1376 692 1376 679 1376 666 1376 653 1376 640 1376 627 1376 614 1376 601 1376 588 1376 575 1376 562 1376 549 1376 536 1376 523 1376 510 1376 497 1376 484 1376 471 1376 458 1376 445 1376 432 1376 419 1376 406 1376 393 1376 380 1376 367 1376 354 1376 341 1376 328 1376 315 1376 302 1376 289 1376 276 1376 263 1376 250 1376 237 1376 224 1376 211 1376 198 1376 185 1376 172 1376 159 1376 146 1376 133 1376 120 1376 107 1376 94 1376 92 1367 68 1362 68 1389 67 1401 179 1402 180 1404 197 1413 198 1413 200 1413 250 1406 267 1414 268 1414 270 1414 340 1405 346 1405 349 1405 371 1414 372 1414 374 1414 375 1414 392 1406 394 1405 424 1406 532 1413 533 1413 613 1409 666 1406 674 1410 691 1417 692 1417 693 1417 729 1410 740 1409 753 1410 774 1414 775 1414 776 1414 778 1414 780 1411 784 1407 793 1411 809 1417 810 1417 811 1417 842 1411 862 1409 868 1413 879 1418 880 1418 881 1419 996 1419 996 1418 997 1418 1007 1414 1019 1409 1028 1414 1033 1418 1035 1418 1036 1418 1037 1418 1063 1414 1065 1396 1062 1376 1056 1376"/></Shape>
	    <String CONTENT="de ies pupilles. En vertu de ce meſme droit, le"
                    HPOS="67"
                    VPOS="1362"
                    WIDTH="998"
                    HEIGHT="57"
                    WC="0.9879750672807085"></String>
          </TextLine>
          <TextLine ID="line_25"
                    TAGREFS="LT8"
                    BASELINE="71 1452 1054 1456" 
                    HPOS="70"
                    VPOS="1404"
                    WIDTH="984"
                    HEIGHT="70">
            <Shape><Polygon POINTS="71 1452 70 1465 220 1471 222 1471 223 1471 224 1471 231 1467 236 1465 393 1465 405 1469 416 1472 418 1472 419 1472 446 1469 468 1466 481 1469 494 1472 496 1472 497 1474 635 1474 635 1472 646 1471 672 1466 719 1471 744 1474 745 1474 801 1472 935 1467 1052 1474 1054 1456 1054 1420 1015 1407 1014 1407 984 1407 983 1407 981 1407 980 1407 963 1418 961 1420 926 1420 922 1418 907 1407 906 1407 905 1407 904 1407 854 1417 852 1417 850 1417 832 1407 831 1407 787 1407 785 1407 784 1407 765 1415 759 1417 750 1415 709 1406 707 1406 706 1406 705 1406 696 1414 691 1419 659 1419 649 1413 639 1406 637 1406 636 1406 635 1406 633 1406 615 1413 607 1415 603 1413 597 1406 596 1406 594 1406 561 1406 559 1406 558 1406 557 1406 550 1411 541 1419 427 1419 409 1409 400 1405 398 1405 337 1405 336 1405 335 1405 333 1405 331 1407 316 1418 193 1418 163 1405 162 1405 161 1405 159 1405 123 1411 71 1404 71 1452"/></Shape>
	    <String CONTENT="Parlement de Paris caſſa le traité de Conflãs,"
                    HPOS="70"
                    VPOS="1404"
                    WIDTH="984"
                    HEIGHT="70"
                    WC="0.9878529980778694"></String>
          </TextLine>
          <TextLine ID="line_26"
                    TAGREFS="LT8"
                    BASELINE="67 1510 1066 1517" 
                    HPOS="67"
                    VPOS="1463"
                    WIDTH="999"
                    HEIGHT="77">
            <Shape><Polygon POINTS="67 1510 67 1532 138 1522 174 1532 175 1532 176 1532 177 1532 197 1526 206 1532 206 1533 207 1533 209 1533 210 1533 219 1532 280 1523 350 1530 352 1530 394 1523 424 1532 426 1532 427 1532 429 1532 466 1523 498 1532 513 1536 514 1536 515 1536 566 1532 657 1524 672 1532 679 1535 680 1535 681 1535 706 1532 755 1526 767 1532 778 1537 779 1537 866 1539 867 1539 868 1539 881 1532 887 1530 891 1532 904 1539 905 1539 906 1540 965 1540 965 1539 966 1539 989 1532 1005 1527 1063 1531 1066 1517 1065 1479 881 1479 874 1476 848 1469 846 1469 845 1469 844 1469 826 1475 822 1478 758 1478 753 1475 733 1467 732 1467 731 1467 729 1467 706 1474 702 1475 701 1474 689 1465 688 1465 687 1465 685 1465 644 1474 641 1474 637 1474 601 1463 600 1463 598 1463 597 1463 578 1472 571 1476 552 1476 546 1472 535 1463 533 1463 532 1463 531 1463 67 1466 67 1510"/></Shape>
	    <String CONTENT="par lequel le Duc Charles de Bourgongne a¬"
                    HPOS="67"
                    VPOS="1463"
                    WIDTH="999"
                    HEIGHT="77"
                    WC="0.99853277916"></String>
          </TextLine>
          <TextLine ID="line_27"
                    TAGREFS="LT8"
                    BASELINE="67 1569 1067 1576" 
                    HPOS="66"
                    VPOS="1522"
                    WIDTH="1001"
                    HEIGHT="73">
            <Shape><Polygon POINTS="67 1569 66 1582 101 1589 102 1589 198 1584 219 1583 222 1584 232 1591 233 1591 235 1591 236 1591 341 1585 374 1584 380 1585 400 1592 401 1592 402 1592 509 1587 558 1585 576 1588 609 1593 610 1595 1066 1595 1067 1576 1066 1543 907 1543 906 1541 898 1533 897 1533 896 1533 894 1533 893 1533 871 1540 862 1532 861 1532 859 1532 858 1532 857 1532 831 1540 829 1540 828 1540 784 1528 783 1528 781 1528 680 1539 679 1539 678 1539 662 1527 661 1527 659 1527 658 1527 657 1527 637 1533 618 1526 616 1526 548 1524 513 1524 511 1524 510 1524 509 1524 493 1537 452 1524 450 1524 449 1524 448 1524 424 1537 423 1537 401 1526 400 1526 398 1526 397 1526 375 1536 375 1537 332 1537 331 1536 309 1523 307 1523 306 1523 305 1523 181 1535 179 1535 177 1535 140 1522 138 1522 137 1522 136 1522 110 1535 109 1535 67 1535 67 1569"/></Shape>
	    <String CONTENT="uoit tiré des mains du Roy Amiens &amp; autres"
                    HPOS="66"
                    VPOS="1522"
                    WIDTH="1001"
                    HEIGHT="73"
                    WC="0.9942033249278401"></String>
          </TextLine>
          <TextLine ID="line_29"
                    TAGREFS="LT8"
                    BASELINE="68 1630 1056 1638" 
                    HPOS="64"
                    VPOS="1576"
                    WIDTH="990"
                    HEIGHT="78">
            <Shape><Polygon POINTS="66 1628 64 1642 1050 1654 1054 1636 1054 1595 1027 1582 1025 1582 1023 1582 1021 1582 1019 1582 1005 1593 908 1593 881 1593 869 1583 869 1582 867 1582 865 1582 863 1582 861 1582 844 1589 808 1580 806 1580 805 1580 730 1591 652 1580 651 1580 649 1580 625 1591 623 1591 584 1580 582 1580 580 1580 578 1580 576 1580 563 1591 561 1591 499 1591 499 1589 479 1578 477 1578 475 1578 473 1578 364 1589 354 1589 350 1589 313 1576 311 1576 309 1576 66 1585 66 1628"/></Shape>
	    <String CONTENT="villes voiſines en Picardie. De noſtre temps, le"
                    HPOS="64"
                    VPOS="1576"
                    WIDTH="990"
                    HEIGHT="78"
                    WC="0.996299305309852"></String>
          </TextLine>
          <TextLine ID="line_30"
                    TAGREFS="LT8"
                    BASELINE="68 1688 1070 1696" 
                    HPOS="68"
                    VPOS="1639"
                    WIDTH="1002"
                    HEIGHT="74">
            <Shape><Polygon POINTS="81 1657 77 1649 68 1649 68 1688 68 1704 558 1704 562 1705 572 1710 574 1710 575 1710 670 1705 688 1705 697 1705 749 1711 750 1711 822 1706 824 1706 828 1706 910 1713 911 1713 1068 1706 1070 1696 1068 1658 985 1645 984 1645 983 1645 962 1656 950 1646 949 1646 948 1646 946 1646 945 1646 944 1646 928 1657 926 1657 811 1657 810 1656 796 1644 794 1644 793 1644 792 1644 702 1652 685 1643 684 1643 683 1643 681 1643 659 1654 635 1644 633 1644 632 1644 631 1644 610 1653 589 1645 588 1645 587 1645 550 1653 529 1643 528 1643 527 1643 526 1643 524 1643 507 1653 506 1654 457 1654 453 1653 385 1640 324 1640 323 1640 322 1640 320 1640 309 1650 288 1652 277 1652 275 1652 236 1639 235 1639 233 1639 84 1649 81 1657"/></Shape>
	    <String CONTENT="meſme Parlement a declairé nul l’accord fait à"
                    HPOS="68"
                    VPOS="1639"
                    WIDTH="1002"
                    HEIGHT="74"
                    WC="0.990536954253912"></String>
          </TextLine>
          <TextLine ID="line_31"
                    TAGREFS="LT8"
                    BASELINE="72 1748 1063 1754" 
                    HPOS="72"
                    VPOS="1700"
                    WIDTH="991"
                    HEIGHT="75">
            <Shape><Polygon POINTS="72 1748 72 1762 174 1762 176 1763 185 1770 187 1770 188 1770 189 1770 219 1763 235 1761 309 1761 315 1765 323 1770 324 1770 326 1770 327 1770 328 1770 329 1770 336 1765 342 1762 398 1762 446 1767 502 1772 503 1772 562 1769 601 1766 632 1770 667 1774 668 1774 781 1771 988 1767 1061 1775 1063 1754 1062 1722 944 1722 939 1718 915 1706 914 1706 865 1706 863 1706 862 1706 861 1706 845 1717 841 1719 829 1717 810 1710 809 1710 807 1710 778 1715 752 1719 744 1714 736 1708 735 1708 733 1708 732 1708 705 1713 689 1717 680 1713 661 1704 659 1704 658 1704 657 1704 655 1704 644 1711 632 1719 476 1719 453 1708 441 1702 440 1702 439 1702 329 1704 319 1705 246 1715 219 1702 215 1701 214 1701 166 1701 164 1701 163 1701 162 1701 142 1710 131 1701 129 1701 128 1701 72 1700 72 1748"/></Shape>
	    <String CONTENT="Madric entre Frãçois premier lors priſonnier,"
                    HPOS="72"
                    VPOS="1700"
                    WIDTH="991"
                    HEIGHT="75"
                    WC="0.9872880349767968"></String>
          </TextLine>
          <TextLine ID="line_32"
                    TAGREFS="LT8"
                    BASELINE="68 1808 1070 1815" 
                    HPOS="67"
                    VPOS="1759"
                    WIDTH="1003"
                    HEIGHT="76">
            <Shape><Polygon POINTS="81 1774 79 1761 68 1761 68 1808 67 1819 146 1828 148 1828 233 1822 285 1830 287 1831 372 1831 372 1830 374 1830 375 1830 384 1823 401 1831 402 1831 403 1831 513 1824 578 1832 579 1832 580 1832 607 1826 736 1834 737 1834 894 1828 922 1835 923 1835 924 1835 1013 1828 1023 1835 1024 1835 1026 1835 1027 1835 1068 1827 1070 1815 1070 1779 1036 1766 1035 1766 1033 1766 888 1771 848 1765 846 1765 845 1765 823 1775 820 1776 817 1775 789 1765 788 1765 787 1765 785 1765 784 1765 771 1774 766 1778 736 1778 726 1774 700 1763 698 1763 661 1763 659 1763 658 1763 642 1771 635 1776 570 1776 527 1775 516 1769 502 1762 501 1762 500 1762 459 1767 419 1774 335 1774 306 1765 290 1761 289 1761 288 1761 271 1765 235 1772 203 1772 192 1762 188 1759 187 1759 185 1759 184 1759 158 1762 118 1766 87 1762 81 1774"/></Shape>
	    <String CONTENT="&amp; Charles cinquieſme, touchant la Duché de"
                    HPOS="67"
                    VPOS="1759"
                    WIDTH="1003"
                    HEIGHT="76"
                    WC="0.9985729830209599"></String>
          </TextLine>
          <TextLine ID="line_33"
                    TAGREFS="LT8"
                    BASELINE="70 1865 1065 1872" 
                    HPOS="70"
                    VPOS="1818"
                    WIDTH="995"
                    HEIGHT="77">
            <Shape><Polygon POINTS="70 1865 70 1880 170 1879 174 1882 181 1888 183 1888 184 1888 185 1889 227 1889 227 1888 255 1883 266 1880 270 1883 277 1889 279 1889 280 1889 281 1889 340 1883 346 1883 353 1883 409 1891 410 1891 445 1884 459 1882 484 1884 541 1891 542 1891 544 1891 567 1885 578 1883 593 1885 631 1891 632 1891 657 1885 665 1884 666 1885 674 1892 675 1892 676 1892 678 1892 679 1892 696 1885 701 1884 702 1885 707 1891 709 1891 710 1891 711 1891 713 1891 723 1885 728 1884 741 1887 781 1893 783 1893 784 1893 797 1887 800 1887 845 1892 846 1892 848 1892 858 1887 865 1884 885 1887 931 1895 932 1895 1063 1888 1065 1872 1065 1840 984 1840 981 1837 968 1827 967 1827 966 1827 898 1824 897 1824 896 1824 862 1835 857 1836 852 1835 826 1824 824 1824 774 1824 772 1824 771 1824 755 1832 745 1837 598 1837 583 1828 568 1822 567 1822 566 1822 565 1822 552 1828 545 1831 532 1827 515 1823 514 1823 513 1823 511 1823 501 1827 487 1832 476 1826 467 1822 466 1822 465 1822 429 1823 428 1823 424 1826 411 1832 402 1824 398 1821 397 1821 396 1821 288 1821 287 1821 285 1821 280 1822 240 1834 206 1823 205 1823 203 1823 124 1832 109 1821 107 1821 106 1821 70 1818 70 1865"/></Shape>
	    <String CONTENT="Bourgongne. Mais la donation faite du Roy¬"
                    HPOS="70"
                    VPOS="1818"
                    WIDTH="995"
                    HEIGHT="77"
                    WC="0.9944965938727061"></String>
          </TextLine>
          <TextLine ID="line_35"
                    TAGREFS="LT8"
                    BASELINE="70 1926 1006 1929 1047 1932 1066 1932" 
                    HPOS="66"
                    VPOS="1876"
                    WIDTH="998"
                    HEIGHT="78">
            <Shape><Polygon POINTS="68 1924 66 1938 233 1940 243 1952 294 1942 300 1942 319 1952 401 1942 421 1952 516 1942 551 1954 1062 1954 1064 1930 1058 1878 1031 1887 947 1878 596 1885 584 1876 506 1887 422 1887 413 1876 368 1885 298 1876 68 1884 68 1924"/></Shape>
	    <String CONTENT="aume de France, par Charles ſixieſme à Henri"
                    HPOS="66"
                    VPOS="1876"
                    WIDTH="998"
                    HEIGHT="78"
                    WC="0.985450702243381"></String>
          </TextLine>
          <TextLine ID="line_36"
                    TAGREFS="LT8"
                    BASELINE="71 1986 1065 1993" 
                    HPOS="68"
                    VPOS="1930"
                    WIDTH="996"
                    HEIGHT="94">
            <Shape><Polygon POINTS="70 1985 68 2008 134 2018 177 2008 191 2020 198 2020 231 2008 309 2020 399 2008 452 2024 627 2024 647 2010 732 2022 785 2012 939 2024 1062 2016 1064 1991 1062 1948 861 1936 793 1948 769 1936 555 1946 530 1936 506 1936 405 1946 364 1932 296 1942 70 1930 70 1985"/></Shape>
	    <String CONTENT="d’Angleterre, en cas de mort, eſt vn ſuffiſant"
                    HPOS="68"
                    VPOS="1930"
                    WIDTH="996"
                    HEIGHT="94"
                    WC="0.9891232925912609"></String>
          </TextLine>
        </TextBlock>
        <TextBlock HPOS="384.0"
                   VPOS="95.0"
                   WIDTH="386.0"
                   HEIGHT="57.0"
                   ID="block_6"
                   TAGREFS="BT18">
          <Shape><Polygon POINTS="770 95 770 152 384 152 384 95"/></Shape>
          <TextLine ID="line_0"
                    TAGREFS="LT8"
                    BASELINE="396 126 763 128" 
                    HPOS="393.0"
                    VPOS="95.0"
                    WIDTH="369.0"
                    HEIGHT="58.0">
            <Shape><Polygon POINTS="744 95 725 95 705 95 686 95 666 95 647 95 627 95 608 95 588 95 569 95 549 95 530 95 510 95 491 95 471 95 452 95 432 95 413 95 395 95 395 124 393 146 758 153 762 126 760 95 744 95"/></Shape>
	    <String CONTENT="QVESTION."
                    HPOS="393.0"
                    VPOS="95.0"
                    WIDTH="369.0"
                    HEIGHT="58.0"
                    WC="0.9999990198347304"></String>
          </TextLine>
        </TextBlock>
        <TextBlock HPOS="992.0"
                   VPOS="101.0"
                   WIDTH="91.0"
                   HEIGHT="60.0"
                   ID="block_0"
                   TAGREFS="BT15">
          <Shape><Polygon POINTS="1083 101 1083 161 994 161 993 137 992 101"/></Shape>
          <TextLine ID="line_1"
                    TAGREFS="LT8"
                    BASELINE="997 139 1072 141" 
                    HPOS="994.0"
                    VPOS="101.0"
                    WIDTH="76.0"
                    HEIGHT="70.0">
            <Shape><Polygon POINTS="1054 101 1035 101 1015 101 996 101 996 138 994 157 1066 171 1070 140 1068 101 1054 101"/></Shape>
	    <String CONTENT="173"
                    HPOS="994.0"
                    VPOS="101.0"
                    WIDTH="76.0"
                    HEIGHT="70.0"
                    WC="0.9999444882074991"></String>
          </TextLine>
        </TextBlock>
        <TextBlock HPOS="1069.0"
                   VPOS="407.0"
                   WIDTH="167.0"
                   HEIGHT="120.0"
                   ID="eSc_textblock_4afeb992"
                   TAGREFS="BT100009">
          <Shape><Polygon POINTS="1069 407 1069 527 1236 527 1236 407"/></Shape>
          <TextLine ID="eSc_line_a7fd3a49"
                    TAGREFS="LT8"
                    BASELINE="1074 445 1233 446" 
                    HPOS="1072"
                    VPOS="403"
                    WIDTH="159"
                    HEIGHT="64">
            <Shape><Polygon POINTS="1072 444 1072 467 1231 461 1231 444 1229 403 1072 403 1072 444"/></Shape>
	    <String CONTENT="Paul.Æ¬"
                    HPOS="1072"
                    VPOS="403"
                    WIDTH="159"
                    HEIGHT="64"
                    WC="0.9995615567479815"></String>
          </TextLine>
          <TextLine ID="eSc_line_81586d43"
                    TAGREFS="LT8"
                    BASELINE="1074 499 1223 496" 
                    HPOS="1070"
                    VPOS="459"
                    WIDTH="152"
                    HEIGHT="67">
            <Shape><Polygon POINTS="1072 498 1072 518 1220 526 1222 494 1218 461 1070 459 1072 498"/></Shape>
	    <String CONTENT="myle, li-3."
                    HPOS="1070"
                    VPOS="459"
                    WIDTH="152"
                    HEIGHT="67"
                    WC="0.9961300763216886"></String>
          </TextLine>
        </TextBlock>
        <TextBlock HPOS="1066.0"
                   VPOS="756.0"
                   WIDTH="168.0"
                   HEIGHT="369.0"
                   ID="eSc_textblock_acc0362c"
                   TAGREFS="BT100009">
          <Shape><Polygon POINTS="1070 756 1066 1125 1234 1125 1234 756"/></Shape>
          <TextLine ID="eSc_line_d5cb0f39"
                    TAGREFS="LT8"
                    BASELINE="1069 801 1227 802" 
                    HPOS="1068"
                    VPOS="734"
                    WIDTH="158"
                    HEIGHT="103">
            <Shape><Polygon POINTS="1068 800 1068 810 1118 822 1120 822 1122 822 1126 820 1153 812 1175 828 1183 835 1185 835 1187 835 1189 837 1226 837 1226 800 1224 734 1068 740 1068 800"/></Shape>
	    <String CONTENT="L&#x27;an 1i9,"
                    HPOS="1068"
                    VPOS="734"
                    WIDTH="158"
                    HEIGHT="103"
                    WC="0.8883780274126265"></String>
          </TextLine>
          <TextLine ID="eSc_line_08408af6"
                    TAGREFS="LT8"
                    BASELINE="1069 846 1100 846 1176 846" 
                    HPOS="1068"
                    VPOS="802"
                    WIDTH="107"
                    HEIGHT="68">
            <Shape><Polygon POINTS="1087 802 1068 802 1068 845 1068 861 1173 870 1175 845 1175 806 1103 802 1087 802"/></Shape>
	    <String CONTENT="1200."
                    HPOS="1068"
                    VPOS="802"
                    WIDTH="107"
                    HEIGHT="68"
                    WC="0.9999010443687439"></String>
          </TextLine>
          <TextLine ID="line_15"
                    TAGREFS="LT8"
                    BASELINE="1069 892 1169 894" 
                    HPOS="1066"
                    VPOS="851"
                    WIDTH="101"
                    HEIGHT="58">
            <Shape><Polygon POINTS="1068 890 1066 909 1165 907 1167 892 1165 859 1068 851 1068 890"/></Shape>
	    <String CONTENT="1269."
                    HPOS="1066"
                    VPOS="851"
                    WIDTH="101"
                    HEIGHT="58"
                    WC="0.999626612663269"></String>
          </TextLine>
          <TextLine ID="line_16"
                    TAGREFS="LT8"
                    BASELINE="1069 939 1163 942" 
                    HPOS="1066"
                    VPOS="904"
                    WIDTH="95"
                    HEIGHT="58">
            <Shape><Polygon POINTS="1068 937 1066 960 1157 962 1161 941 1161 907 1068 904 1068 937"/></Shape>
	    <String CONTENT="1297."
                    HPOS="1066"
                    VPOS="904"
                    WIDTH="95"
                    HEIGHT="58"
                    WC="0.9999822378158569"></String>
          </TextLine>
          <TextLine ID="eSc_line_d4f32447"
                    TAGREFS="LT8"
                    BASELINE="1069 986 1222 993" 
                    HPOS="1066"
                    VPOS="941"
                    WIDTH="154"
                    HEIGHT="81">
            <Shape><Polygon POINTS="1068 985 1066 1007 1216 1022 1220 991 1218 941 1068 946 1068 985"/></Shape>
	    <String CONTENT="1303.1326"
                    HPOS="1066"
                    VPOS="941"
                    WIDTH="154"
                    HEIGHT="81"
                    WC="0.997453510761261"></String>
          </TextLine>
          <TextLine ID="eSc_line_a1a774ea"
                    TAGREFS="LT8"
                    BASELINE="1069 1038 1162 1039" 
                    HPOS="1066"
                    VPOS="995"
                    WIDTH="95"
                    HEIGHT="66">
            <Shape><Polygon POINTS="1068 1036 1066 1061 1159 1052 1161 1038 1159 1007 1068 995 1068 1036"/></Shape>
	    <String CONTENT="1330."
                    HPOS="1066"
                    VPOS="995"
                    WIDTH="95"
                    HEIGHT="66"
                    WC="0.9997214555740357"></String>
          </TextLine>
          <TextLine ID="eSc_line_5cd379c3"
                    TAGREFS="LT8"
                    BASELINE="1069 1099 1230 1100" 
                    HPOS="1068"
                    VPOS="1054"
                    WIDTH="161"
                    HEIGHT="87">
            <Shape><Polygon POINTS="1068 1098 1068 1122 1136 1118 1163 1133 1175 1139 1177 1139 1179 1141 1229 1141 1229 1098 1229 1063 1068 1054 1068 1098"/></Shape>
	    <String CONTENT="L’annjéo"
                    HPOS="1068"
                    VPOS="1054"
                    WIDTH="161"
                    HEIGHT="87"
                    WC="0.9829788870281644"></String>
          </TextLine>
        </TextBlock>
        <TextBlock HPOS="1074.0"
                   VPOS="1390.0"
                   WIDTH="165.0"
                   HEIGHT="83.0"
                   ID="eSc_textblock_2b7f45c5"
                   TAGREFS="BT100009">
          <Shape><Polygon POINTS="1074 1390 1074 1473 1239 1473 1239 1390"/></Shape>
          <TextLine ID="line_28"
                    TAGREFS="LT8"
                    BASELINE="1074 1439 1232 1441" 
                    HPOS="1070"
                    VPOS="1395"
                    WIDTH="161"
                    HEIGHT="81">
            <Shape><Polygon POINTS="1072 1437 1070 1470 1163 1461 1179 1472 1179 1474 1181 1474 1183 1474 1185 1476 1229 1476 1231 1439 1229 1395 1072 1400 1072 1437"/></Shape>
	    <String CONTENT="L’an1465"
                    HPOS="1070"
                    VPOS="1395"
                    WIDTH="161"
                    HEIGHT="81"
                    WC="0.9658851251006126"></String>
          </TextLine>
        </TextBlock>
        <TextBlock HPOS="1076.0"
                   VPOS="1596.0"
                   WIDTH="200.0"
                   HEIGHT="80.0"
                   ID="eSc_textblock_ab41ef6a"
                   TAGREFS="BT100009">
          <Shape><Polygon POINTS="1076 1596 1076 1676 1276 1676 1276 1596"/></Shape>
          <TextLine ID="eSc_line_68413cc2"
                    TAGREFS="LT8"
                    BASELINE="1078 1638 1231 1639" 
                    HPOS="1075"
                    VPOS="1593"
                    WIDTH="154"
                    HEIGHT="70">
            <Shape><Polygon POINTS="1077 1636 1075 1648 1226 1663 1229 1638 1228 1595 1077 1593 1077 1636"/></Shape>
	    <String CONTENT="L’an 1525"
                    HPOS="1075"
                    VPOS="1593"
                    WIDTH="154"
                    HEIGHT="70"
                    WC="0.9880359636412727"></String>
          </TextLine>
        </TextBlock>
        <TextBlock HPOS="1078.0"
                   VPOS="1868.0"
                   WIDTH="195.0"
                   HEIGHT="168.0"
                   ID="eSc_textblock_460863f6"
                   TAGREFS="BT100009">
          <Shape><Polygon POINTS="1078 1868 1078 2036 1273 2036 1273 1868"/></Shape>
          <TextLine ID="line_34"
                    TAGREFS="LT8"
                    BASELINE="1083 1901 1237 1901" 
                    HPOS="1081"
                    VPOS="1845"
                    WIDTH="154"
                    HEIGHT="76">
            <Shape><Polygon POINTS="1081 1899 1081 1921 1235 1917 1235 1899 1235 1850 1081 1845 1081 1899"/></Shape>
	    <String CONTENT="L&#x27;a 1420"
                    HPOS="1081"
                    VPOS="1845"
                    WIDTH="154"
                    HEIGHT="76"
                    WC="0.9277071803808212"></String>
          </TextLine>
          <TextLine ID="eSc_line_7b34dfa1"
                    TAGREFS="LT8"
                    BASELINE="1083 1943 1100 1946 1240 1947" 
                    HPOS="1079"
                    VPOS="1901"
                    WIDTH="160"
                    HEIGHT="60">
            <Shape><Polygon POINTS="1120 1901 1111 1901 1081 1909 1081 1942 1079 1961 1237 1961 1239 1946 1237 1913 1138 1901 1120 1901"/></Shape>
	    <String CONTENT="Monstre¬"
                    HPOS="1079"
                    VPOS="1901"
                    WIDTH="160"
                    HEIGHT="60"
                    WC="0.9996081814169884"></String>
          </TextLine>
          <TextLine ID="eSc_line_0f336f70"
                    TAGREFS="LT8"
                    BASELINE="1083 1996 1236 1998" 
                    HPOS="1079"
                    VPOS="1950"
                    WIDTH="156"
                    HEIGHT="89">
            <Shape><Polygon POINTS="1079 2020 1231 2039 1235 1997 1233 1965 1175 1952 1173 1952 1144 1956 1103 1961 1085 1950 1081 1995 1079 2020"/></Shape>
	    <String CONTENT="let, chn2s"
                    HPOS="1079"
                    VPOS="1950"
                    WIDTH="156"
                    HEIGHT="89"
                    WC="0.9810251951217651"></String>
          </TextLine>
        </TextBlock>
      </PrintSpace>
    </Page>
  </Layout>
</alto>
