1450 2343
83.0 153.0 1012.0 82.0 furieuſe Ieſabel, & maugré ce Roy valet de ſa

80.0 231.0 1014.0 61.0 femme, il redreſſe de tout ſon pouuoir le ſerui¬

80.0 277.0 1010.0 70.0 ce du vray Dieu. Quand Achab luy reproche,

78.0 335.0 1008.0 80.0 ce que font les Princes de noſtre temps, qu’il

79.0 399.0 1016.0 72.0 trouble Iſrael, que c’eſt vn rebelle, vn ſedi¬

79.0 460.0 1021.0 68.0 tieux, titres dont lon charge ordinairement

79.0 521.0 1019.0 66.0 ceux qui n’en ſont nullement coulpables: mais

76.0 580.0 1020.0 69.0 c’eſt toy-meſme, reſpond Elie, qui par ton a¬

80.0 636.0 1015.0 76.0 poſtaſie as troublé Iſrael ayant quitté ton Sei¬

79.0 701.0 1016.0 72.0 gneur & vray Dieu, pour prendre parti auec

75.0 757.0 1016.0 66.0 les dieux eſtranges ſes ennemis. C’eſt ainſi, &

72.0 812.0 1006.0 80.0 par la conduite du meſme eſprit, que Sidrac,

72.0 870.0 1008.0 76.0 Miſach & Abednago refuſent d’obeir à Ne¬

75.0 934.0 1021.0 68.0 buchadnezar: Daniel à Darius, Eleazar à An¬

74.0 997.0 1022.0 69.0 tiochus, & infinis autres. Apres la venue de

74.0 1054.0 1020.0 70.0 Ieſus Chriſt, eſtant defendu aux Apoſtres de

72.0 1107.0 1014.0 82.0 preſcher l’Euãgile, Iugez, diſent-ils, s’il eſt rai¬

68.0 1167.0 1018.0 74.0 ſonnable deuant Dieu, d’obeir pluſtoſt aux

70.0 1231.0 1023.0 75.0 hommes qu’à Dieu. Suiuant cela, les Apoſtres

70.0 1295.0 1024.0 67.0 ne ſe ſoucient nullemẽt des penſees ni des ef¬

69.0 1353.0 1022.0 72.0 forts des Rois, ains s’employent à faire ce que

66.0 1405.0 1018.0 78.0 Ieſus Chriſt leur a commandé. Les Iuifs meſ¬

70.0 1473.0 1010.0 69.0 mes ne peurent ſouffrir que lon dreſſaſt de¬

66.0 1526.0 1012.0 77.0 dans le temple de Ierufalem l’aigle d’argent &

66.0 1585.0 1022.0 78.0 la ſtatue de Caligula. Que fit ſainct Ambroiſe,

66.0 1644.0 1145.0 82.0 lors que l’Empereur Valentinian luy com-Chm

65.0 1709.0 1018.0 70.0 man da de bailler le temple de Milan aux A¬

62 1763 1022 72 rians? Les Conſeilliers & Capitaines me ſont

66 1834 1014 63 venus trouuer, dit-il, pour me faire viſtement

65 1892 1017 67 liurer le temple, diſans que cela s’executoit

67 1951 1015 82 par l’autorité de l’Empereur, pource que tou¬

416.0 108.0 385.0 49.0 QVESITOM..

1030.0 101.0 60.0 59.0 41

1098 269 154 92 1.Rois18.

1098 351 53 66 17.

1094 823 158 65 Dan.3.18,

1088 870 143 69 & 6.10.

1096 1116 123 75 Act.4.

1100 1173 41 57 19.

1088 1388 168 90 Phila Iuiſ

1090.0 1461.0 122.0 59.0 au diſ¬

1087.0 1507.0 151.0 62.0 cours de

1088 1548 148 64 l'ambaſ¬

1090 1599 125 72 ſade à

1094 1690 117 30 enima

1090 1747 133 78 S. Am¬

1089.0 1818.0 148.0 60.0 broiſe en

1089.0 1869.0 144.0 76.0 l’epiſt-33.
