1440 2338
418.0 110.0 379.0 52.0 QVES IIOR.

1021.0 90.0 77.0 67.0 119

95.0 163.0 1013.0 72.0 trois Eſtats eſtoyent aſſemblez, où toutes les

98.0 216.0 1020.0 82.0 Prouinces & villes de quelque nom, aſauoir

98.0 274.0 1019.0 84.0 les Roturiers, les Nobles, les Eccleſiaſtiques

102.0 333.0 1018.0 76.0 de chaſcune d’icelles enuoyoyent leurs de¬

106.0 393.0 1012.0 83.0 putez: & là deliberoit & arreſtoit-on pu¬

106.0 452.0 1014.0 87.0 bliquement de ce qui concernoit l’Eſtat pu¬

105.0 523.0 141.0 69.0 blic.

207.0 566.0 917.0 86.0 TOVSIOVRS l’autorité de ceſte aſ¬

110.0 629.0 1015.0 84.0 ſemblee a eſté telle, que ce qui y e¬

115.0 692.0 1011.0 79.0 ſtoît arreſté, ſoit qu’il faluſt traiter paix,

120.0 755.0 1014.0 74.0 ou faire guerre, ou creer vn regent au

118.0 810.0 1015.0 81.0 Royaume, ou impoſer nouueau tribut, e¬

118.0 866.0 1017.0 84.0 ſtoit tenu ferme & inuiolable: qui plus

122.0 924.0 1013.0 86.0 eſt, par l’autorité de telle aſſemblee les

122.0 988.0 1016.0 82.0 Rois conuaincus de paillardiſes, ou de non¬

124.0 1050.0 1011.0 80.0 chalance trop grande en leur charge, ou de

124.0 1106.0 1018.0 83.0 tyrannie, eſtoyent rendus moines, voire

127.0 1166.0 1014.0 82.0 meſmes les races entieres eſtoyent priuees

128.0 1226.0 1015.0 76.0 de la ſucceſs ion du Royaume, ne plus ne

131.0 1284.0 1015.0 83.0 moins que premierement par l’autorité du

133.0 1341.0 1010.0 89.0 peuple elles auoyent eſté appellees à l’admi¬

132.0 1401.0 1018.0 82.0 niſtration d’iceluy Royaume. Ceux que le

133.0 1462.0 1014.0 78.0 conſentement des Eſtats auoit eſleuez eſtoy¬

137.0 1523.0 1015.0 79.0 ent abatus par le diſſentement d’iceluy: ceux

141.0 1583.0 1010.0 78.0 qui en enſuiuant les vertus de leurs pe¬

140.0 1637.0 1008.0 86.0 res auoyent eſté appellez à ceſte dignité,

139.0 1698.0 1012.0 81.0 comme ſi c’euſt eſté leur heritage, en eſtoy¬

141.0 1761.0 1010.0 80.0 ent chaſſez & desheritez par leur ingratitu¬

137.0 1818.0 1018.0 83.0 de, & pource qu’en forlignant ils ſe rendoy¬

142.0 1880.0 1012.0 83.0 ent incapables & indignes de tel honneur.

861.0 1935.0 146.0 71.0 H.iinj.
