1464 2417
282 80 91 52 126

343 151 591 58 Par vne vengeance diuine:

338 208 615 59 La charongne de Catherine,

344 275 601 49 Sera differente en ce poinct:

341 327 862 58 Les chiens meſmes n’en voudront point;

334 384 964 60 Voila à mon aduis les choſes qui ont ainſi fait

279 443 1019 61 enrager ceſte bonne dame. Et peuſes tu ſi elle ne

278 503 1023 59 ſçauoit au vray que Ronſard afaict los autres vers

279 559 1019 58 qu’Alithie recitoit tantoſt d’elle & de ſes enfans,

280 619 1020 65 qu’elle ne creuſt que c’eſt quelque Huguenot qui

279 676 1021 67 la gallope dé la fortè, quoy qu’elle donpe auec les

278 737 1023 63 ſiens par trop d’argumẽt aux Papiſtes de crier aux

278 803 383 48 armes contre eux.

527 81 554 55 LIALOGVEI.

279 852 1021 55 Ali. Ie le croy biẽ: Mais encore ne touchez-vous

280 913 1017 63 point à la vraye matiere qui l'a xeduite, à ces fu¬

278 972 1024 60 rieuſes idees. Tenez pour-certain, que ceux qui

280 1027 1020 63 vomiſſent comme elle; leidon celeſte pà ſçauoir

278 1084 1026 62 la cognoiſſance de Dieu en ſon Fils Jeſus Chriſt

279 1145 1022 59 qui eſt ſa parole)& malicieuſemient: ſe bandent

278 1205 1024 57 contre la verité qu’ils cognoiſſent, ne trouuans au

279 1263 1026 56 cun lieu de repentance, ſont tellemehtubaadon¬

279 1321 1018 58 nez de Dieu, qe'ils entrent aiſemoni en ceſte rage

278 1380 1023 56 canine, qui les fait mordre & deunrer touitl ce

282 1440 401 62 qu’ils rencontrent.

283 1495 1018 65 Phil. Vous m’auez fait ſouuenir d’vn ſomet qui

279 1557 1021 62 fut fait pour elle y a enuiron einq ans, fur ce ſtib¬

280 1616 1020 63 iect, lequel i’ay:retenu par cœur, & ir le vous reci

278 1683 427 51 teray preſentement.

282 1730 963 66 Lors qu’vn zele aſtnrd, enfant de l’ignorance!

290 1791 894 63 Ton Henry furieur ancitoità pouſſoyure.

282 1847 1012 69 Par feu, ſang & tourmens, ceux qui deſnoyent vi

342 1918 91 53 ure

280 1963 955 72 En la crainte de Dicu ſous ſon obeiſſance,

1177 2026 120 55 Lors
