1439 2423
254 52 81 63 68

249 126 1035 55 de ſa maiſon vuideroyent, & ſe retireroyent hors

249 201 1039 53 de Paris en queiqu'vne de leursmanons; anu qu’il

250 244 1036 54 ſemblaſt mieux à toute la France, & aux regions

251 304 1035 63 voiſines, que c’eſtoyent ceux de Guyſe qui auoyẽt

249 359 1035 65 fait le tout, ſans le ſceu du Roy : pour venger ſur

253 421 1040 59 l'Amiral & autres Huguenots, la mort du vieux

254 480 1038 62 duc de Guyſe, qu’vn Huguenot auoit tué au pre¬

254 538 1036 61 miers troubles de la France. Voila pourquoy en

251 594 1038 57 ſes letres du Dimanche, il auoit le tout iettè ſur

250 655 1038 53 ceux de Guyſe: mais ceux de Guyſe voyans l’atro

254 713 1038 63 cité du faict auenu, & conſiderans qu’ils attiroyẽt

254 771 1035 56 ſur eux & leur poſterité l’ire de tous hommes, à

255 831 1037 68 qui l’humaine ſocieté eſt chere: & par conſequẽt

253 892 1035 62 ſe mettoyent en butte, à laquelle chacun viſeroit,

254 949 1032 61 comme ſur les ſeuls autheurs & coulpables: pre¬

257 1012 1020 59 uoyans, di ie, le mal qui leur en pourroit auenir,

255 1070 1031 51 eſtans retournez dans Paris, n’en voulurent ſor¬

258 1136 1035 44 tir, n'’abandonner la cour, demandans au contrai¬

255 1184 921 61 re inſtamment, que le Roy aduouaſt le tout.

450 61 618 52 DIALOGVE I.

310 1243 982 60 Le Roy auec le meſme conſeil que deſſus, tant

258 1298 1032 58 à l'occaſion des letres du mareſchal de Montmo¬

254 1362 1034 62 rency (qui prenoit pretexte ſur la volonté du Roy

255 1421 1039 63 de ſe vouloir venger) que par ce que ceux de Guy

255 1478 1033 53 ſe ne vouloyent ſortir hors de Paris, ny ſe charger

255 1535 1030 56 de la faute fut contraint le tout aduouër: Car dia

254 1592 1038 63 ſoyent ceux de ſon cõſeil, ſi le mareſchal de Mont

254 1669 1036 45 morency, ieulement pour la bleſſeute de l’Ami¬

254 1714 1038 60 ral ſon couſin, eſt ſi fort piqué, & menace tant: que

255 1774 1037 54 fera il quand il en entendra la mort, & de tant de

258 1828 1032 64 gens qu’il aimoit? & ſi la maiſon de Guyſe né s’en

255 1891 811 54 charge, comment couurira on le faict?

317 1945 971 64 Partant, le Roy par l’auis de ſondict conſeil,

1089 2005 195 55 reſcriuit
