1422 2410
136 145 1031 67 meurtrier ne paſſera point par leur terre* Cinq

135 207 1033 55 dientr' eux pourſuyuront cent de leurs ennemis, &

135 263 1033 58 cent,dix mille. Le Seigneur eſtablira ſon alliance

137 322 1031 64 auec eux, & les ſera croiſtre & multiplier en paix

136 381 1040 56 & abondance de toures choſes nete ſſaires: là où

136 440 1039 58 au contraire, s’ils meſpriſent les ordonnances du¬

137 495 1026 67 Dieu viuant, s’ils laiſſent regner les vices & deſ¬

137 559 1037 60 bauches parmi eux, la peur, le tremblement, les

137 617 1034 56 maladies, & autres langueurs, & toutes ſortes de

136 676 1038 63 maledictions les pourſuyuront: Le Seigneur tiẽ¬

139 736 1036 56 dra touſiours ſa face courroucee contr’eux: Ils

140 795 1030 60 mourront par la main de leurs ennemis, & fuyrõt

139 852 1032 65 ſans que uul ne les pourſuyue. Le Seigneur adiou

139 907 1037 66 ſteræ auſsi (s’il n’y voit vn amendement) ſept fois

140 969 1027 63 au double de leurs playes, comme il en a menacé

137 1025 1030 67 ſon peuple d’Iſrael, en la place duquel ils ont ſans

136 1085 410 61 doute eſté plantez.

321 72 580 60 DJALOGVE I..

1146 103 12 37 &

1097 103 26 29 T

166 1142 998 64 16 Qu’à l'execurion d’vne ſi ſaincte œuure,

139 1198 1027 61 qu'eſt l'eſtabliſſement & obſeruation de la diſci¬

139 1259 1035 65 pline eccleſiaſtique, à vn frein tant ſainct & neceſ

137 1320 1033 61 ſaire; les Magiſtrats tienent la main aux Conſiſtoi

140 1381 1027 56 res dans les villes: & à la campagne, le General,

140 1439 1028 61 ſon conſeil, ou autres capitaines, & tant qu’il y au

137 1498 642 60 ra de gens de bien en l’armee.

190 1555 978 63 27Qu'onintroduiſe auſsi & qu’on pratique

140 1614 1028 63 le plus exactement que ſaire ſe pourra, entre tous

140 1669 1027 66 les capitaines, cheſs mineurs, & ſoldats, la diſcipli

140 1728 1031 58 ne mulitaire, de laquelle ne ſera ia beſoi faſte Beau

141 1790 1033 54 coup d’articles & ordõnances: eſtant la multitude

141 1846 1033 63 d’icelles (ſi les chefs font leur deuoir) ſuperflue, &

141 1905 1038 64 ne le faiſãt point, pernicieuſe & dõmageable. Il ſuf

144 1965 1030 66 fira que toute la diſcipline militaire ſoit puiſſãte

958 2020 27 27 ..

879 2025 139 55 K.iui.
