1462 2417
256 90 72 61 121

318 143 961 65 Pareillement elle s’eſt fort offenſee de certai¬

259 212 1024 60 ne Richme, parlant des Roynes Fredegonde &

262 263 1017 63 Brunehaut, &de Iezabel & Catherine, & la mon¬

260 326 1024 63 ſtrant eſtre pire que Iezabel ne ſut iamais: pour

260 384 1023 65 ce qu’el le a touſiours creu que ces bõs offices luy

263 441 1024 69 eſtoyent faits de la part des Huguenots: Ie m’en

268 510 463 56 vay te reciter les vers,

534 70 540 66 DIALOGVE I.

321 561 482 56 Si France pure de loix,

326 614 569 68 Pleine d'equité & droiture,

326 675 485 60 A ſouffert tout à la fois

328 729 464 68 Ruine & deſconſiture

325 792 560 68 Par la Royne Fredegonde

325 851 631 68 Maſtinant le François monde

325 914 528 56 Auec ſon Landry infect,

329 968 431 61 s'elle a eſté en effect

329 1032 497 63 Foulee par Brunchaut,

327 1091 561 58 Iezabel qui moins ne vaut

329 1144 471 69 Et ſon eſtalon Gondy

330 1203 562 73 Qui de plein ſault a bondy

329 1263 703 69 Plus hauc que nul de nos Princes,

330 1328 689 64 Pourquoy parmy nos prouinces,

326 1381 547 69 Maintenant qu’il n’y a loy

335 1439 561 68 Ne couſtume qui ſe garde,

333 1495 549 73 Maintenanc qi’il n’y a foy

337 1558 543 69 Ny eſtaus qui les engarde,

335 1619 503 67 Ne feront-ils de rauage

334 1675 540 71 D’oppreſsion &carnage?

335 1732 507 74 Parle qui parler voudra

345 1793 543 66 Tant que Iezabel voudra,

335 1853 498 69 Mais que dy-ie Iezabel,

333 1912 544 59 T'entens dire Catherine

335 1968 589 78 Qui la grand tour de Babel

1130 2018 169 67 Confu¬
