1419 2400
154 136 1040 69 des grans (d’où par Edict ſol ennel ta verité auoit

153 198 871 56 eſté bannie) les honneurs & les alliances,

220 281 970 41 Tuas vle d'un vray fugemet, en toutes les cho

152 318 1038 63 ſes que tu as fait venir ſur nous, nous liurant aux

152 377 1037 63 mains de nos ennemis, qui ſont ſans loy, & treſ¬

153 433 1036 61 meſchãs traiſtres, & à vn Roy iniuſte, & treſ-mau

152 493 1033 59 uais, par deſſus ceux de toute la terre. Nous ſom

150 554 1034 60 mes liurez à mort pour l’amour de toy tous les

149 612 1033 53 iours, & ſommes eſtimez cõme brebis de la bou¬

149 674 1029 59 cherie: Nous te prions que tu ne nous liures pas

149 728 1033 62 ainſi à touſiours. A cauſe de ton Nom, ne diſsipe

152 790 1029 63 point ton alliance, ne nous cõfonds point du tout

149 845 1031 65 mais fay-nous ſelon ta douceur, & ſelon la gran¬

149 902 1029 63 deur de ta miſericorde, afin que la ſemence des

148 968 1032 58 tiens que tu as reſeruez, croiſſe, vegete, & multi¬

152 1022 1026 64 plie, en nombre, zele & vertu. Seigneur, tu t’es ſer

148 1082 1030 62 ui autrefois de l’inſtrument de perſecution, pour

146 1140 1030 64 l'accroiſſement & augmẽtation de ton troupeau,

146 1197 1032 65 qui venoit ſeulement de naiſtre & s’aſſembler en

145 1254 1035 67 Ieruſalem, lors que tu l’eſpardis par la Iudee & Sa

145 1317 1028 64 marie: ſay, Seigneur, que le reſte des tiens que tu

142 1377 1034 60 as eſpars maintenant en regions lointaines & pe¬

144 1434 1033 62 regrines par ceſte horrible diſsipation, continue

142 1493 1032 56 touſiours en ton ſeruice, ſeruant d’exemple & edi

144 1552 1032 57 fication aux nations qui les ont recueillis, & por¬

144 1610 1032 60 tans doucement l’exil: recognoiſſent que toute la

142 1673 1032 60 terre t'appartient, qu’elle toute n’eſt qu’vne ſeule

140 1725 1030 67 cité, de laquelle l’hõme eſt bourgeois paſſager, en

142 1784 1027 68 quelque climat qu’il habite: ou pluſtoſt Seigneur,

142 1846 1032 62 donne leur de cognoiſtre, que nous n’auons point

142 1906 1030 58 icy de cité permanente, afin que cerchans la cité

144 1962 1028 64 à venir, ils perſcuerent en l’eſperãce de la vie bien

364 76 570 53 DIALOGVE I.

1149 98 13 36 S

905 2022 115 54 F.IIi.
