1473 2440
284 70 93 65 128

286 147 1024 63 recours à ſa bonté & prouidence, par prieres con

286 208 1028 60 tinuelles & ardentes,auec aſſeurance qu’il a la vo

284 262 1030 66 lonté & la puiſſance de deliurer les ſiens quand il

287 328 254 62 ſera temps.

282 380 1029 67 L'egl. O Seigneur, mets ce tyran eu la puiſſance

284 459 1023 45 d’vn tucienaue, qui ne v entaaje qu'elecourmenre

284 509 1034 50 ter: Que Satan ſoit touſiours à les coſtez. Fay que

284 557 1034 61 luy & ſes boutreaux conſeillers & ſatellites, ſoyẽt

286 618 1035 63 par toute la terre recognus pour tels qu’ils ſont.

284 677 1027 60 Accourcy leurs iours, & pouruoy, ô Dieu, en leur

288 736 1031 65 place, de gene qui ſoyent ſelon ton cœur. Que

284 793 1042 61 leurs enſans ſoyent orphelins, leurs ſemmes vef¬

284 849 1039 61 ues: Les leurs vagabons & er rans ſoyent dechaſ¬

282 909 1036 62 ſez de leurs maiſons, cerchans leur pain, ſans que

287 965 1031 65 perſonne s’auiſe d’eſtẽdre ſa miſericorde ſur eux.

284 1027 1039 61 L'vſurier attrape leurs biens, & l'eſtranger leur;

283 1084 1036 56 ſubſtance. Leur poſterité ſoit oſtee du monde, le

282 1144 1037 65 nom, dy-ie, de ce tyran ſoit aboli de la terre. Que

283 1203 1038 61 l'iniquité de ſes peres ſoit continuellement deuat

282 1260 1030 64 toy, & n’eſſace point les pechez de ſa mere: d’au¬

282 1321 1036 63 tant que tant s’en faut qu’ils ayent eu ſouuenance!

280 1377 1039 65 d’aider le poure en ſon aduerſité, qu’au contraire¬

279 1436 1035 64 ils n’out tendu qu’à tourmenter les perſonnes op¬

282 1493 1039 68 preſſees, laſſees, chetiues, & angoiſſees, iuſques à

280 1556 1032 62 leur pourohaſſer la mort, voire apres la mort les

282 1615 286 67 pourſuyure.

534 74 555 52 DTALOGVE A.

341 1673 645 63 Ils ont aimé la mal-encontre,

349 1726 841 71 Fay donc,Seigneur, qu’ils la rencontrent:

335 1781 678 69 La bonne encontre ils out haye,

347 1850 751 63 Que deux bonne-encomtre s’enfuye.

273 1903 1041 69 Soyent entortil lez de tous maux ainſi que d’vn ha

272 1962 1032 71 billement : Mais aide moy mon Dleu, mon Roy,

1146 2029 146 68 & par
