1484 2434
281 73 89 52 114

282 131 818 73 Seront aux loups pour sarnages ſemez.

334 249 827 61 Les Leſtrigons, lea Cyclopes, qui n’ont

282 304 905 73 Qu'vn œil au front, en leur rochers ne ſont

276 369 716 69 Si cruels qu'elle, à touté peſte nee:

278 434 651 60 Qui en filant menee ſur menee.

278 480 826 73 Guerre ſur guerre, & debats ſur debats;

278 541 767 61 Fera mourir la France par combats:

274 598 824 61 Mais à la fin ſous les mains de Cloraire

276 659 757 63 Doit de ſes maux receuoir le ſalaire.

532 70 579 47 DEMEGGMR I.

554 200 341 58 & peu apres,

275 718 1035 66 Le pol. Mon Dieu, qu'eſt,ce là? qui vit iamais del

275 781 1029 57 crire mieux les choſes deſſpus nõms, couuerps a

277 839 1037 61 He que ces Poetes ſont grands ouuriers? ily en&

275 893 1037 63 mille & mille qui liront cela ſans l’entendre, & E

278 960 1035 63 pendant ou n’en ſeauroit, dire dauanfage en peu?

272 1024 198 48 de mots.

273 1072 1041 66 Ali. Le bon eſt, que Iamyn qui a fait les argumẽs

274 1130 1035 65 de la Franciade de Ronſard, && quixognaiſti bied

274 1185 1039 65 le ſens caché ſous l’eſcorce & l’intention de l’Aul

275 1246 1019 67 teur. Ia tſelarcy en l’argument du 4. liure, quind

274 1308 1043 63 en parlant de l’errour Pythagorique, touchahda¬

275 1364 1041 66 tranſmigration! des ames, il dit que Ronſatdilen

274 1423 1046 63 ſert expres de ceſte fauſſe opinion, afin que: eele; t

274 1483 1017 59 luy ſoit comme vvn chemin; & argument plus fa¬

273 1541 1047 62 cile, pour faire venir lus eſpmts des vieux Rois FIC¬

273 1599 1041 62 nouueaux corps: car ſans telle inuention,uil tuſt

269 1656 1049 68 fallu ſe monſtrer pluſtoſt Hiſtoriographe, queI

274 1722 144 54 Poëte.

269 1774 1043 65 Le pol. Voila qui va bim. Mais ſi ſeroy: ie biem

270 1836 1044 59 marri que la prophetie de  Ronſard aduint tou-j

269 1893 1045 59 chant ceſte poure Phincuſſe la Royne, 4eςpaο

270 1949 1042 71 qu’elle fuſt eſtoüffec ipar ſonmari:quant à Brupc?

1159 2013 127 53 haut,

903 2316 286 71 991e8 9 Google
