1449 2414
241 64 83 64 156

241 135 1033 67 Polibe dit que la partie la plus requiſe en vn grãd

241 195 1032 65 Capitaine eſt, qu’il cognoiſſe les cõſeils & le natui

238 254 1032 62 nel de ſon ennemi: & partãt ne ſoyent iamais ſans

242 313 1031 62 vn bon nombre d’eſpies (deſquels ils doyuent &

246 376 897 59 peuuent auoir à rechange) de roures parts.

281 433 993 64 40 Qu’ils aront entre rouros leuns maximes

240 492 1037 60 de negocnuon, ceſte-cy en ſinguliere rocomman

238 549 1040 59 dation, Denz ſe fier iamais enceux qui tant de

238 604 1039 67 ſois & parſuinſigues ſe prodigieuſes trabiſõs, onc

242 666 1036 63 violé & rõpu la foy, le repos, & la paix publique,

240 726 1042 63 ny iamais ſe deſarmer tant qu’ils ſeront pourſuite

249 778 1024 64 contre la doctrine de ſalut, ou cõue la vie de ceux

242 839 1043 66 quien ſont profeſsiou: ſe gardans bion de faire iæ

241 901 1048 61 mais de ces paix, qui ſeruent d'inftrumens à maſſa!

242 962 1039 61 cres. Que s’il aduenont de tomber: en quelques

241 1017 1044 57 termes d’uccord, c ſoit auec telles conditions,

242 1076 1048 58 qe'auanerout œuurr, ſoit reſuument eſtabli cey

242 1135 1050 63 qui eſt onpodient pour la gloint de Dieu: & apres

241 1190 1045 61 cela, ſi bibadufeià da ſeuretó des poures Egliſes

242 1251 1050 68 qu’elles ne ſoyent plus a larueridles loups & ty-

247 1323 115 59 gpoc.

492 67 565 55 DIRLOGVE I.

297 1365 989 68 Queſu(comme dit eſt) ilpliſtaà Dieu de tou¬

237 1425 1057 60 cher le cœurides cyrans, & les, changer, comme il:

241 1483 1048 60 en a la puiſunce, lors de bonne volonté ils ſe ſu

242 1547 1052 63 mettent à xelux que Dieu leur a ordonnez pour:

245 1602 1041 62 Princas flarerdlas &leur rendent tout deuoir de

241 1658 1040 68 bans &nbeiſſans ſuiets. Mataſi le mal eſt venu

242 1717 1055 70 iuſques au comble, & que lamolouté de Dieu ſoit

241 1779 1055 63 de les exterminer: gal phiſt à Dieuſuſciter vn pri;

241 1844 1052 52 ce chhreſtien venpaur des mſlenſes R liberateur.

241 1894 1056 69 des affligez, qu’à ceſtuy ils ſe reudent ſuiets & o¬

238 1956 1035 67 baiſſans, comme à vn Cyrus que Dieu leur aura

1085 2015 180 65 enuoyé.
