1456 2435
297 75 65 50 24

289 136 1033 75 de Nauarte ny eſtoit pas compris: mois ſachant

288 198 1025 75 bien qu’on tireroit de luy tout le teſmoignage

289 257 1026 73 qu’on voudroit, il ſembla bon au conſeil de ſ’y nõ

288 320 116 42 mer.

345 376 967 70 Ces letres patentes, furent enuoyees par cour¬

284 435 1024 66 riers expres à tous les gouuerneurs de la France,

282 500 1029 62 auec d’autres letres particulieres du Roy de meſ

282 546 1030 73 me ſuſtance: Excepté, qu’il y eſtoit adiouſté vn

280 612 1025 68 commandement, Qu’incontinent les letres re¬

280 668 1027 70 ceuës, les gouuerneurs fiſſẽt tailler en pieces tous

280 727 1027 71 les Huguenots que lon trouueroit hors de leurs

278 784 1027 72 maiſons. Aucuns Huguenots (que la peur auoit

276 841 1029 69 fait ſortir hors de leurs maiſons) entendans ce

274 903 1035 64 mandement, ſe retournoyent mettre dedans: les

274 964 1033 69 autres qui ne s’y oſoyent fier, & ſe trouuoyent

273 1021 1032 65 dehors, ſoudain eſtoyent tuez, autres prins à ran¬

277 1078 1035 71 çon: Mais à la fin, ceux qui obeiſſans au mande¬

273 1139 1030 64 ment s’eſtoyent retirez en leurs maiſons, ne fu¬

270 1198 1029 68 rent pas de meilleure condition que les autres.

270 1252 1030 73 Et toutefois les gouuerneurs ayãs receu leſdictes

269 1316 1025 63 letres, donnoyent à entendre, qu’ils ne recerchoy

266 1370 1034 72 ent d’entre les Huguenots, que les coulpables de

266 1431 1031 71 ceſte derniere conſpiratiou de l’Amiral:que quãt

267 1488 1026 73 au paſſé, ils n’y vouloyent pas ſeulement toucher,

269 1551 371 56 n’y s’en ſouuenir.

510 74 565 58 DIALOGVE I.

319 1605 978 71 Mais pource que peu de iours apres fut adiou¬

265 1661 1031 73 ſté auſdictes letres,que les priſonniers fuſſent de¬

262 1720 1030 72 liurez, & que nul ne fuſt fait doreſenauant priſon¬

259 1784 1030 67 nier, excepté ceux qui és guerres ciuiles de la Frã¬

259 1847 1030 65 ce, auoyent eu quelque charge pour les Hugue¬

255 1903 1033 61 nots, manié aftaires, ou autrement en auoyent eu

258 1956 1032 77 intelligence : deſquels ſi aucun eſtoit pris, on l’euſt

1184 2027 108 54 à re¬
