1418 2438
153 214 1014 78 de menſonge auec efficace d’erreur

149 297 1016 75 au milieu de vos aſſemblees, & vous

150 388 1017 71 donner par ce moyen vn monſtre

150 468 1018 80 Roy en ſa fureur. Mais tant y a quãd

154 551 1011 77 voſtre Roy ſeroit meilleur qu’on

150 635 1017 72 ne peut dire, & auſſi bon en voſtre

150 719 1014 78 endtoict qu’il a eſté pernicieux vers

150 797 1009 77 les François & vers ſa Patrie: ſi eſt¬

151 888 1014 73 ce encor comme i’ayi ditiqu’ils vous

150 972 1014 61 ſeront à tout iamais bons amis &

149 1049 1014 80 bien redeuables, pour les biens que

153 1136 1006 66 vous leur auez ſarc Rremiere¬

149 1225 1012 75 ment pour la bonne opinion que

155 1307 1009 73 vous auez euë de leur Nætion, la pre

153 1382 1004 84 poſant en l’election, dont eſt quo¬

147 1472 1017 78 ſtion, à beaucoup d’autres qui vous

150 1556 1014 74 ſont plus prochaines & voiſines. En

150 1647 1007 70 ce que, comme i’ay ſceu au vray,

150 1722 1010 79 pour mener à quelque heureuſe fin

150 1805 1019 76 ceſte premiere election, ou pluſtoſt

149 1889 1016 76 le proiet & deſſein que vo? en aumez

150 1969 1007 89 fait, vous deſpechaſtés en Frace d’es

493 125 336 57 EPISTRE.
