1422 2435
129 156 1030 60 nias) les Maieurs & Confoils des villes ſe pouuoy

129 219 1030 62 ent aſſembler en quelque lieu & ville commode

129 278 1027 65 pour toutes : Mais pource que cela leur eſt mal¬

124 338 1035 61 aiſé pour maintenant,ils pourrorit apres vne ſain

128 392 1032 65 cte priere, chacun Maieur & conſeil aſſemblé en¬

131 453 1025 65 droit ſoy, proceder à l’election d’vn chef general,

128 512 1034 61 & enuoyer chacun Maieut & conſeil ſon vœu &

129 569 1031 68 ſuffrage à celury de la ville, qui (par vn aduis cou¬

128 633 1032 59 rãt) ſera trouuee plus propre à recueillir tous les

125 685 1035 64 aduis des autres: afin que là, ſelon la pluralité des

129 746 1031 62 voir & ſuffrages qui y ſeront enuoyez de dehors,

127 804 1032 63 ioints auec celuy de dedans, celuy ſoit ſolennel le¬

129 863 1033 63 ment declaré & pronõcé cheſ general d’entre les

129 922 1033 65 membres, à qui Dieu, par le plus de voix, l’aura

132 983 356 53 voulu accorder.

339 100 574 48 DIAEOGVE I.

182 1036 972 66 16 Et combien que les neceſsitezdes guerres

131 1098 1028 64 n’attendent pas touſiours le conſeil, & que (cõme

128 1156 1034 62 lon dit) la guerre ſe face à l’œil:neantmoins, qu’il

127 1213 1029 64 ſoit eſleu par meſme moyen & eſtabli par la meſ¬

131 1281 1033 55 me voye que deſſus, vn conſeil au chef general, du

128 1333 1034 61 quel il ſoit tenu de prendre aduis, touteſois & quã

127 1406 1029 48 res que l’occaſion s’y preſentera, & que la neceſsi¬

128 1452 836 60 té du temps & des affaires le permettra.

1079 120 57 40 14.

182 1508 966 65 17 Que par meſmes moyẽs ſoyẽt eſleus cinq

128 1569 1032 59 ou ſix lieutenans au General, qui luy ſuccederont

129 1628 1029 53 (ſelon qu’ils ſeront nommez) vn, apres la mort ou

128 1684 1031 55 deſmile de l'autre, en meſme ou ſemblable char¬

129 1742 1030 65 ge:pour euiter toute confuſion, deſordre, & incõ

129 1804 1030 64 uenient qui pourroit aduenir,par l’entrepriſe que

129 1861 1029 59 les ennemis pourroyent faire en trahiſon, ou au¬

131 1922 1025 61 trement, contre le General, pour priuer les mem

132 1977 621 64 bres de conduite par ſa mort.

871 2050 113 42 R.il.
