<?xml version="1.0" encoding="UTF-8"?>
<alto xmlns:xsi="http://www.w3.org/2001/XMLSchema-instance"
      xmlns="http://www.loc.gov/standards/alto/ns-v4#"
      xsi:schemaLocation="http://www.loc.gov/standards/alto/ns-v4# http://www.loc.gov/standards/alto/v4/alto-4-2.xsd">
  <Description>
    <MeasurementUnit>pixel</MeasurementUnit>
    <sourceImageInformation>
      <fileName>page_00125.png</fileName>
      <fileIdentifier>mets//page_00002.zip/page_00125.png</fileIdentifier>
    </sourceImageInformation>
  </Description>
  <Tags>
    <OtherTag ID="BT7" LABEL="CustomZone" DESCRIPTION="block type CustomZone"/><OtherTag ID="BT8" LABEL="DamageZone" DESCRIPTION="block type DamageZone"/><OtherTag ID="BT9" LABEL="DigitizationArtefactZone" DESCRIPTION="block type DigitizationArtefactZone"/><OtherTag ID="BT10" LABEL="DropCapitalZone" DESCRIPTION="block type DropCapitalZone"/><OtherTag ID="BT11" LABEL="GraphicZone" DESCRIPTION="block type GraphicZone"/><OtherTag ID="BT12" LABEL="MainZone" DESCRIPTION="block type MainZone"/><OtherTag ID="BT13" LABEL="MarginTextZone" DESCRIPTION="block type MarginTextZone"/><OtherTag ID="BT14" LABEL="MusicZone" DESCRIPTION="block type MusicZone"/><OtherTag ID="BT15" LABEL="NumberingZone" DESCRIPTION="block type NumberingZone"/><OtherTag ID="BT17" LABEL="QuireMarksZone" DESCRIPTION="block type QuireMarksZone"/><OtherTag ID="BT18" LABEL="RunningTitleZone" DESCRIPTION="block type RunningTitleZone"/><OtherTag ID="BT19" LABEL="SealZone" DESCRIPTION="block type SealZone"/><OtherTag ID="BT20" LABEL="StampZone" DESCRIPTION="block type StampZone"/><OtherTag ID="BT21" LABEL="TableZone" DESCRIPTION="block type TableZone"/><OtherTag ID="BT22" LABEL="TitlePageZone" DESCRIPTION="block type TitlePageZone"/><OtherTag ID="BT100001" LABEL="MainZone-Head" DESCRIPTION="block type MainZone-Head"/><OtherTag ID="BT100005" LABEL="MainZone-P" DESCRIPTION="block type MainZone-P"/><OtherTag ID="BT100006" LABEL="MainZone-Continued" DESCRIPTION="block type MainZone-Continued"/><OtherTag ID="BT100008" LABEL="MainZone-Sp" DESCRIPTION="block type MainZone-Sp"/><OtherTag ID="BT100002" LABEL="MainZone-Lg" DESCRIPTION="block type MainZone-Lg"/><OtherTag ID="BT100014" LABEL="MainZone-ListItem" DESCRIPTION="block type MainZone-ListItem"/>
    <OtherTag ID="LT7" LABEL="CustomLine" DESCRIPTION="line type CustomLine"/><OtherTag ID="LT8" LABEL="DefaultLine" DESCRIPTION="line type DefaultLine"/><OtherTag ID="LT9" LABEL="DropCapitalLine" DESCRIPTION="line type DropCapitalLine"/><OtherTag ID="LT10" LABEL="HeadingLine" DESCRIPTION="line type HeadingLine"/><OtherTag ID="LT11" LABEL="InterlinearLine" DESCRIPTION="line type InterlinearLine"/><OtherTag ID="LT12" LABEL="MusicLine" DESCRIPTION="line type MusicLine"/><OtherTag ID="LT765" LABEL="default" DESCRIPTION="line type default"/>
  </Tags>
  <Layout>
    <Page WIDTH="1436"
          HEIGHT="2408"
          PHYSICAL_IMG_NR="124"
          ID="eSc_dummypage_">
      <PrintSpace HPOS="0"
                  VPOS="0"
                  WIDTH="1436"
                  HEIGHT="2408">
        <TextBlock HPOS="245.0"
                   VPOS="70.0"
                   WIDTH="67.0"
                   HEIGHT="58.0"
                   ID="block_3"
                   TAGREFS="BT15">
          <Shape><Polygon POINTS="312 70 312 128 245 128 245 70"/></Shape>
          <TextLine ID="line_0"
                    TAGREFS="LT8"
                    BASELINE="243 109 317 112" 
                    HPOS="242"
                    VPOS="64"
                    WIDTH="75"
                    HEIGHT="64">
            <Shape><Polygon POINTS="243 109 242 116 282 128 283 128 285 128 286 128 315 119 317 112 317 76 283 76 283 74 274 65 274 64 273 64 271 64 270 64 268 64 243 72 243 109"/></Shape>
	    <String CONTENT="86"
                    HPOS="242"
                    VPOS="64"
                    WIDTH="75"
                    HEIGHT="64"
                    WC="0.999995231628418"></String>
          </TextLine>
        </TextBlock>
        <TextBlock HPOS="219.0"
                   VPOS="142.0"
                   WIDTH="1073.0"
                   HEIGHT="1887.0"
                   ID="block_0"
                   TAGREFS="BT100006">
          <Shape><Polygon POINTS="1288 144 1292 2020 219 2029 228 142"/></Shape>
          <TextLine ID="line_2"
                    TAGREFS="LT8"
                    BASELINE="242 185 1282 181" 
                    HPOS="240"
                    VPOS="141"
                    WIDTH="1042"
                    HEIGHT="66">
            <Shape><Polygon POINTS="242 185 242 196 251 203 252 203 254 203 255 203 397 196 420 206 421 206 422 206 424 206 425 206 436 197 446 206 448 206 449 206 451 207 509 207 509 206 511 206 529 197 568 202 570 202 606 195 760 202 761 202 762 202 780 195 867 204 868 204 912 196 978 203 979 203 1025 193 1027 193 1030 193 1105 203 1106 203 1280 192 1282 181 1280 151 1268 141 1267 141 1266 141 1264 141 1217 152 1216 152 1195 141 1193 141 1192 141 1191 141 1161 152 1158 153 1071 153 1066 151 1033 141 1031 141 1030 141 1029 141 1007 151 1003 152 976 151 884 143 883 143 881 143 880 143 872 149 867 155 558 156 456 156 444 147 441 144 440 144 438 144 437 144 420 147 369 153 240 145 242 185"/></Shape>
	    <String CONTENT="heureuſe, que tu nous as acquiſe par le precieux"
                    HPOS="240"
                    VPOS="141"
                    WIDTH="1042"
                    HEIGHT="66"
                    WC="0.9951585965851942"></String>
          </TextLine>
          <TextLine ID="line_3"
                    TAGREFS="LT8"
                    BASELINE="240 244 1275 242" 
                    HPOS="239"
                    VPOS="200"
                    WIDTH="1036"
                    HEIGHT="62">
            <Shape><Polygon POINTS="1256 207 1243 207 1229 207 1216 207 1205 207 1200 212 1019 212 1006 207 1002 207 989 207 980 207 975 212 952 212 935 207 935 207 922 207 908 207 895 207 889 212 831 212 824 207 815 207 801 207 788 207 774 207 761 207 748 207 745 207 740 212 720 212 678 212 671 207 667 207 654 207 641 207 627 207 614 207 610 207 600 212 594 207 587 207 574 207 560 207 547 207 533 207 529 207 521 214 500 214 492 207 480 207 467 207 453 207 451 207 440 210 432 207 426 207 413 207 401 207 396 211 384 207 373 207 360 207 351 207 345 214 313 214 254 200 252 200 251 200 250 200 250 202 239 210 240 244 240 254 298 262 299 262 377 255 388 262 389 262 390 262 392 262 393 262 394 262 404 254 405 254 433 254 709 260 710 260 956 252 978 252 979 252 989 260 990 260 991 260 993 260 994 260 1011 254 1085 260 1086 260 1274 251 1275 242 1274 212 1260 207 1256 207"/></Shape>
	    <String CONTENT="ſang de Ieſus Chriſt ton Fils noſtre Seigneur. Et"
                    HPOS="239"
                    VPOS="200"
                    WIDTH="1036"
                    HEIGHT="62"
                    WC="0.9984961626481037"></String>
          </TextLine>
          <TextLine ID="line_4"
                    TAGREFS="LT8"
                    BASELINE="243 305 1270 299" 
                    HPOS="242"
                    VPOS="263"
                    WIDTH="1028"
                    HEIGHT="59">
            <Shape><Polygon POINTS="243 305 243 315 252 322 254 322 255 322 256 322 299 314 301 314 368 314 390 322 392 322 393 322 496 313 504 313 519 313 730 321 732 321 733 321 765 311 768 311 769 311 801 319 802 319 804 321 989 321 989 319 1027 310 1030 310 1031 310 1047 318 1049 318 1050 318 1051 318 1070 311 1153 318 1154 318 1156 318 1176 310 1203 318 1204 318 1205 318 1268 309 1270 299 1267 272 1122 272 1098 263 1097 263 1096 263 1094 263 1066 270 1038 263 1037 263 1035 263 1034 263 1010 274 631 274 499 266 497 266 496 266 457 275 385 267 384 267 307 275 262 268 260 268 259 268 242 275 243 305"/></Shape>
	    <String CONTENT="en rendans leur vocation certaine, par bõnes œu¬"
                    HPOS="242"
                    VPOS="263"
                    WIDTH="1028"
                    HEIGHT="59"
                    WC="0.9954228194392457"></String>
          </TextLine>
          <TextLine ID="line_5"
                    TAGREFS="LT8"
                    BASELINE="242 363 1274 358" 
                    HPOS="240"
                    VPOS="319"
                    WIDTH="1034"
                    HEIGHT="62">
            <Shape><Polygon POINTS="242 363 242 374 255 381 256 381 258 381 259 381 291 373 293 373 397 373 440 373 448 379 449 379 451 379 452 379 523 373 543 379 544 379 546 379 620 371 622 371 624 371 697 379 698 379 746 373 841 378 843 378 885 370 895 378 896 378 898 378 899 379 991 379 991 378 993 378 994 378 1003 370 1011 377 1013 377 1014 377 1015 377 1055 370 1094 375 1096 375 1097 375 1098 375 1106 369 1125 375 1126 375 1128 377 1247 377 1247 375 1248 375 1274 367 1274 358 1271 331 1217 331 1196 319 1195 319 1193 319 1192 319 1153 331 1006 333 926 333 911 322 910 322 908 322 907 322 906 322 904 322 892 333 802 333 758 321 757 321 756 321 754 321 706 334 588 334 564 322 563 322 562 322 523 329 500 322 499 322 497 322 445 323 444 323 442 323 433 331 416 323 414 323 355 323 354 323 353 323 351 323 341 331 254 327 252 327 251 327 250 327 240 333 242 363"/></Shape>
	    <String CONTENT="ures &amp; la ſaincte conuerſation (que tu as ordon¬"
                    HPOS="240"
                    VPOS="319"
                    WIDTH="1034"
                    HEIGHT="62"
                    WC="0.9944913797080517"></String>
          </TextLine>
          <TextLine ID="line_6"
                    TAGREFS="LT8"
                    BASELINE="240 421 1278 421" 
                    HPOS="240"
                    VPOS="378"
                    WIDTH="1038"
                    HEIGHT="62">
            <Shape><Polygon POINTS="240 421 240 432 254 438 255 438 256 438 390 432 429 440 430 440 432 440 433 440 444 433 501 440 503 440 504 440 528 432 595 432 610 440 611 440 612 440 614 440 615 440 634 432 732 440 733 440 786 433 883 438 884 438 885 438 902 432 1101 440 1102 440 1104 440 1124 432 1183 432 1193 440 1195 440 1196 440 1197 440 1199 440 1216 432 1278 432 1278 421 1278 391 1215 391 1201 381 1200 381 1199 381 1197 381 1196 381 1179 390 1162 378 1161 378 1160 378 1120 378 1118 378 1117 378 1093 391 1062 391 1045 379 1043 379 1042 379 1041 379 1039 379 1017 390 976 383 975 383 930 390 914 378 912 378 911 378 833 378 832 378 831 378 804 390 770 378 769 378 768 378 766 378 742 391 714 391 690 378 689 378 687 378 649 385 604 378 603 378 602 378 600 378 586 390 540 378 539 378 537 378 536 378 512 391 326 391 290 378 289 378 287 378 286 378 240 390 240 421"/></Shape>
	    <String CONTENT="né aux tiens, afin d’eſtre glorifié en eux) qu’ils con"
                    HPOS="240"
                    VPOS="378"
                    WIDTH="1038"
                    HEIGHT="62"
                    WC="0.9940123472894941"></String>
          </TextLine>
          <TextLine ID="line_7"
                    TAGREFS="LT8"
                    BASELINE="240 481 1274 477" 
                    HPOS="239"
                    VPOS="437"
                    WIDTH="1035"
                    HEIGHT="63">
            <Shape><Polygon POINTS="240 481 240 490 302 490 305 490 318 500 319 500 321 500 322 500 323 500 343 490 345 489 634 489 642 489 710 498 711 498 713 498 714 498 725 489 744 496 745 496 746 496 794 489 797 489 801 489 903 498 904 498 966 490 1220 497 1221 497 1272 486 1274 477 1270 449 861 449 812 437 811 437 809 437 808 437 806 437 792 449 748 441 746 441 745 441 722 449 702 437 701 437 699 437 666 437 665 437 663 437 662 437 647 449 584 437 583 437 512 438 511 438 509 438 493 452 469 452 445 438 444 438 442 438 351 449 314 438 313 438 258 438 256 438 255 438 254 438 239 449 240 481"/></Shape>
	    <String CONTENT="ſiderent les faſcheuſes &amp; frequentes peregrina¬"
                    HPOS="239"
                    VPOS="437"
                    WIDTH="1035"
                    HEIGHT="63"
                    WC="0.9882188249141612"></String>
          </TextLine>
          <TextLine ID="line_8"
                    TAGREFS="LT8"
                    BASELINE="242 539 1275 536" 
                    HPOS="240"
                    VPOS="494"
                    WIDTH="1035"
                    HEIGHT="57">
            <Shape><Polygon POINTS="242 539 242 551 1274 551 1275 536 1274 508 1249 494 1248 494 1247 494 1245 494 1207 508 1136 508 1109 494 1108 494 1106 494 1105 494 1066 508 1005 508 971 494 970 494 968 494 967 494 966 494 948 507 887 498 885 498 884 498 864 507 829 494 828 494 827 494 825 494 824 494 808 507 780 494 778 494 777 494 776 494 774 494 753 508 718 508 703 496 702 496 701 496 623 496 622 496 620 496 619 496 604 509 588 509 572 496 571 496 570 496 568 496 567 496 548 503 527 496 525 496 524 496 523 496 521 496 501 508 472 496 471 496 380 496 378 496 377 496 376 496 360 508 255 503 254 503 252 503 240 508 242 539"/></Shape>
	    <String CONTENT="tions d’Abrahã, d’Iſaac &amp; de lacob: qu&#x27;ils iettẽt"
                    HPOS="240"
                    VPOS="494"
                    WIDTH="1035"
                    HEIGHT="57"
                    WC="0.9873090222770092"></String>
          </TextLine>
          <TextLine ID="line_9"
                    TAGREFS="LT8"
                    BASELINE="242 597 1274 593" 
                    HPOS="240"
                    VPOS="552"
                    WIDTH="1034"
                    HEIGHT="64">
            <Shape><Polygon POINTS="242 597 242 610 254 616 255 616 256 616 258 616 259 616 268 608 270 608 397 608 503 608 517 616 519 616 520 616 521 616 523 616 524 616 535 608 764 615 765 615 839 607 861 615 863 615 864 615 947 606 950 606 952 606 1053 614 1054 614 1216 606 1259 614 1260 614 1262 614 1263 614 1274 604 1274 593 1272 564 1252 552 1251 552 1249 552 1248 552 1247 552 1212 564 1126 564 1104 552 1102 552 1081 552 1080 552 1078 552 1077 552 1061 564 1061 565 907 565 904 564 891 553 889 553 888 553 887 553 847 555 845 555 844 555 833 564 831 567 785 567 780 563 772 557 770 557 769 557 768 557 766 557 749 563 742 565 738 563 730 557 729 557 728 557 726 557 725 557 703 563 694 565 686 563 662 553 661 553 659 553 658 553 633 563 623 567 590 567 583 563 571 555 570 555 568 555 511 555 509 555 508 555 487 561 472 568 420 568 409 561 394 555 393 555 335 555 334 555 333 555 331 555 325 561 319 565 305 561 282 555 281 555 279 555 240 560 242 597"/></Shape>
	    <String CONTENT="l’œil ſut ton Fils vnique, ton Bien aimé, fuyant de"
                    HPOS="240"
                    VPOS="552"
                    WIDTH="1034"
                    HEIGHT="64"
                    WC="0.9788592939193432"></String>
          </TextLine>
          <TextLine ID="line_10"
                    TAGREFS="LT8"
                    BASELINE="240 656 1275 656" 
                    HPOS="240"
                    VPOS="615"
                    WIDTH="1035"
                    HEIGHT="61">
            <Shape><Polygon POINTS="240 656 240 664 342 667 361 676 362 676 364 676 365 676 366 676 384 666 468 666 485 676 487 676 488 676 489 676 543 666 578 672 579 672 642 666 685 676 686 676 687 676 765 667 841 676 843 676 927 666 959 676 960 676 962 676 1085 668 1106 676 1108 676 1109 676 1110 676 1112 676 1122 667 1275 664 1275 656 1275 623 1231 615 1229 615 1228 615 1227 615 1217 623 1216 624 1063 627 1025 624 936 615 935 615 934 615 932 615 920 624 918 627 789 627 782 624 758 615 757 615 722 615 721 615 720 615 718 615 701 626 697 628 646 628 643 626 630 615 629 615 627 615 600 615 599 615 598 615 570 626 566 627 551 626 434 615 433 615 432 615 430 615 420 623 393 619 392 619 390 619 370 627 357 615 355 615 354 615 329 615 327 615 326 615 325 615 314 624 240 627 240 656"/></Shape>
	    <String CONTENT="nuict, toſt apres ſa naiſſance, en Egypte, auec ſa"
                    HPOS="240"
                    VPOS="615"
                    WIDTH="1035"
                    HEIGHT="61"
                    WC="0.9922076523303985"></String>
          </TextLine>
          <TextLine ID="line_11"
                    TAGREFS="LT8"
                    BASELINE="240 715 1276 711" 
                    HPOS="239"
                    VPOS="671"
                    WIDTH="1037"
                    HEIGHT="66">
            <Shape><Polygon POINTS="240 715 240 725 409 725 413 725 457 735 459 737 523 737 523 735 610 725 623 723 671 723 674 725 685 733 686 733 687 733 689 733 690 733 706 725 851 734 852 734 853 734 873 723 875 723 888 730 889 730 891 730 991 725 1021 733 1022 733 1023 733 1213 726 1223 733 1224 733 1225 733 1227 733 1275 722 1276 711 1271 671 1228 684 1098 684 1082 672 1082 671 1081 671 1080 671 1078 671 1077 671 1073 672 1031 683 959 672 944 671 943 671 942 671 940 671 939 672 926 683 896 672 893 672 892 672 891 672 889 672 888 672 872 686 815 686 793 674 790 672 789 672 788 672 780 674 729 686 667 686 650 675 647 672 646 672 645 672 643 672 642 672 634 675 602 684 566 675 560 674 559 674 532 674 531 674 529 674 528 674 527 675 513 684 239 678 240 715"/></Shape>
	    <String CONTENT="Mere-vierge, ſous la conduite de Ioſeph, pour eſ"
                    HPOS="239"
                    VPOS="671"
                    WIDTH="1037"
                    HEIGHT="66"
                    WC="0.992652008930842"></String>
          </TextLine>
          <TextLine ID="line_12"
                    TAGREFS="LT8"
                    BASELINE="239 773 1278 773" 
                    HPOS="239"
                    VPOS="733"
                    WIDTH="1039"
                    HEIGHT="60">
            <Shape><Polygon POINTS="239 773 239 783 302 783 314 791 315 791 317 791 318 793 400 793 400 791 401 791 424 783 531 790 532 790 758 783 844 791 845 791 950 783 1276 783 1278 773 1276 746 1197 746 1177 733 1176 733 1175 733 1173 733 1108 745 1070 733 1069 733 1067 733 1066 733 1030 746 960 746 934 733 932 733 931 733 930 733 900 746 839 746 821 733 820 733 819 733 817 733 738 743 717 733 715 733 647 733 646 733 645 733 643 733 627 746 491 746 430 733 429 733 428 733 380 745 270 733 268 733 267 733 239 745 239 773"/></Shape>
	    <String CONTENT="chapper les mains d’Herode, qui cerchoit la vie"
                    HPOS="239"
                    VPOS="733"
                    WIDTH="1039"
                    HEIGHT="60"
                    WC="0.9983582737598014"></String>
          </TextLine>
          <TextLine ID="line_13"
                    TAGREFS="LT8"
                    BASELINE="238 832 1274 830" 
                    HPOS="236"
                    VPOS="790"
                    WIDTH="1038"
                    HEIGHT="54">
            <Shape><Polygon POINTS="238 832 238 844 1272 844 1274 830 1271 802 1228 795 1227 795 1225 795 1224 795 1216 802 1215 804 970 804 970 802 935 790 934 790 932 790 931 790 930 790 915 802 848 802 794 790 793 790 792 790 766 801 753 790 752 790 750 790 728 790 726 790 725 790 724 790 711 801 595 802 511 790 509 790 508 790 507 790 491 804 472 804 425 790 424 790 422 790 358 799 341 790 339 790 338 790 298 797 262 790 260 790 259 790 258 790 236 801 238 832"/></Shape>
	    <String CONTENT="de l’enfant. Fay entendre à tous les tiens, que tu"
                    HPOS="236"
                    VPOS="790"
                    WIDTH="1038"
                    HEIGHT="54"
                    WC="0.9906465574806812"></String>
          </TextLine>
          <TextLine ID="line_14"
                    TAGREFS="LT8"
                    BASELINE="240 890 1275 888" 
                    HPOS="239"
                    VPOS="848"
                    WIDTH="1036"
                    HEIGHT="61">
            <Shape><Polygon POINTS="240 890 240 901 396 901 397 901 406 908 408 908 409 908 410 908 464 901 469 901 476 901 566 909 567 909 606 901 607 901 620 901 948 908 950 908 1006 900 1007 900 1009 900 1017 907 1018 907 1019 907 1021 907 1069 901 1102 908 1104 908 1105 908 1106 908 1116 901 1216 907 1217 907 1274 898 1275 888 1272 862 1211 858 1197 848 1196 848 1195 848 1193 848 1192 848 1138 862 1114 862 1092 848 1090 848 1089 848 1088 848 1086 848 1042 861 1005 848 1003 848 963 848 962 848 960 848 959 848 946 858 900 861 879 848 877 848 876 848 851 848 849 848 848 848 820 861 760 856 758 856 757 856 756 856 746 862 475 856 473 856 420 862 373 849 372 849 370 849 309 857 298 849 297 849 295 849 258 849 256 849 255 849 254 849 239 861 240 890"/></Shape>
	    <String CONTENT="chaſties ceux que tu aimes, afin qu’il ne leur ſem¬"
                    HPOS="239"
                    VPOS="848"
                    WIDTH="1036"
                    HEIGHT="61"
                    WC="0.9922078053156534"></String>
          </TextLine>
          <TextLine ID="line_15"
                    TAGREFS="LT8"
                    BASELINE="240 949 1275 949" 
                    HPOS="240"
                    VPOS="908"
                    WIDTH="1035"
                    HEIGHT="57">
            <Shape><Polygon POINTS="240 949 240 955 406 955 451 965 505 957 525 965 540 955 554 965 591 955 687 963 717 955 768 965 896 965 935 955 1050 963 1062 955 1275 955 1275 949 1275 920 1249 908 1248 908 1247 908 1141 920 1133 921 1069 921 1066 919 1053 908 1051 908 1050 908 1049 908 1047 908 1007 919 1001 920 998 919 986 908 984 908 983 908 962 908 960 908 959 908 958 908 946 917 942 921 881 921 875 917 856 908 855 908 853 908 852 908 831 916 821 920 770 919 768 916 758 908 757 908 756 908 733 908 732 908 730 908 729 908 720 915 713 921 413 921 396 912 389 908 388 908 361 908 360 908 358 908 347 911 319 920 299 911 294 908 293 908 291 908 240 909 240 949"/></Shape>
	    <String CONTENT="ble eſtrange, comme ſi quelque choſe nouuelle"
                    HPOS="240"
                    VPOS="908"
                    WIDTH="1035"
                    HEIGHT="57"
                    WC="0.9968324502309164"></String>
          </TextLine>
          <TextLine ID="line_16"
                    TAGREFS="LT8"
                    BASELINE="239 1010 1272 1007" 
                    HPOS="238"
                    VPOS="967"
                    WIDTH="1034"
                    HEIGHT="61">
            <Shape><Polygon POINTS="239 1010 239 1019 252 1026 254 1026 255 1026 256 1026 258 1026 266 1019 267 1019 488 1019 492 1020 508 1028 509 1028 511 1028 622 1020 655 1019 659 1022 666 1026 667 1026 669 1026 670 1026 699 1022 715 1019 733 1022 753 1024 754 1024 756 1024 766 1022 781 1018 815 1022 859 1027 860 1027 900 1022 936 1018 975 1023 1011 1027 1013 1027 1041 1023 1065 1019 1088 1023 1112 1027 1113 1027 1156 1023 1201 1019 1270 1023 1272 1007 1270 979 1215 977 1203 967 1201 967 1200 967 1199 967 1197 967 1176 973 1145 967 1144 967 1142 967 1122 977 1121 979 1014 979 1011 977 984 967 983 967 982 967 928 976 919 979 786 979 781 976 758 967 757 967 756 967 754 967 726 975 715 979 710 975 699 968 698 968 697 968 638 968 637 968 635 968 614 975 599 979 238 973 239 1010"/></Shape>
	    <String CONTENT="leur arriuoit, quand ils ſeront par feu, par glaiue,"
                    HPOS="238"
                    VPOS="967"
                    WIDTH="1034"
                    HEIGHT="61"
                    WC="0.9897814656679447"></String>
          </TextLine>
          <TextLine ID="line_17"
                    TAGREFS="LT8"
                    BASELINE="238 1067 1270 1064" 
                    HPOS="236"
                    VPOS="1026"
                    WIDTH="1034"
                    HEIGHT="53">
            <Shape><Polygon POINTS="238 1067 238 1078 1267 1079 1270 1064 1268 1036 1255 1026 1253 1026 1252 1026 1251 1026 1249 1026 1227 1032 1187 1026 1185 1026 1184 1026 1183 1026 1175 1032 1167 1026 1165 1026 1164 1026 1162 1026 1161 1026 1141 1036 1109 1026 1108 1026 1106 1026 987 1036 944 1026 943 1026 942 1026 940 1026 912 1038 831 1038 809 1026 808 1026 758 1026 757 1026 756 1026 754 1026 754 1027 741 1039 413 1039 398 1027 397 1027 396 1027 360 1027 358 1027 357 1027 315 1038 258 1032 256 1032 255 1032 236 1038 238 1067"/></Shape>
	    <String CONTENT="ou exil, examinez pour faire preuue de leur foy:"
                    HPOS="236"
                    VPOS="1026"
                    WIDTH="1034"
                    HEIGHT="53"
                    WC="0.991231786708037"></String>
          </TextLine>
          <TextLine ID="line_18"
                    TAGREFS="LT8"
                    BASELINE="239 1123 1272 1126" 
                    HPOS="238"
                    VPOS="1082"
                    WIDTH="1034"
                    HEIGHT="63">
            <Shape><Polygon POINTS="239 1123 238 1131 262 1143 263 1143 264 1143 305 1137 354 1143 355 1143 357 1143 378 1135 460 1142 461 1142 504 1134 701 1135 757 1145 758 1145 815 1137 875 1145 876 1145 975 1142 976 1142 978 1142 987 1135 1054 1135 1055 1135 1082 1145 1084 1145 1085 1145 1129 1137 1271 1137 1272 1126 1271 1094 1144 1083 1142 1083 1141 1083 1121 1094 1116 1096 1084 1096 1080 1094 1069 1084 1067 1084 1066 1084 1065 1084 1063 1084 1062 1084 1051 1092 1018 1083 1017 1083 1015 1083 1014 1083 1013 1083 1001 1094 997 1096 769 1096 748 1094 655 1082 654 1082 653 1082 651 1082 637 1094 592 1094 590 1094 574 1082 572 1082 571 1082 543 1082 542 1082 540 1082 513 1094 512 1094 497 1082 496 1082 495 1082 493 1082 448 1091 412 1082 410 1082 409 1082 408 1082 406 1082 392 1092 368 1082 366 1082 365 1082 364 1082 339 1094 337 1094 239 1094 239 1123"/></Shape>
	    <String CONTENT="que pluſtoſt eſtans faits participans des paſsions"
                    HPOS="238"
                    VPOS="1082"
                    WIDTH="1034"
                    HEIGHT="63"
                    WC="0.9966582250595093"></String>
          </TextLine>
          <TextLine ID="line_19"
                    TAGREFS="LT8"
                    BASELINE="238 1183 1271 1181" 
                    HPOS="236"
                    VPOS="1138"
                    WIDTH="1035"
                    HEIGHT="57">
            <Shape><Polygon POINTS="238 1183 238 1194 1268 1195 1271 1181 1268 1151 1208 1151 1192 1138 1191 1138 1189 1138 1188 1138 1187 1138 1168 1146 1149 1138 1148 1138 1146 1138 1145 1138 1144 1138 1129 1151 1104 1151 1074 1138 1073 1138 1071 1138 1070 1138 1069 1138 1053 1151 889 1151 880 1143 879 1143 877 1143 876 1143 800 1150 784 1139 782 1139 781 1139 780 1139 778 1139 777 1139 765 1150 737 1142 736 1142 734 1142 733 1142 732 1142 718 1151 703 1139 702 1139 701 1139 677 1139 675 1139 674 1139 642 1151 627 1139 626 1139 624 1139 583 1139 582 1139 580 1139 579 1139 562 1153 543 1153 528 1139 527 1139 525 1139 524 1139 523 1139 484 1150 459 1139 457 1139 456 1139 455 1139 453 1139 441 1150 428 1139 426 1139 425 1139 335 1139 334 1139 333 1139 297 1151 259 1139 258 1139 256 1139 255 1139 254 1139 236 1150 238 1183"/></Shape>
	    <String CONTENT="de tõ Fils Ieſus Chriſt, &amp; iniuriez pour ſon Nom"
                    HPOS="236"
                    VPOS="1138"
                    WIDTH="1035"
                    HEIGHT="57"
                    WC="0.9870816530013571"></String>
          </TextLine>
          <TextLine ID="line_20"
                    TAGREFS="LT8"
                    BASELINE="235 1240 1272 1242" 
                    HPOS="234"
                    VPOS="1202"
                    WIDTH="1038"
                    HEIGHT="58">
            <Shape><Polygon POINTS="235 1240 234 1250 246 1258 247 1258 248 1258 250 1258 295 1252 920 1260 922 1260 1271 1252 1272 1242 1272 1212 1204 1212 1203 1210 1195 1204 1193 1204 1192 1204 1191 1204 1153 1210 1145 1212 1142 1210 1132 1204 1130 1204 1129 1204 1128 1204 1126 1204 1125 1204 1117 1210 1112 1214 868 1214 861 1209 856 1204 855 1204 853 1204 852 1204 820 1209 792 1213 768 1209 742 1204 741 1204 740 1204 738 1204 733 1208 726 1212 594 1210 591 1208 584 1202 583 1202 582 1202 580 1202 540 1208 504 1212 487 1206 471 1202 469 1202 468 1202 442 1206 414 1212 235 1206 235 1240"/></Shape>
	    <String CONTENT="ils s’en reſiouiſſent, en attendant que ceux qui cer"
                    HPOS="234"
                    VPOS="1202"
                    WIDTH="1038"
                    HEIGHT="58"
                    WC="0.9933250030645957"></String>
          </TextLine>
          <TextLine ID="line_21"
                    TAGREFS="LT8"
                    BASELINE="235 1300 1275 1300" 
                    HPOS="235"
                    VPOS="1260"
                    WIDTH="1040"
                    HEIGHT="59">
            <Shape><Polygon POINTS="235 1300 235 1312 248 1319 250 1319 251 1319 252 1319 268 1312 476 1319 477 1319 479 1319 492 1312 533 1319 535 1319 536 1319 550 1312 711 1319 713 1319 1275 1311 1275 1300 1275 1270 1255 1260 1253 1260 1252 1260 1152 1270 1066 1260 1065 1260 1063 1260 1062 1260 1047 1272 809 1272 744 1260 742 1260 741 1260 740 1260 726 1272 701 1272 645 1260 643 1260 642 1260 606 1270 588 1260 587 1260 586 1260 560 1260 559 1260 558 1260 556 1260 546 1269 515 1260 513 1260 512 1260 511 1260 509 1260 495 1272 426 1272 410 1260 409 1260 408 1260 406 1260 321 1269 266 1260 264 1260 263 1260 235 1270 235 1300"/></Shape>
	    <String CONTENT="chent l’ame de l’enfant, ſoyent morts. Cependãt"
                    HPOS="235"
                    VPOS="1260"
                    WIDTH="1040"
                    HEIGHT="59"
                    WC="0.9996147739390532"></String>
          </TextLine>
          <TextLine ID="line_22"
                    TAGREFS="LT8"
                    BASELINE="235 1359 1274 1359" 
                    HPOS="235"
                    VPOS="1319"
                    WIDTH="1039"
                    HEIGHT="60">
            <Shape><Polygon POINTS="235 1359 235 1369 432 1369 448 1376 449 1376 451 1376 484 1369 516 1379 517 1379 519 1379 690 1369 724 1379 725 1379 726 1379 781 1372 927 1379 928 1379 1031 1372 1080 1379 1081 1379 1082 1379 1084 1379 1100 1369 1225 1369 1260 1377 1262 1377 1263 1377 1264 1377 1266 1377 1274 1369 1274 1359 1272 1328 1229 1319 1228 1319 1227 1319 1225 1319 1215 1328 1212 1331 1156 1331 1152 1328 1134 1319 1133 1319 1093 1319 1092 1319 1090 1319 1070 1328 1066 1331 1029 1331 1022 1328 979 1319 978 1319 976 1319 956 1328 954 1331 857 1331 853 1329 819 1319 817 1319 816 1319 815 1319 796 1329 786 1329 757 1329 753 1329 703 1319 702 1319 701 1319 699 1319 686 1329 685 1331 492 1331 461 1331 396 1319 394 1319 393 1319 392 1319 377 1331 297 1331 255 1319 254 1319 252 1319 251 1319 250 1319 235 1328 235 1359"/></Shape>
	    <String CONTENT="donne-leur iugement &amp; prudence, afin qu’ils ne ſe"
                    HPOS="235"
                    VPOS="1319"
                    WIDTH="1039"
                    HEIGHT="60"
                    WC="0.9850616199629647"></String>
          </TextLine>
          <TextLine ID="line_23"
                    TAGREFS="LT8"
                    BASELINE="235 1418 1275 1418" 
                    HPOS="235"
                    VPOS="1377"
                    WIDTH="1040"
                    HEIGHT="62">
            <Shape><Polygon POINTS="235 1418 235 1427 378 1428 404 1438 405 1438 406 1439 471 1439 471 1438 472 1438 508 1428 713 1436 714 1436 715 1436 744 1428 805 1438 806 1438 1275 1427 1275 1418 1275 1391 1232 1383 1231 1383 1229 1383 1213 1389 1193 1377 1192 1377 1191 1377 1189 1377 1188 1377 1154 1389 1153 1391 1033 1391 1030 1388 1015 1377 1014 1377 1013 1377 964 1377 963 1377 962 1377 960 1377 948 1388 944 1391 884 1391 879 1387 860 1377 859 1377 857 1377 856 1377 827 1387 816 1391 629 1391 620 1385 610 1377 608 1377 607 1377 606 1377 560 1384 528 1391 489 1391 477 1384 463 1377 461 1377 433 1377 432 1377 430 1377 429 1377 421 1384 413 1389 401 1384 388 1377 386 1377 385 1377 384 1377 382 1377 376 1383 373 1385 365 1383 345 1377 343 1377 306 1377 305 1377 303 1377 293 1383 283 1388 275 1383 268 1377 267 1377 266 1377 264 1377 235 1381 235 1418"/></Shape>
	    <String CONTENT="laiſſent plus endormir ne piper, à la voix de ce"
                    HPOS="235"
                    VPOS="1377"
                    WIDTH="1040"
                    HEIGHT="62"
                    WC="0.991628038639925"></String>
          </TextLine>
          <TextLine ID="line_24"
                    TAGREFS="LT8"
                    BASELINE="236 1476 1275 1474" 
                    HPOS="235"
                    VPOS="1434"
                    WIDTH="1040"
                    HEIGHT="53">
            <Shape><Polygon POINTS="236 1476 236 1487 1274 1484 1275 1474 1272 1447 1171 1447 1169 1446 1144 1434 1142 1434 1121 1434 1120 1434 1118 1434 1117 1434 1102 1446 1101 1447 1035 1447 1033 1444 1018 1434 1017 1434 1015 1434 1014 1434 1013 1434 983 1444 979 1447 871 1447 865 1444 849 1434 848 1434 847 1434 845 1434 844 1434 823 1443 820 1446 753 1447 713 1446 710 1443 701 1435 699 1435 698 1435 661 1435 659 1435 658 1435 657 1435 645 1442 639 1446 630 1442 611 1435 610 1435 582 1435 580 1435 579 1435 578 1435 570 1442 564 1446 552 1442 532 1435 531 1435 529 1435 528 1435 527 1435 519 1442 511 1448 397 1448 384 1440 373 1435 372 1435 370 1435 369 1435 351 1440 339 1444 327 1440 314 1435 313 1435 311 1435 235 1439 236 1476"/></Shape>
	    <String CONTENT="Pſeudo-pere de famille, aux larmes de ce Croco¬"
                    HPOS="235"
                    VPOS="1434"
                    WIDTH="1040"
                    HEIGHT="53"
                    WC="0.995350274633854"></String>
          </TextLine>
          <TextLine ID="line_25"
                    TAGREFS="LT8"
                    BASELINE="235 1535 1278 1535" 
                    HPOS="235"
                    VPOS="1494"
                    WIDTH="1043"
                    HEIGHT="60">
            <Shape><Polygon POINTS="235 1535 235 1545 325 1554 326 1554 327 1554 346 1546 355 1554 357 1554 358 1554 360 1554 424 1546 736 1554 737 1554 943 1546 1101 1546 1112 1554 1113 1554 1114 1554 1116 1554 1169 1546 1189 1554 1191 1554 1192 1554 1193 1554 1195 1554 1205 1546 1278 1546 1278 1535 1278 1507 1229 1494 1228 1494 1162 1494 1161 1494 1160 1494 1110 1507 1039 1494 1038 1494 1037 1494 1035 1494 1019 1507 833 1507 785 1494 784 1494 782 1494 781 1494 780 1494 765 1506 715 1507 669 1494 667 1494 622 1494 620 1494 619 1494 618 1494 603 1506 527 1507 437 1494 436 1494 434 1494 409 1507 330 1507 306 1494 305 1494 303 1494 254 1494 252 1494 251 1494 250 1494 235 1505 235 1535"/></Shape>
	    <String CONTENT="dile, qui ſous vne feinte pieté, ne cerche qu’à les"
                    HPOS="235"
                    VPOS="1494"
                    WIDTH="1043"
                    HEIGHT="60"
                    WC="0.9901348588601598"></String>
          </TextLine>
          <TextLine ID="line_26"
                    TAGREFS="LT8"
                    BASELINE="236 1591 1280 1591" 
                    HPOS="236"
                    VPOS="1551"
                    WIDTH="1044"
                    HEIGHT="62">
            <Shape><Polygon POINTS="236 1591 236 1603 556 1612 558 1612 631 1605 699 1612 701 1613 809 1613 809 1612 811 1612 812 1612 820 1605 856 1612 857 1612 892 1605 1112 1612 1113 1612 1181 1605 1213 1612 1215 1612 1279 1603 1280 1591 1280 1563 1251 1551 1249 1551 1248 1551 1247 1551 1212 1563 1101 1563 1065 1551 1063 1551 1062 1551 1061 1551 1059 1551 1047 1561 1035 1551 1034 1551 1033 1551 1031 1551 1030 1551 1010 1559 1001 1551 999 1551 998 1551 958 1551 956 1551 955 1551 954 1551 939 1563 861 1563 847 1551 845 1551 844 1551 843 1551 841 1551 823 1559 804 1551 802 1551 801 1551 800 1551 798 1551 781 1563 737 1563 705 1551 703 1551 702 1551 701 1551 699 1551 681 1563 633 1563 606 1551 604 1551 603 1551 602 1551 600 1551 586 1563 566 1563 529 1551 528 1551 527 1551 525 1551 524 1551 511 1562 483 1551 481 1551 480 1551 479 1551 477 1551 460 1562 430 1551 429 1551 428 1551 426 1551 425 1551 412 1562 293 1562 259 1551 258 1551 256 1551 255 1551 236 1561 236 1591"/></Shape>
	    <String CONTENT="deuorer &amp; deſtruire. Garni-les auſsi Seigntur, de"
                    HPOS="236"
                    VPOS="1551"
                    WIDTH="1044"
                    HEIGHT="62"
                    WC="0.9924116596883658"></String>
          </TextLine>
          <TextLine ID="line_27"
                    TAGREFS="LT8"
                    BASELINE="232 1650 1275 1650" 
                    HPOS="232"
                    VPOS="1612"
                    WIDTH="1043"
                    HEIGHT="60">
            <Shape><Polygon POINTS="232 1650 232 1664 432 1664 446 1672 448 1672 449 1672 451 1672 618 1664 734 1672 736 1672 823 1664 899 1672 900 1672 1275 1662 1275 1650 1275 1624 1081 1624 1075 1621 1050 1612 1049 1612 1047 1612 1009 1620 1007 1620 978 1612 976 1612 975 1612 939 1620 924 1622 919 1618 911 1612 910 1612 908 1612 907 1612 875 1618 868 1620 863 1618 843 1612 841 1612 840 1612 839 1612 837 1612 831 1618 825 1622 674 1622 666 1616 661 1612 659 1612 658 1612 630 1612 629 1612 627 1612 626 1612 620 1616 612 1622 603 1616 599 1612 598 1612 596 1612 595 1612 594 1612 582 1616 562 1621 543 1614 535 1612 533 1612 532 1612 531 1612 529 1612 527 1614 516 1624 297 1624 232 1612 232 1650"/></Shape>
	    <String CONTENT="bon courage, &amp; de force, par leſquels ſurmontans"
                    HPOS="232"
                    VPOS="1612"
                    WIDTH="1043"
                    HEIGHT="60"
                    WC="0.98549360409379"></String>
          </TextLine>
          <TextLine ID="line_28"
                    TAGREFS="LT8"
                    BASELINE="234 1709 1278 1712" 
                    HPOS="232"
                    VPOS="1668"
                    WIDTH="1046"
                    HEIGHT="63">
            <Shape><Polygon POINTS="234 1709 232 1717 250 1725 251 1725 252 1725 342 1720 354 1728 355 1728 357 1728 358 1728 417 1720 464 1728 465 1728 554 1720 706 1728 707 1728 709 1728 736 1720 765 1729 766 1729 768 1729 875 1721 903 1728 904 1728 906 1728 1185 1721 1196 1729 1197 1729 1199 1729 1200 1731 1233 1731 1233 1729 1276 1720 1278 1712 1275 1669 1199 1681 1137 1681 1122 1670 1122 1669 1121 1669 1120 1669 1118 1669 1117 1669 1112 1670 1075 1680 1059 1670 1055 1669 1054 1669 975 1669 974 1669 972 1669 971 1669 968 1672 955 1682 932 1682 911 1672 903 1669 902 1669 900 1669 899 1669 898 1669 893 1672 881 1682 757 1682 741 1674 726 1668 725 1668 724 1668 722 1668 699 1674 685 1678 678 1674 667 1668 666 1668 665 1668 663 1668 662 1668 661 1668 650 1674 639 1681 622 1681 615 1676 606 1668 604 1668 603 1668 602 1668 600 1668 580 1676 570 1680 556 1676 529 1668 528 1668 527 1668 489 1677 475 1680 471 1677 460 1668 459 1668 457 1668 456 1668 455 1668 429 1677 421 1680 234 1680 234 1709"/></Shape>
	    <String CONTENT="en vraye foy &amp; charité toutes les difficultez qui"
                    HPOS="232"
                    VPOS="1668"
                    WIDTH="1046"
                    HEIGHT="63"
                    WC="0.9966346776485443"></String>
          </TextLine>
          <TextLine ID="line_29"
                    TAGREFS="LT8"
                    BASELINE="232 1769 1275 1769" 
                    HPOS="232"
                    VPOS="1729"
                    WIDTH="1043"
                    HEIGHT="62">
            <Shape><Polygon POINTS="232 1769 232 1781 426 1781 429 1781 473 1791 475 1791 554 1783 681 1783 699 1791 701 1791 702 1791 703 1791 729 1783 815 1791 816 1791 876 1783 888 1781 906 1783 972 1788 974 1788 975 1788 976 1788 984 1783 989 1781 1061 1783 1078 1783 1093 1791 1094 1791 1096 1791 1275 1783 1275 1769 1275 1740 1245 1729 1244 1729 1243 1729 1241 1729 1207 1740 1205 1740 1168 1732 1167 1732 1165 1732 1164 1732 1154 1740 1140 1729 1138 1729 1137 1729 1136 1729 1134 1729 1104 1740 1101 1740 1098 1740 1073 1729 1071 1729 1019 1729 1018 1729 1017 1729 997 1739 993 1740 936 1740 935 1737 924 1729 923 1729 922 1729 865 1729 864 1729 863 1729 847 1737 840 1741 618 1741 587 1735 556 1729 555 1729 554 1729 552 1729 544 1735 533 1741 400 1741 360 1732 341 1729 339 1729 338 1729 329 1732 303 1740 232 1732 232 1769"/></Shape>
	    <String CONTENT="leur ſeront preſentees, eux qui ſont eſchapper du"
                    HPOS="232"
                    VPOS="1729"
                    WIDTH="1043"
                    HEIGHT="62"
                    WC="0.9946642213938187"></String>
          </TextLine>
          <TextLine ID="line_30"
                    TAGREFS="LT8"
                    BASELINE="228 1824 1274 1827" 
                    HPOS="227"
                    VPOS="1788"
                    WIDTH="1047"
                    HEIGHT="59">
            <Shape><Polygon POINTS="228 1824 227 1836 347 1838 357 1846 358 1846 360 1846 361 1846 453 1839 472 1846 473 1846 475 1846 542 1839 920 1847 922 1847 1272 1840 1274 1827 1272 1795 1165 1800 1144 1795 1124 1789 1122 1789 1121 1789 1120 1789 1118 1789 1112 1795 1106 1799 1094 1795 1077 1789 1075 1789 1074 1789 1073 1789 1057 1795 1043 1801 876 1801 864 1796 843 1789 841 1789 840 1789 839 1789 837 1789 828 1796 823 1801 753 1801 736 1797 686 1788 685 1788 683 1788 682 1788 671 1797 669 1800 564 1800 562 1799 536 1788 535 1788 493 1788 492 1788 491 1788 469 1799 469 1800 369 1800 369 1799 347 1788 346 1788 315 1788 314 1788 313 1788 311 1788 298 1797 242 1792 240 1792 239 1792 238 1792 228 1797 228 1824"/></Shape>
	    <String CONTENT="naufrage, s’efforcent de tout leur pouuoir &amp; moy"
                    HPOS="227"
                    VPOS="1788"
                    WIDTH="1047"
                    HEIGHT="59"
                    WC="0.9996415488421917"></String>
          </TextLine>
          <TextLine ID="line_31"
                    TAGREFS="LT8"
                    BASELINE="228 1884 1274 1887" 
                    HPOS="227"
                    VPOS="1846"
                    WIDTH="1047"
                    HEIGHT="56">
            <Shape><Polygon POINTS="228 1884 227 1894 244 1902 246 1902 247 1902 1272 1898 1274 1887 1271 1856 1160 1858 1146 1856 1098 1847 1097 1847 1096 1847 1080 1855 1051 1847 1050 1847 1049 1847 1047 1847 1046 1847 1035 1856 1030 1860 1001 1860 991 1856 966 1847 964 1847 963 1847 962 1847 942 1856 936 1859 932 1856 920 1847 919 1847 918 1847 888 1847 887 1847 885 1847 884 1847 873 1856 868 1860 772 1860 766 1856 745 1846 744 1846 742 1846 741 1846 699 1856 693 1858 678 1856 587 1846 586 1846 584 1846 556 1856 552 1859 389 1859 386 1856 370 1846 369 1846 368 1846 339 1846 338 1846 337 1846 335 1846 322 1856 319 1858 228 1858 228 1884"/></Shape>
	    <String CONTENT="ens d’en retirer leurs freres: d’aider &amp; ſecourir"
                    HPOS="227"
                    VPOS="1846"
                    WIDTH="1047"
                    HEIGHT="56"
                    WC="0.9902544860937157"></String>
          </TextLine>
          <TextLine ID="line_32"
                    TAGREFS="LT8"
                    BASELINE="227 1943 1270 1947" 
                    HPOS="226"
                    VPOS="1909"
                    WIDTH="1044"
                    HEIGHT="57">
            <Shape><Polygon POINTS="227 1943 226 1953 279 1954 290 1963 291 1963 293 1963 294 1963 493 1955 575 1965 576 1965 659 1957 802 1963 804 1963 873 1957 881 1963 883 1963 884 1963 962 1965 963 1965 964 1965 987 1958 1001 1965 1002 1965 1003 1965 1124 1958 1148 1966 1149 1966 1150 1966 1152 1966 1175 1958 1217 1966 1219 1966 1220 1966 1221 1966 1232 1958 1268 1958 1270 1947 1268 1917 1195 1911 1193 1911 1165 1917 1146 1919 1132 1917 1114 1911 1113 1911 1112 1911 1006 1917 930 1919 924 1917 922 1913 920 1913 919 1913 918 1913 885 1917 864 1918 859 1917 849 1911 848 1911 847 1911 772 1917 736 1918 721 1917 686 1910 685 1910 683 1910 666 1917 659 1918 619 1917 499 1909 497 1909 496 1909 469 1917 465 1917 460 1917 422 1909 421 1909 420 1909 398 1917 396 1917 227 1917 227 1943"/></Shape>
	    <String CONTENT="ceux que les dangers de mort enuironnent, que"
                    HPOS="226"
                    VPOS="1909"
                    WIDTH="1044"
                    HEIGHT="57"
                    WC="0.9987584537929959"></String>
          </TextLine>
          <TextLine ID="line_33"
                    TAGREFS="LT8"
                    BASELINE="224 2002 1264 2005" 
                    HPOS="223"
                    VPOS="1963"
                    WIDTH="1041"
                    HEIGHT="65">
            <Shape><Polygon POINTS="224 2002 223 2020 231 2026 232 2026 234 2026 235 2026 236 2026 238 2026 251 2018 393 2018 397 2018 398 2018 414 2026 416 2026 417 2026 418 2026 451 2018 461 2026 463 2026 464 2026 465 2026 467 2026 483 2018 488 2018 566 2026 567 2028 670 2028 670 2026 671 2026 697 2020 705 2018 713 2020 745 2028 746 2028 748 2028 766 2021 769 2020 776 2021 813 2028 815 2028 990 2022 1085 2020 1262 2024 1264 2005 1264 1978 1239 1965 1237 1965 1236 1965 1179 1973 1120 1965 1118 1965 1117 1965 1082 1977 1081 1977 1075 1977 983 1965 982 1965 980 1965 955 1975 950 1978 762 1978 539 1977 521 1969 509 1963 508 1963 463 1963 461 1963 460 1963 459 1963 455 1967 446 1974 424 1967 412 1963 410 1963 409 1963 408 1963 406 1963 402 1966 390 1977 282 1977 267 1965 266 1963 264 1963 263 1963 262 1963 224 1963 224 2002"/></Shape>
	    <String CONTENT="l’armee de Pharao, que ce nouueau Sennacherib,"
                    HPOS="223"
                    VPOS="1963"
                    WIDTH="1041"
                    HEIGHT="65"
                    WC="0.9943761372047922"></String>
          </TextLine>
        </TextBlock>
        <TextBlock HPOS="510.0"
                   VPOS="69.0"
                   WIDTH="555.0"
                   HEIGHT="57.0"
                   ID="block_1"
                   TAGREFS="BT18">
          <Shape><Polygon POINTS="1065 69 1065 126 510 126 510 69"/></Shape>
          <TextLine ID="line_1"
                    TAGREFS="LT8"
                    BASELINE="504 115 1062 112" 
                    HPOS="503"
                    VPOS="74"
                    WIDTH="559"
                    HEIGHT="54">
            <Shape><Polygon POINTS="1038 92 1025 92 1023 92 1021 94 1019 96 877 96 855 92 851 92 837 92 824 92 811 92 797 92 784 92 782 92 772 97 758 92 757 92 744 92 730 92 728 92 725 96 713 92 703 92 690 92 689 88 682 94 673 85 662 76 662 74 661 74 659 74 634 74 633 74 631 74 630 74 630 76 622 84 612 76 612 74 611 74 610 74 608 74 503 80 504 115 504 120 513 127 515 127 516 127 517 127 554 119 556 119 559 119 580 125 582 125 583 125 614 119 618 119 627 127 629 127 630 127 631 128 661 128 661 127 662 127 663 127 663 125 670 120 670 119 671 120 687 127 689 127 690 127 721 120 729 119 737 120 772 127 773 127 774 127 776 127 776 125 782 120 786 117 796 120 815 125 816 125 817 127 844 127 844 125 845 125 847 125 847 124 851 121 855 117 867 121 884 125 885 125 887 125 888 125 889 125 896 121 903 117 916 121 931 125 932 125 934 127 968 127 968 125 970 125 971 125 971 124 975 121 979 117 1059 121 1062 112 1061 96 1050 92 1038 92"/></Shape>
	    <String CONTENT="DIALOGVE I."
                    HPOS="503"
                    VPOS="74"
                    WIDTH="559"
                    HEIGHT="54"
                    WC="0.9992422624067827"></String>
          </TextLine>
        </TextBlock>
        <TextBlock HPOS="1079.0"
                   VPOS="2020.0"
                   WIDTH="190.0"
                   HEIGHT="69.0"
                   ID="block_5"
                   TAGREFS="BT17">
          <Shape><Polygon POINTS="1269 2020 1269 2089 1079 2089 1079 2020"/></Shape>
          <TextLine ID="line_34"
                    TAGREFS="LT8"
                    BASELINE="1075 2068 1264 2064" 
                    HPOS="1074"
                    VPOS="2017"
                    WIDTH="190"
                    HEIGHT="65">
            <Shape><Polygon POINTS="1075 2068 1075 2077 1185 2082 1187 2082 1263 2073 1264 2064 1262 2032 1245 2032 1232 2018 1232 2017 1231 2017 1229 2017 1211 2017 1209 2017 1208 2017 1207 2017 1191 2032 1148 2018 1146 2018 1145 2018 1144 2018 1142 2018 1142 2020 1130 2033 1102 2020 1101 2020 1100 2020 1098 2020 1097 2020 1074 2032 1075 2068"/></Shape>
	    <String CONTENT="&amp; Rab¬"
                    HPOS="1074"
                    VPOS="2017"
                    WIDTH="190"
                    HEIGHT="65"
                    WC="0.9986746807893118"></String>
          </TextLine>
        </TextBlock>
        <TextBlock HPOS="517.0"
                   VPOS="2288.0"
                   WIDTH="334.0"
                   HEIGHT="70.0"
                   ID="eSc_textblock_d4dd4705"
                   TAGREFS="BT9">
          <Shape><Polygon POINTS="517 2288 517 2358 851 2358 851 2288"/></Shape>
        </TextBlock>
      </PrintSpace>
    </Page>
  </Layout>
</alto>
