1417 2434
143 196 995 63 L’IMPRI MEVR AVX FRAN¬

318 274 656 47 cois e autres Nations voiſmnes.

285 436 857 60 eſsieurs ayant recouuré la copie de voſtre

286 496 857 59 Reueille matin dedié a la Royne d’Angle¬

276 582 867 35 erie pai Euſebe Ihlladeipbe. & cognoij;

136 615 1008 62 ſant le fruit que la lecture d’iceluy vous peut ap¬

136 674 1008 61 porter, ie n’ay pas voulu vous en fruſtrer plus lon¬

132 731 1012 66 guemẽt. Et m’aſſeurat que l’ayans veu, peſé & bien

131 789 1009 68 conſideré vous m'en ſcaurez auſsi bon gré que l’affe¬

132 853 1011 58 ction qui me meut à le-vous preſenter merite. Ie ne

132 910 1012 60 deſpendray pas vn mot à vous recomandor mon ze¬

105 968 1033 62 Ie, encore moins celuy de l'Autheur: ſeulemẽt ie prie¬

124 1026 1019 67 ray Dieu qu’il-vous face bien toſt iouyr du plaiſir

132 1087 1010 63 & vtilite qu'vn tel labeur peut apporter aux ſages.

133 1152 1013 55 Vous tronuerez, au commencement une petite cpi¬

131 1202 1016 65 ſtre de l’autheur, dediant ſon liure Fracois à la Roy

128 1264 1018 61 ne d’Angleterre & le double d’vne letre Latine miſe

125 1322 1019 62 en Francoix qu’il a eſcrite aux Polenois leur dediat

125 1383 1022 61 le meſme liure Latin. Vous y verrez auſsi vn dialo¬

136 1437 1010 66 giſme d’entre le Polonois, & la Paix Ualoiſe & le

128 1499 1018 62 double d’vne letra qu’vn gentilhomme partizan de

129 1559 1017 62 la maiſon de Lorraine, duquel ie n'ay peu ſcauoir le

125 1618 1024 61 nom aeſcrit ſur le meſme ſuiet au Duc de Guiſe ſon

132 1679 1014 59 maiſtre, Si it puïs recouurer quelque autre choſe de

132 1741 1012 58 nouueau que ie cogneiſſe vous pouuoir ſeruir, ie vous

124 1799 1025 61 en feruy bonne parts pourueu toutesfois que j'entende

120 1857 1024 61 que veus rapportiez ce preſent que ie vous faj a l'v¬

127 1913 1024 66 ſage qui luy eſt propre. Autrement n'en uttendez

127 1975 296 64 plus. Adieu.

156 438 118 152 M

858 2045 249 46 As tis : . 2
