1451 2451
307 113 13 51 2

326 177 976 58 L'Amiral entendant les honeſtes offres que le

268 239 1037 60 Roy luy faiſoit, l'en remercia beaucoup de fois

269 298 1040 53 treshumblement, & ſe recognoiſſant eſtre aſſez aſ

269 355 1038 61 feuré en la protection du Roy, apres Dieu, il di¬

268 415 1039 58 ſoit n’auoir beſoin d’aucune autre garde: toute¬

269 473 1038 58 fois il y eut ce iour-la enuiron cent ſoldats poſez

271 533 1038 62 en garde deuant ſon logis, par le commandemẽt

272 596 188 57 du Roy.

539 111 557 45 DIAESSVE I

333 648 976 64 Cependant on pourſuyuit le criminel, lequel

271 705 1038 64 t’enfuyant & paſſant par Ville neuue ſainct Geor

273 766 1039 57 ge (où il print vn autre cheual) alloit diſant tout

271 825 934 54 haut, Vous n’auez plus d’Amiral en Prance.

331 886 981 52 Le Roy en ces entrefaites commanda à Nan¬

276 942 1036 62 cé, l'vn des capitaines de ſes gardes, d’aller ſaiſir

277 1000 1036 58 Chailly, & le mener en priſon: mais il auoit deſia

277 1060 1036 63 gagné le haut, ou pour le moins il s’eſtoit caché

275 1122 742 59 ſi bien, qu’on ne le vouloit trouuer.

339 1176 974 56 Ce iour-là, le Roy eſcriuit des letres à tous les

276 1239 1038 60 gouuerneurs des prouinces, & des principales vil

277 1294 1036 56 les de ſon Royaume, & auſsi à ſes ambaſſadeurs

275 1354 1037 64 eſtans pres des princes eſtrangers: par leſquelles

277 1413 1035 61 il les aduertiſſoit de ce qui eſtoit auenu, & pro¬

276 1473 1037 61 mettoit de faire en ſorte, que les autheurs & coul¬

279 1529 1035 65 pables d’vn ſi meſchãt acte, ſeroyent deſcouuerts

273 1598 1043 53 & chaſtiez ſelon leurs demerites. Cependãt qu’ils

275 1650 1042 54 fiſſent entendre à tout le monde, combien ceſt ou

275 1707 1041 64 trage luy deſplaiſoit. La Royne mere ce meſme

276 1766 1040 55 iour eſcriuit des letres de meſme ſuſtãce auſdicts

277 1828 644 59 gouuerneurs & ambaſſadeurs.

335 1883 982 62 Le Roy ce iour-là apres ſon diſner (qu’il fit

276 1947 1040 57 court) enuiron deux heures apres midy, & auec

276 2000 1036 64 luy la Royne ſa mere, ſes freres, tous les Mareſ.

1162 2064 154 54 chaux
