1450 2432
281 97 56 59 72

264 163 1027 62 recerches, Eſtant preſſé par le roy Loys 1I. d’e¬

264 233 1027 52 mologuer vn Edict qui n’eſtoit point de iuſtice,

264 281 1030 54 & pour ce qu’il ne le vouloit faire eſtant menacé

267 340 1028 63 par ce Roy là de la mort, & tout le parlement auſ

266 398 1025 54 ſi, s’habilla & auec luy tous les Senateurs de Paris

267 459 1024 62 de robbes rouges, & en ceſt equippage s’en alla

266 518 1025 58 trouuer le Roy qui eſtoit courroucé outre meſu¬

267 575 1026 53 re. Le Roy eſmerueillé de les voir en vn tel habit

266 633 1025 64 hors de ſaiſon, les enquit de ce qu’ils cerchoyent:

268 694 1025 61 Surquoy la Vaquerie reſpõdant pour tous, Nous

267 753 1023 60 cerchons la mort (dit-il) Sire, de laquelle vous

268 814 1026 50 nous auez menacez ſi nous ne confirmions voſtre

266 864 1023 68 Edict. Eſtans tous appareillez de la ſouffrir plu¬

264 926 1027 63 ſtoſt que de faire choſe contre noſtre deuoir' &

264 989 264 50 conſcience.

517 77 533 77 D'IALOGVEI.

267 1040 1033 67 L’hiſt. C’eſtuy-cy n’auoit garde de faire le ſem¬

266 1101 1027 63 blable, il prend trop de plaiſir à toute ſorte d’in¬

264 1163 1034 62 iuſtice pour s’y vouloir oppoſer. Mais, pour re.

264 1221 1030 61 tourner à mon hiſtoire, Ainſi que le Roy alloit au

267 1279 1024 65 palais, vn gentil-homme fut recognu en la troup¬

282 1338 1011 63 pe pour Huguenot, & auſsi toſt tué, aſſez pres du

267 1406 1028 53 Roy (qui en ſe reuirant pour le bruit, ayant enten

268 1456 1027 62 du que c’eſtoit) Paſſõs outre, dit-il, pleuſt à Dieu

268 1514 456 62 que ce fuſt le dernier!

324 1572 970 56 Ce iour de mardi, & autres iours ſuyuans, il y

264 1632 1036 60 eut peu de Huguenots tuez dans Paris, Car auſsi

268 1695 810 56 y en auoit-il peu de demeurez de reſte.

322 1749 976 65 Quelques Catholiques, prindrent la hardieſſe

264 1811 1034 56 de ſauuer la vie à aucuns de leurs anciens amis &

267 1869 1030 59 parens. Entre autres, Feruaques la voulut ſauuer

266 1929 1034 59 au capitaine Monins, pour lequel il alla prier le

268 1986 1029 60 Roy, & pour tous ſes ſeruices paſſez, de luy don¬

1197 2056 92 47 ner
