<?xml version="1.0" encoding="UTF-8"?>
<alto xmlns:xsi="http://www.w3.org/2001/XMLSchema-instance"
      xmlns="http://www.loc.gov/standards/alto/ns-v4#"
      xsi:schemaLocation="http://www.loc.gov/standards/alto/ns-v4# http://www.loc.gov/standards/alto/v4/alto-4-2.xsd">
  <Description>
    <MeasurementUnit>pixel</MeasurementUnit>
    <sourceImageInformation>
      <fileName>page_00040.png</fileName>
      <fileIdentifier>mets//page_00002.zip/page_00040.png</fileIdentifier>
    </sourceImageInformation>
  </Description>
  <Tags>
    <OtherTag ID="BT7" LABEL="CustomZone" DESCRIPTION="block type CustomZone"/><OtherTag ID="BT8" LABEL="DamageZone" DESCRIPTION="block type DamageZone"/><OtherTag ID="BT9" LABEL="DigitizationArtefactZone" DESCRIPTION="block type DigitizationArtefactZone"/><OtherTag ID="BT10" LABEL="DropCapitalZone" DESCRIPTION="block type DropCapitalZone"/><OtherTag ID="BT11" LABEL="GraphicZone" DESCRIPTION="block type GraphicZone"/><OtherTag ID="BT12" LABEL="MainZone" DESCRIPTION="block type MainZone"/><OtherTag ID="BT13" LABEL="MarginTextZone" DESCRIPTION="block type MarginTextZone"/><OtherTag ID="BT14" LABEL="MusicZone" DESCRIPTION="block type MusicZone"/><OtherTag ID="BT15" LABEL="NumberingZone" DESCRIPTION="block type NumberingZone"/><OtherTag ID="BT17" LABEL="QuireMarksZone" DESCRIPTION="block type QuireMarksZone"/><OtherTag ID="BT18" LABEL="RunningTitleZone" DESCRIPTION="block type RunningTitleZone"/><OtherTag ID="BT19" LABEL="SealZone" DESCRIPTION="block type SealZone"/><OtherTag ID="BT20" LABEL="StampZone" DESCRIPTION="block type StampZone"/><OtherTag ID="BT21" LABEL="TableZone" DESCRIPTION="block type TableZone"/><OtherTag ID="BT22" LABEL="TitlePageZone" DESCRIPTION="block type TitlePageZone"/><OtherTag ID="BT100001" LABEL="MainZone-Head" DESCRIPTION="block type MainZone-Head"/><OtherTag ID="BT100005" LABEL="MainZone-P" DESCRIPTION="block type MainZone-P"/><OtherTag ID="BT100006" LABEL="MainZone-Continued" DESCRIPTION="block type MainZone-Continued"/><OtherTag ID="BT100008" LABEL="MainZone-Sp" DESCRIPTION="block type MainZone-Sp"/><OtherTag ID="BT100002" LABEL="MainZone-Lg" DESCRIPTION="block type MainZone-Lg"/><OtherTag ID="BT100014" LABEL="MainZone-ListItem" DESCRIPTION="block type MainZone-ListItem"/>
    <OtherTag ID="LT7" LABEL="CustomLine" DESCRIPTION="line type CustomLine"/><OtherTag ID="LT8" LABEL="DefaultLine" DESCRIPTION="line type DefaultLine"/><OtherTag ID="LT9" LABEL="DropCapitalLine" DESCRIPTION="line type DropCapitalLine"/><OtherTag ID="LT10" LABEL="HeadingLine" DESCRIPTION="line type HeadingLine"/><OtherTag ID="LT11" LABEL="InterlinearLine" DESCRIPTION="line type InterlinearLine"/><OtherTag ID="LT12" LABEL="MusicLine" DESCRIPTION="line type MusicLine"/><OtherTag ID="LT765" LABEL="default" DESCRIPTION="line type default"/>
  </Tags>
  <Layout>
    <Page WIDTH="1433"
          HEIGHT="2400"
          PHYSICAL_IMG_NR="39"
          ID="eSc_dummypage_">
      <PrintSpace HPOS="0"
                  VPOS="0"
                  WIDTH="1433"
                  HEIGHT="2400">
        <TextBlock HPOS="134"
                   VPOS="143"
                   WIDTH="1038"
                   HEIGHT="227"
                   ID="block_6"
                   TAGREFS="BT12">
          <Shape><Polygon POINTS="1171 144 1172 365 134 370 140 143"/></Shape>
          <TextLine ID="line_2"
                    TAGREFS="LT10"
                    BASELINE="474 178 816 176" 
                    HPOS="473"
                    VPOS="136"
                    WIDTH="343"
                    HEIGHT="52">
            <Shape><Polygon POINTS="474 188 815 185 816 176 813 148 663 140 661 140 660 140 644 145 633 148 627 144 611 136 609 136 608 136 575 144 572 144 563 136 561 136 560 136 559 136 557 136 533 142 529 144 524 142 504 136 503 136 501 136 473 141 474 178"/></Shape>
	    <String CONTENT="Interlocuteurs."
                    HPOS="473"
                    VPOS="136"
                    WIDTH="343"
                    HEIGHT="52"
                    WC="0.9844966411590577"></String>
          </TextLine>
          <TextLine ID="line_3"
                    TAGREFS="LT10"
                    BASELINE="141 238 1168 234" 
                    HPOS="140"
                    VPOS="188"
                    WIDTH="1028"
                    HEIGHT="68">
            <Shape><Polygon POINTS="141 246 438 253 440 253 628 246 647 256 648 256 649 256 651 256 652 256 668 246 707 246 725 256 727 256 728 256 781 249 823 256 824 256 879 246 900 252 901 252 903 252 984 245 988 245 990 245 1014 253 1015 253 1016 253 1054 246 1064 254 1066 254 1067 254 1068 256 1103 256 1103 254 1168 244 1168 234 1166 202 1100 202 1078 188 1076 188 1075 188 1074 188 1072 188 1071 188 1058 198 1028 188 1027 188 1026 188 1024 188 1023 188 1003 201 971 188 970 188 968 188 967 188 935 198 912 188 911 188 909 188 908 188 873 201 847 188 845 188 844 188 843 188 841 188 816 204 691 204 659 189 657 189 656 189 655 189 653 189 639 201 623 189 621 189 620 189 572 189 571 189 569 189 568 189 551 204 519 204 496 189 495 189 493 189 492 189 491 189 489 189 489 190 479 200 466 192 465 192 464 192 462 192 461 192 432 202 417 190 416 190 414 190 413 190 412 190 385 197 365 190 364 190 362 190 361 190 318 204 285 190 284 190 249 190 248 190 246 190 245 190 237 197 228 190 226 190 225 190 189 190 188 190 186 190 185 190 168 205 140 205 141 238"/></Shape>
	    <String CONTENT="Alithie. Philalithie. L’hiſtoriographe. Le Politique,"
                    HPOS="140"
                    VPOS="188"
                    WIDTH="1028"
                    HEIGHT="68"
                    WC="0.9898949636603301"></String>
          </TextLine>
          <TextLine ID="line_4"
                    TAGREFS="LT10"
                    BASELINE="468 297 835 294" 
                    HPOS="466"
                    VPOS="249"
                    WIDTH="369"
                    HEIGHT="65">
            <Shape><Polygon POINTS="468 304 616 314 617 314 619 314 657 304 815 312 816 312 817 312 835 301 835 294 833 264 803 250 801 250 800 250 799 250 797 250 797 252 785 264 719 264 679 249 677 249 676 249 675 249 673 249 673 250 661 262 639 250 637 250 636 250 635 250 612 262 601 252 601 250 600 250 599 250 597 250 596 250 567 260 557 252 557 250 556 250 555 250 532 250 531 250 529 250 528 250 528 252 519 260 487 252 485 252 484 252 483 252 481 252 466 262 468 297"/></Shape>
	    <String CONTENT="L&#x27;Egliſe. Daniel."
                    HPOS="466"
                    VPOS="249"
                    WIDTH="369"
                    HEIGHT="65"
                    WC="0.9918288869016311"></String>
          </TextLine>
        </TextBlock>
        <TextBlock HPOS="125"
                   VPOS="364"
                   WIDTH="1057"
                   HEIGHT="490"
                   ID="eSc_textblock_57f3a3f1"
                   TAGREFS="BT100008">
          <Shape><Polygon POINTS="125 377 134 839 1182 854 1181 364"/></Shape>
          <TextLine ID="line_5"
                    TAGREFS="LT10"
                    BASELINE="555 354 747 352" 
                    HPOS="553"
                    VPOS="309"
                    WIDTH="194"
                    HEIGHT="53">
            <Shape><Polygon POINTS="555 362 747 360 747 352 744 329 663 309 661 309 660 309 659 309 648 317 639 310 637 310 636 310 635 310 597 312 596 312 595 312 595 313 576 330 553 330 555 354"/></Shape>
	    <String CONTENT="Alithie,"
                    HPOS="553"
                    VPOS="309"
                    WIDTH="194"
                    HEIGHT="53"
                    WC="0.9416484907269478"></String>
          </TextLine>
          <TextLine ID="line_6"
                    TAGREFS="LT8"
                    BASELINE="296 414 1168 412" 
                    HPOS="292"
                    VPOS="374"
                    WIDTH="874"
                    HEIGHT="52">
            <Shape><Polygon POINTS="294 414 294 424 1162 426 1166 412 1162 374 292 374 294 414"/></Shape>
	    <String CONTENT="Oicy venir à moy le petit pas, tout las &amp;"
                    HPOS="292"
                    VPOS="374"
                    WIDTH="874"
                    HEIGHT="52"
                    WC="0.9973478175344921"></String>
          </TextLine>
          <TextLine ID="line_7"
                    TAGREFS="LT8"
                    BASELINE="297 474 462 469 1170 470" 
                    HPOS="294"
                    VPOS="420"
                    WIDTH="874"
                    HEIGHT="68">
            <Shape><Polygon POINTS="296 474 294 488 1166 488 1168 470 1166 434 1016 434 1002 420 918 432 904 420 898 420 842 434 802 434 790 420 740 420 728 434 638 434 626 420 576 420 566 432 538 420 458 434 410 434 398 420 388 420 372 434 336 434 324 420 316 420 296 426 296 474"/></Shape>
	    <String CONTENT="fort haraſsé, ſelon qu’il me ſemble, mon"
                    HPOS="294"
                    VPOS="420"
                    WIDTH="874"
                    HEIGHT="68"
                    WC="0.9960504464986848"></String>
          </TextLine>
          <TextLine ID="line_8"
                    TAGREFS="LT8"
                    BASELINE="296 525 1160 526" 
                    HPOS="292"
                    VPOS="480"
                    WIDTH="866"
                    HEIGHT="62">
            <Shape><Polygon POINTS="294 524 292 542 1156 538 1158 526 1156 494 1088 480 1086 480 1084 480 1048 492 1048 494 1010 494 1010 492 998 482 998 480 996 480 994 480 992 480 990 480 958 490 948 482 948 480 946 480 944 480 942 480 776 492 768 492 748 480 746 480 744 480 662 480 660 480 658 480 656 480 644 490 634 482 634 480 632 480 630 480 574 480 572 480 500 492 492 492 478 492 370 482 368 482 294 490 294 524"/></Shape>
	    <String CONTENT="ancien amy Philalithie. C’eſt-il voiré¬"
                    HPOS="292"
                    VPOS="480"
                    WIDTH="866"
                    HEIGHT="62"
                    WC="0.9968872889876366"></String>
          </TextLine>
          <TextLine ID="line_9"
                    TAGREFS="LT8"
                    BASELINE="137 590 1166 584" 
                    HPOS="136"
                    VPOS="541"
                    WIDTH="1030"
                    HEIGHT="65">
            <Shape><Polygon POINTS="137 590 137 600 457 598 461 598 547 606 548 606 549 606 565 597 567 597 584 597 752 605 753 605 803 597 835 604 836 604 1012 597 1143 602 1144 602 1146 602 1166 593 1166 584 1162 553 1119 553 1118 553 1096 541 1095 541 1094 541 1092 541 1066 553 1064 553 1032 541 1031 541 1030 541 1028 541 1027 541 1008 553 992 542 991 542 990 542 988 542 987 542 986 542 979 548 959 541 958 541 956 541 955 541 953 541 944 548 928 542 927 542 925 542 924 542 923 542 908 554 883 542 881 542 880 542 879 542 877 542 863 554 861 556 685 556 684 556 669 544 668 544 667 544 643 544 641 544 640 544 620 554 608 544 607 544 605 544 576 544 575 544 573 544 539 556 535 557 519 556 374 545 373 545 372 545 370 545 358 554 297 546 296 546 294 546 272 558 270 558 256 558 148 550 146 550 145 550 144 550 136 554 137 590"/></Shape>
	    <String CONTENT="ment: He Dieu, qu il eſt maigre, deſchiré, des¬"
                    HPOS="136"
                    VPOS="541"
                    WIDTH="1030"
                    HEIGHT="65"
                    WC="0.9724087454378605"></String>
          </TextLine>
          <TextLine ID="line_10"
                    TAGREFS="LT8"
                    BASELINE="136 646 1170 644" 
                    HPOS="134"
                    VPOS="601"
                    WIDTH="1036"
                    HEIGHT="64">
            <Shape><Polygon POINTS="136 646 136 657 217 657 240 665 241 665 242 665 300 657 621 665 623 665 677 656 680 656 781 656 783 656 821 664 823 664 897 656 899 656 917 662 919 662 920 662 953 656 956 656 1138 662 1139 662 1140 662 1170 654 1170 644 1168 608 1158 601 1156 601 1155 601 1154 601 1152 601 1130 609 1118 614 1088 614 1082 609 1072 601 1071 601 1070 601 1068 601 1067 601 1047 609 1036 614 1008 614 1002 609 991 601 990 601 988 601 987 601 986 601 964 609 952 614 831 614 824 609 815 601 813 601 812 601 811 601 809 601 788 609 775 614 735 614 727 608 716 601 715 601 713 601 712 601 711 601 683 608 653 601 652 601 651 601 649 601 636 608 623 616 607 616 597 608 591 602 589 602 588 602 587 602 585 602 571 608 553 614 406 614 398 608 392 602 390 602 389 602 388 602 386 602 374 608 357 616 300 616 286 608 278 602 277 602 276 602 274 602 273 602 262 608 260 609 257 608 252 602 250 602 249 602 248 602 134 606 136 646"/></Shape>
	    <String CONTENT="biffé, &amp; mal en poinct! Si faut-il que ie l’embraſ¬"
                    HPOS="134"
                    VPOS="601"
                    WIDTH="1036"
                    HEIGHT="64"
                    WC="0.9941401779651642"></String>
          </TextLine>
          <TextLine ID="line_11"
                    TAGREFS="LT8"
                    BASELINE="134 706 1166 702" 
                    HPOS="133"
                    VPOS="660"
                    WIDTH="1033"
                    HEIGHT="68">
            <Shape><Polygon POINTS="134 706 136 728 162 717 196 726 197 726 198 726 200 726 216 717 226 726 228 726 229 726 230 726 233 726 274 717 336 725 350 726 352 726 353 726 360 725 390 714 500 714 509 721 511 721 512 721 513 721 515 721 516 721 525 714 613 714 623 721 628 725 629 725 631 725 632 726 660 726 660 725 661 725 672 720 684 714 785 718 824 720 825 720 844 717 880 713 888 717 900 724 901 724 903 724 1019 720 1020 720 1022 720 1027 714 1030 714 1031 714 1036 720 1038 720 1039 720 1040 721 1106 721 1106 720 1107 720 1108 720 1116 713 1120 713 1150 721 1151 721 1152 721 1154 721 1155 721 1166 714 1166 702 1164 672 1138 660 1136 660 1135 660 1134 660 1100 672 1099 672 1098 672 1043 660 1042 660 1040 660 1039 660 1024 672 1022 674 939 674 936 673 920 660 919 660 917 660 888 660 887 660 885 660 884 660 867 673 864 676 808 676 777 676 775 673 760 661 759 661 757 661 679 661 677 661 676 661 675 661 661 673 644 674 612 676 608 674 583 661 581 661 553 661 552 661 551 661 527 673 483 661 481 661 480 661 479 661 477 661 457 674 454 676 349 676 338 676 312 662 310 662 309 662 308 662 277 676 264 676 205 677 202 676 177 662 176 662 150 662 149 662 148 662 146 662 133 672 134 706"/></Shape>
	    <String CONTENT="ſe, quelque mal veſtu qu’il ſoit. Que tu ſois le"
                    HPOS="133"
                    VPOS="660"
                    WIDTH="1033"
                    HEIGHT="68"
                    WC="0.9929728296895822"></String>
          </TextLine>
          <TextLine ID="line_12"
                    TAGREFS="LT8"
                    BASELINE="134 765 1156 762" 
                    HPOS="133"
                    VPOS="722"
                    WIDTH="1023"
                    HEIGHT="62">
            <Shape><Polygon POINTS="134 765 134 773 468 773 473 773 553 784 555 784 556 784 557 784 569 773 593 773 605 773 607 773 641 784 643 784 644 784 741 773 743 773 781 778 783 778 784 778 785 778 793 773 795 772 795 773 807 778 808 778 809 778 863 773 872 780 873 780 875 780 980 782 982 782 1080 780 1082 780 1083 780 1092 772 1094 772 1095 772 1139 780 1140 780 1142 780 1156 772 1156 762 1155 733 1134 722 1132 722 1131 722 1130 722 1094 733 919 733 883 722 881 722 880 722 879 722 877 722 865 733 788 733 701 722 700 722 659 732 611 724 609 724 608 724 607 724 595 734 493 734 477 724 476 724 474 724 442 724 441 724 440 724 422 733 320 733 222 724 221 724 220 724 218 724 206 734 133 734 134 765"/></Shape>
	    <String CONTENT="tresbien venu l’amy: Qui ſont ces deux gens de"
                    HPOS="133"
                    VPOS="722"
                    WIDTH="1023"
                    HEIGHT="62"
                    WC="0.9837021775867628"></String>
          </TextLine>
          <TextLine ID="line_13"
                    TAGREFS="LT8"
                    BASELINE="136 825 777 820" 
                    HPOS="134"
                    VPOS="781"
                    WIDTH="643"
                    HEIGHT="64">
            <Shape><Polygon POINTS="136 825 136 833 240 833 250 842 250 844 252 844 253 844 254 845 280 845 280 844 281 844 316 832 332 838 333 838 334 838 336 838 337 838 345 830 483 830 493 840 493 841 495 841 496 841 497 842 527 842 527 841 616 836 617 836 619 836 625 829 636 837 637 837 639 837 640 837 679 829 687 836 687 837 688 837 689 837 745 840 747 840 748 840 777 826 777 820 776 789 769 782 769 781 768 781 767 781 765 781 764 781 731 790 725 792 672 792 669 789 652 781 651 781 649 781 603 782 601 782 600 782 600 784 593 789 591 793 481 793 473 789 466 785 465 785 464 785 441 789 410 793 338 788 328 788 326 788 317 788 236 794 134 788 136 825"/></Shape>
	    <String CONTENT="bien qui vienent quand &amp; toy?"
                    HPOS="134"
                    VPOS="781"
                    WIDTH="643"
                    HEIGHT="64"
                    WC="0.9976508267994585"></String>
          </TextLine>
        </TextBlock>
        <TextBlock HPOS="125.0"
                   VPOS="384.0"
                   WIDTH="162.0"
                   HEIGHT="171.0"
                   ID="eSc_textblock_7d0e432d"
                   TAGREFS="BT10">
          <Shape><Polygon POINTS="125 384 125 555 287 555 287 384"/></Shape>
          <TextLine ID="eSc_line_36a3b4d1"
                    TAGREFS="LT9"
                    BASELINE="142 524 275 525" 
                    HPOS="140"
                    VPOS="482"
                    WIDTH="134"
                    HEIGHT="56">
            <Shape><Polygon POINTS="140 524 140 538 274 538 274 524 268 482 252 492 140 490 140 524"/></Shape>
	    <String CONTENT="L"
                    HPOS="140"
                    VPOS="482"
                    WIDTH="134"
                    HEIGHT="56"
                    WC="0.9999498128890991"></String>
          </TextLine>
        </TextBlock>
        <TextBlock HPOS="408.0"
                   VPOS="60.0"
                   WIDTH="484.0"
                   HEIGHT="59.0"
                   ID="block_2"
                   TAGREFS="BT100001">
          <Shape><Polygon POINTS="892 60 892 119 408 119 408 60"/></Shape>
          <TextLine ID="line_0"
                    TAGREFS="LT10"
                    BASELINE="405 109 896 106" 
                    HPOS="404"
                    VPOS="69"
                    WIDTH="492"
                    HEIGHT="53">
            <Shape><Polygon POINTS="733 80 731 81 705 89 689 80 684 80 671 80 665 80 652 92 553 92 527 86 515 73 511 70 511 69 509 69 508 69 507 69 404 69 405 109 405 116 412 122 413 122 414 122 416 122 453 114 481 122 483 122 484 122 485 122 507 114 560 122 561 122 563 122 564 122 573 114 668 121 669 121 671 121 687 113 723 121 724 121 725 121 757 113 788 121 789 121 791 121 792 121 813 113 885 121 887 121 888 121 889 121 889 120 896 113 896 106 892 86 780 90 751 81 745 80 737 80"/></Shape>
	    <String CONTENT="DIALOGVE."
                    HPOS="404"
                    VPOS="69"
                    WIDTH="492"
                    HEIGHT="53"
                    WC="0.9999167256885104"></String>
          </TextLine>
        </TextBlock>
        <TextBlock HPOS="136.0"
                   VPOS="848.0"
                   WIDTH="1050.0"
                   HEIGHT="229.0"
                   ID="eSc_textblock_eea8cbe8"
                   TAGREFS="BT100008">
          <Shape><Polygon POINTS="136 848 136 1077 1186 1077 1186 848"/></Shape>
          <TextLine ID="line_14"
                    TAGREFS="LT8"
                    BASELINE="138 885 364 880 1164 884" 
                    HPOS="137"
                    VPOS="837"
                    WIDTH="1027"
                    HEIGHT="61">
            <Shape><Polygon POINTS="138 885 137 890 144 896 145 896 146 896 148 896 149 896 176 889 344 897 345 897 346 897 348 897 358 890 374 897 376 897 377 897 480 890 861 890 879 898 880 898 881 898 1163 892 1164 884 1163 852 1016 850 1003 840 1002 840 1000 840 970 840 968 840 967 840 941 850 828 850 704 850 700 850 657 838 656 838 655 838 520 849 487 838 485 838 484 838 483 838 481 838 469 849 424 849 416 849 402 838 401 838 400 838 372 838 370 838 369 838 368 838 354 849 354 850 293 850 292 849 278 838 277 838 276 838 274 838 273 838 261 844 244 837 242 837 241 837 240 837 238 837 232 844 224 837 222 837 221 837 220 837 158 838 157 838 138 846 138 885"/></Shape>
	    <String CONTENT="Phi. Vous ſoyez la tresbien trouuee, madame ma"
                    HPOS="137"
                    VPOS="837"
                    WIDTH="1027"
                    HEIGHT="61"
                    WC="0.9938429762487826"></String>
          </TextLine>
          <TextLine ID="line_15"
                    TAGREFS="LT8"
                    BASELINE="136 940 1160 937" 
                    HPOS="134"
                    VPOS="898"
                    WIDTH="1026"
                    HEIGHT="63">
            <Shape><Polygon POINTS="136 940 136 961 241 949 441 949 460 957 466 960 468 960 469 961 523 961 523 960 600 954 712 948 727 953 740 958 741 958 743 960 768 960 768 958 769 958 771 958 779 952 784 948 805 952 820 954 821 954 823 954 829 952 835 949 840 952 855 958 856 958 857 958 941 950 967 948 976 949 1004 956 1006 957 1067 957 1067 956 1068 956 1070 956 1079 948 1080 948 1083 948 1131 956 1132 956 1134 956 1160 946 1160 937 1159 910 1116 898 1115 898 1114 898 1112 898 1083 910 967 910 932 898 931 898 929 898 928 898 905 909 875 898 873 898 793 898 792 898 732 910 636 912 616 912 603 900 601 900 600 900 599 900 528 910 442 900 441 900 440 900 438 900 425 912 297 912 246 900 245 900 244 900 242 900 233 908 134 912 136 940"/></Shape>
	    <String CONTENT="grande amie. Quant à ceux-cy deſquels vous de¬"
                    HPOS="134"
                    VPOS="898"
                    WIDTH="1026"
                    HEIGHT="63"
                    WC="0.997445745671049"></String>
          </TextLine>
          <TextLine ID="line_16"
                    TAGREFS="LT8"
                    BASELINE="134 1002 1164 998" 
                    HPOS="133"
                    VPOS="954"
                    WIDTH="1031"
                    HEIGHT="64">
            <Shape><Polygon POINTS="134 1002 134 1010 284 1010 325 1018 326 1018 328 1018 329 1018 340 1010 635 1010 688 1017 689 1017 744 1010 796 1017 797 1017 860 1008 864 1008 867 1008 933 1016 935 1016 984 1008 998 1016 999 1016 1000 1016 1002 1017 1052 1017 1052 1016 1054 1016 1055 1016 1066 1008 1078 1016 1079 1016 1080 1016 1082 1016 1083 1016 1107 1008 1134 1016 1135 1016 1136 1016 1138 1016 1164 1006 1164 998 1162 968 1086 957 1084 957 1083 957 1054 966 1038 954 1036 954 1035 954 1034 954 1032 954 1031 954 1012 968 919 968 884 954 883 954 881 954 880 954 879 954 863 965 795 956 793 956 792 956 768 969 692 969 672 956 671 956 669 956 668 956 667 956 633 968 609 956 608 956 477 956 476 956 474 956 426 969 393 969 370 957 369 957 368 957 312 969 248 957 246 957 245 957 210 970 133 970 134 1002"/></Shape>
	    <String CONTENT="mandez, l’vn eſt l’Hiſtoriopraphe: l’autre, le Po¬"
                    HPOS="133"
                    VPOS="954"
                    WIDTH="1031"
                    HEIGHT="64"
                    WC="0.9893889784812927"></String>
          </TextLine>
          <TextLine ID="line_17"
                    TAGREFS="LT8"
                    BASELINE="134 1060 495 1054" 
                    HPOS="133"
                    VPOS="1014"
                    WIDTH="362"
                    HEIGHT="66">
            <Shape><Polygon POINTS="134 1060 134 1068 202 1072 209 1078 209 1080 210 1080 212 1080 213 1080 214 1080 252 1069 260 1066 337 1066 353 1070 381 1077 382 1077 384 1077 417 1070 440 1066 493 1070 495 1054 491 1028 341 1028 340 1028 326 1016 326 1014 325 1014 324 1014 322 1014 285 1016 284 1016 260 1028 258 1029 193 1029 190 1028 176 1017 174 1017 173 1017 140 1017 138 1017 137 1017 136 1017 136 1018 134 1018 133 1018 134 1060"/></Shape>
	    <String CONTENT="litique François."
                    HPOS="133"
                    VPOS="1014"
                    WIDTH="362"
                    HEIGHT="66"
                    WC="0.9902911914719476"></String>
          </TextLine>
        </TextBlock>
        <TextBlock HPOS="134.0"
                   VPOS="1077.0"
                   WIDTH="1041.0"
                   HEIGHT="644.0"
                   ID="block_0"
                   TAGREFS="BT100008">
          <Shape><Polygon POINTS="1175 1077 1171 1721 134 1719 134 1077"/></Shape>
          <TextLine ID="line_18"
                    TAGREFS="LT8"
                    BASELINE="132 1120 1162 1113" 
                    HPOS="130"
                    VPOS="1069"
                    WIDTH="1032"
                    HEIGHT="67">
            <Shape><Polygon POINTS="132 1120 132 1134 185 1126 290 1132 292 1132 370 1125 398 1133 410 1136 412 1136 413 1136 446 1132 508 1125 583 1130 584 1130 585 1130 587 1130 613 1124 645 1130 655 1132 656 1132 672 1130 719 1124 727 1129 729 1132 731 1132 732 1132 733 1132 735 1132 736 1132 739 1129 745 1124 756 1129 757 1129 759 1129 761 1129 815 1122 884 1128 944 1133 945 1133 1160 1125 1162 1113 1160 1082 1135 1069 1134 1069 1132 1069 1131 1069 1103 1080 1075 1069 1074 1069 1072 1069 1071 1069 1070 1069 1054 1082 962 1084 915 1085 813 1085 813 1084 777 1070 776 1070 775 1070 773 1070 719 1085 716 1085 715 1085 676 1076 675 1076 673 1076 672 1076 661 1084 647 1072 645 1072 644 1072 643 1072 641 1072 607 1081 596 1072 595 1072 593 1072 541 1072 540 1072 539 1072 537 1072 517 1086 515 1086 446 1073 445 1073 444 1073 408 1086 333 1073 332 1073 330 1073 329 1073 329 1074 317 1084 281 1074 280 1074 278 1074 277 1074 276 1074 260 1088 258 1089 240 1089 238 1088 222 1074 221 1074 220 1074 180 1074 178 1074 177 1074 176 1074 158 1088 158 1089 130 1089 132 1120"/></Shape>
	    <String CONTENT="Ali. Ie ſuis plus aiſe de te voir accompagné de"
                    HPOS="130"
                    VPOS="1069"
                    WIDTH="1032"
                    HEIGHT="67"
                    WC="0.981197901070118"></String>
          </TextLine>
          <TextLine ID="line_19"
                    TAGREFS="LT8"
                    BASELINE="134 1176 1160 1170" 
                    HPOS="133"
                    VPOS="1129"
                    WIDTH="1027"
                    HEIGHT="64">
            <Shape><Polygon POINTS="134 1176 134 1185 270 1193 272 1193 273 1193 274 1193 284 1185 285 1185 286 1185 336 1190 337 1190 474 1184 487 1184 493 1184 591 1192 592 1192 689 1190 691 1190 705 1182 716 1189 717 1189 719 1189 720 1189 828 1184 867 1190 868 1190 869 1190 901 1181 904 1181 905 1181 936 1189 937 1189 939 1189 996 1181 999 1181 1000 1181 1064 1189 1066 1189 1067 1189 1083 1181 1139 1189 1140 1189 1142 1189 1160 1180 1160 1170 1158 1142 1080 1142 1080 1141 1066 1129 1064 1129 1063 1129 1062 1129 970 1141 967 1141 966 1141 920 1129 919 1129 917 1129 916 1129 915 1129 901 1141 899 1142 867 1141 859 1141 847 1130 845 1130 844 1130 801 1130 800 1130 799 1130 765 1141 759 1144 701 1144 696 1141 677 1130 676 1130 675 1130 673 1130 647 1141 639 1144 635 1141 623 1132 621 1132 620 1132 619 1132 617 1132 588 1140 584 1141 580 1140 549 1132 548 1132 547 1132 545 1132 544 1132 533 1140 528 1144 424 1144 418 1140 408 1132 406 1132 405 1132 404 1132 402 1132 372 1140 365 1141 358 1140 332 1133 330 1133 329 1133 328 1133 326 1133 318 1140 310 1145 197 1144 190 1140 181 1133 180 1133 178 1133 177 1133 133 1138 134 1176"/></Shape>
	    <String CONTENT="I&#x27;vn que de l’autre, ſachant combien l’vn eſt ne¬"
                    HPOS="133"
                    VPOS="1129"
                    WIDTH="1027"
                    HEIGHT="64"
                    WC="0.9852346340004279"></String>
          </TextLine>
          <TextLine ID="line_20"
                    TAGREFS="LT8"
                    BASELINE="133 1232 1163 1234" 
                    HPOS="132"
                    VPOS="1189"
                    WIDTH="1031"
                    HEIGHT="61">
            <Shape><Polygon POINTS="133 1232 132 1241 144 1249 145 1249 146 1249 148 1249 531 1242 661 1250 663 1250 664 1250 691 1244 1068 1244 1103 1250 1104 1250 1162 1242 1163 1234 1163 1201 1144 1190 1143 1190 1142 1190 1096 1201 1090 1202 1082 1201 1036 1190 1035 1190 1034 1190 1012 1201 1008 1204 880 1204 876 1201 860 1190 859 1190 857 1190 809 1190 808 1190 807 1190 779 1201 764 1190 763 1190 761 1190 716 1190 715 1190 713 1190 712 1190 697 1201 693 1202 569 1202 567 1201 545 1189 544 1189 499 1189 497 1189 496 1189 495 1189 480 1201 465 1189 464 1189 462 1189 438 1189 437 1189 436 1189 410 1201 409 1202 346 1202 345 1201 322 1189 321 1189 320 1189 318 1189 317 1189 302 1201 301 1202 248 1202 246 1201 232 1189 230 1189 229 1189 201 1189 200 1189 198 1189 197 1189 182 1201 181 1201 133 1201 133 1232"/></Shape>
	    <String CONTENT="ceſſaire &amp; profitable pour aider à la memoire, &amp;"
                    HPOS="132"
                    VPOS="1189"
                    WIDTH="1031"
                    HEIGHT="61"
                    WC="0.9909990235250823"></String>
          </TextLine>
          <TextLine ID="line_21"
                    TAGREFS="LT8"
                    BASELINE="133 1294 1162 1289" 
                    HPOS="132"
                    VPOS="1246"
                    WIDTH="1030"
                    HEIGHT="66">
            <Shape><Polygon POINTS="133 1294 133 1304 316 1304 317 1304 369 1312 370 1312 372 1312 400 1302 402 1302 592 1302 657 1302 687 1309 688 1309 689 1309 691 1309 720 1301 721 1301 743 1309 744 1309 745 1309 747 1309 767 1302 837 1309 839 1309 901 1300 905 1300 908 1300 939 1308 940 1308 941 1308 943 1308 955 1301 963 1308 964 1308 966 1308 967 1309 1143 1309 1143 1308 1144 1308 1162 1298 1162 1289 1159 1258 955 1258 941 1246 940 1246 939 1246 916 1246 915 1246 913 1246 912 1246 897 1260 871 1260 857 1248 856 1248 855 1248 853 1248 852 1248 813 1258 780 1248 779 1248 777 1248 776 1248 751 1260 651 1260 616 1249 615 1249 613 1249 612 1249 611 1249 597 1260 577 1249 576 1249 575 1249 573 1249 555 1257 523 1249 521 1249 520 1249 519 1249 517 1249 507 1258 489 1249 488 1249 487 1249 485 1249 457 1260 410 1249 409 1249 408 1249 381 1262 336 1262 318 1250 317 1250 316 1250 262 1250 261 1250 260 1250 225 1261 146 1250 145 1250 144 1250 142 1250 142 1252 132 1260 133 1294"/></Shape>
	    <String CONTENT="ſeruir à la poſterité: &amp; l’autre, le plus ſouuent per"
                    HPOS="132"
                    VPOS="1246"
                    WIDTH="1030"
                    HEIGHT="66"
                    WC="0.9849145932631059"></String>
          </TextLine>
          <TextLine ID="line_22"
                    TAGREFS="LT8"
                    BASELINE="132 1350 1168 1350" 
                    HPOS="132"
                    VPOS="1310"
                    WIDTH="1036"
                    HEIGHT="58">
            <Shape><Polygon POINTS="132 1350 132 1361 296 1361 305 1368 306 1368 308 1368 309 1368 341 1361 390 1368 392 1368 1168 1360 1168 1350 1168 1314 1126 1310 1124 1310 1123 1310 1114 1314 1102 1320 1095 1314 1091 1310 1090 1310 1088 1310 1047 1310 1046 1310 1044 1310 1043 1310 1038 1314 1030 1320 998 1314 983 1313 982 1313 970 1314 945 1320 908 1316 865 1310 864 1310 863 1310 861 1310 853 1316 847 1320 801 1316 760 1313 759 1313 757 1313 756 1313 752 1317 747 1321 655 1321 648 1317 633 1310 632 1310 581 1310 580 1310 579 1310 577 1310 569 1317 565 1321 397 1321 392 1318 362 1310 361 1310 360 1310 358 1310 341 1318 340 1320 337 1320 310 1310 309 1310 308 1310 306 1310 305 1310 294 1320 293 1321 132 1321 132 1350"/></Shape>
	    <String CONTENT="nicieux &amp; dommage ble, principalement s’il eſt"
                    HPOS="132"
                    VPOS="1310"
                    WIDTH="1036"
                    HEIGHT="58"
                    WC="0.9900727077670719"></String>
          </TextLine>
          <TextLine ID="line_23"
                    TAGREFS="LT8"
                    BASELINE="132 1410 1163 1408" 
                    HPOS="130"
                    VPOS="1368"
                    WIDTH="1033"
                    HEIGHT="58">
            <Shape><Polygon POINTS="132 1410 132 1420 277 1426 278 1426 280 1426 281 1426 289 1420 290 1420 1162 1420 1163 1408 1160 1378 941 1378 916 1368 915 1368 853 1368 852 1368 851 1368 833 1377 796 1368 795 1368 793 1368 792 1368 791 1368 776 1377 760 1368 759 1368 757 1368 717 1376 708 1368 707 1368 705 1368 664 1368 663 1368 661 1368 660 1368 643 1380 524 1380 512 1369 511 1369 509 1369 477 1369 476 1369 474 1369 448 1380 361 1380 342 1369 341 1369 288 1369 286 1369 238 1380 130 1380 132 1410"/></Shape>
	    <String CONTENT="nourry à la cour d&#x27;aucuns Rois &amp; Princes que tu"
                    HPOS="130"
                    VPOS="1368"
                    WIDTH="1033"
                    HEIGHT="58"
                    WC="0.992547714461883"></String>
          </TextLine>
          <TextLine ID="line_24"
                    TAGREFS="LT8"
                    BASELINE="133 1468 1167 1465" 
                    HPOS="132"
                    VPOS="1433"
                    WIDTH="1035"
                    HEIGHT="52">
            <Shape><Polygon POINTS="959 1436 945 1436 932 1436 919 1436 905 1436 892 1436 879 1436 865 1436 852 1436 839 1436 825 1436 812 1436 799 1436 785 1436 772 1436 759 1436 745 1436 732 1436 719 1436 705 1436 692 1436 679 1436 665 1436 652 1436 649 1436 645 1438 398 1436 385 1436 372 1436 358 1436 345 1436 332 1436 318 1436 305 1436 292 1436 278 1436 265 1436 252 1436 238 1436 225 1436 212 1436 198 1436 185 1436 184 1433 152 1433 150 1433 149 1433 132 1438 133 1468 133 1477 162 1477 165 1477 176 1485 177 1485 178 1485 180 1485 262 1477 272 1477 301 1477 641 1485 643 1485 644 1485 645 1485 645 1484 653 1477 680 1482 681 1482 683 1482 684 1482 692 1476 700 1482 701 1482 703 1482 704 1482 859 1476 860 1476 863 1476 1020 1484 1022 1484 1023 1484 1048 1477 1151 1484 1152 1484 1154 1484 1155 1484 1167 1474 1167 1465 1164 1438 962 1436 959 1436"/></Shape>
	    <String CONTENT="cognois bien:toutefois, ſi tu as touſiours bonne"
                    HPOS="132"
                    VPOS="1433"
                    WIDTH="1035"
                    HEIGHT="52"
                    WC="0.9986374825239182"></String>
          </TextLine>
          <TextLine ID="line_25"
                    TAGREFS="LT8"
                    BASELINE="133 1528 1166 1524" 
                    HPOS="132"
                    VPOS="1484"
                    WIDTH="1034"
                    HEIGHT="61">
            <Shape><Polygon POINTS="133 1528 133 1537 394 1537 396 1537 432 1544 433 1544 470 1536 477 1536 489 1536 575 1544 576 1544 577 1544 579 1544 588 1536 589 1536 593 1536 652 1542 653 1542 655 1542 668 1536 679 1544 680 1544 681 1544 683 1545 719 1545 719 1544 720 1544 721 1544 731 1537 1138 1541 1139 1541 1140 1541 1166 1533 1166 1524 1163 1497 1106 1484 1072 1484 1071 1484 1070 1484 1043 1497 979 1497 955 1484 953 1484 892 1484 891 1484 889 1484 859 1493 783 1485 781 1485 780 1485 735 1497 732 1498 565 1498 564 1497 524 1489 523 1489 521 1489 520 1489 509 1497 509 1498 445 1498 442 1497 428 1486 426 1486 425 1486 405 1486 404 1486 402 1486 401 1486 388 1497 385 1498 368 1497 282 1492 281 1492 212 1497 178 1486 177 1486 142 1486 141 1486 140 1486 138 1486 138 1488 132 1493 133 1528"/></Shape>
	    <String CONTENT="ſouuenance de ce que ie t’ay enſeigné, ie m’aſſcu¬"
                    HPOS="132"
                    VPOS="1484"
                    WIDTH="1034"
                    HEIGHT="61"
                    WC="0.9958624348920935"></String>
          </TextLine>
          <TextLine ID="line_26"
                    TAGREFS="LT8"
                    BASELINE="130 1586 1162 1581" 
                    HPOS="129"
                    VPOS="1542"
                    WIDTH="1033"
                    HEIGHT="64">
            <Shape><Polygon POINTS="130 1586 130 1597 202 1597 205 1597 218 1606 220 1606 221 1606 222 1606 224 1606 254 1598 293 1606 294 1606 296 1606 313 1597 314 1596 401 1596 404 1596 412 1602 413 1602 414 1602 416 1602 417 1602 441 1596 445 1596 449 1596 501 1605 503 1605 504 1605 505 1605 520 1596 524 1596 615 1605 616 1605 617 1605 653 1594 657 1594 661 1594 688 1601 689 1601 759 1594 765 1594 771 1594 889 1604 891 1604 892 1604 893 1604 909 1594 1127 1600 1128 1600 1160 1592 1162 1581 1158 1552 1075 1552 1074 1552 1055 1542 1054 1542 1052 1542 1051 1542 1018 1552 1016 1552 1004 1542 1003 1542 1002 1542 971 1542 970 1542 968 1542 967 1542 953 1552 952 1552 949 1552 791 1544 789 1544 788 1544 771 1552 729 1544 728 1544 727 1544 693 1553 664 1544 663 1544 661 1544 660 1544 640 1554 637 1556 442 1556 441 1554 389 1545 388 1545 386 1545 385 1545 372 1556 369 1557 256 1557 254 1556 236 1546 234 1546 233 1546 232 1546 230 1546 221 1554 129 1556 130 1586"/></Shape>
	    <String CONTENT="reray que telles gens que les Politiques d’auiour¬"
                    HPOS="129"
                    VPOS="1542"
                    WIDTH="1033"
                    HEIGHT="64"
                    WC="0.9839855563640595"></String>
          </TextLine>
          <TextLine ID="line_27"
                    TAGREFS="LT8"
                    BASELINE="130 1641 1167 1644" 
                    HPOS="129"
                    VPOS="1600"
                    WIDTH="1038"
                    HEIGHT="60">
            <Shape><Polygon POINTS="130 1641 129 1652 156 1660 157 1660 158 1660 1166 1654 1167 1644 1166 1601 1092 1601 1091 1601 1090 1601 1088 1601 1072 1613 1047 1613 1031 1602 1031 1601 1030 1601 1028 1601 1027 1601 1020 1602 984 1610 959 1602 953 1601 952 1601 951 1601 949 1601 948 1601 947 1602 932 1614 819 1614 803 1604 797 1601 796 1601 795 1601 767 1601 765 1601 764 1601 763 1601 759 1605 749 1612 728 1605 715 1601 713 1601 712 1601 711 1601 709 1601 704 1605 693 1613 501 1613 492 1608 473 1600 472 1600 470 1600 469 1600 441 1608 438 1609 434 1608 410 1600 409 1600 408 1600 406 1600 405 1600 394 1609 389 1613 213 1613 210 1610 197 1600 196 1600 194 1600 153 1600 152 1600 150 1600 130 1609 130 1641"/></Shape>
	    <String CONTENT="d’huy, ne te deſtourneront facilement de l’amitié"
                    HPOS="129"
                    VPOS="1600"
                    WIDTH="1038"
                    HEIGHT="60"
                    WC="0.9906842315196991"></String>
          </TextLine>
          <TextLine ID="line_28"
                    TAGREFS="LT8"
                    BASELINE="132 1701 521 1704" 
                    HPOS="130"
                    VPOS="1673"
                    WIDTH="391"
                    HEIGHT="49">
            <Shape><Polygon POINTS="132 1701 130 1713 137 1720 137 1721 138 1721 140 1721 141 1721 284 1710 357 1722 358 1722 433 1712 507 1718 508 1718 509 1718 511 1718 520 1710 521 1704 520 1676 132 1673 132 1701"/></Shape>
	    <String CONTENT="que tu me portes."
                    HPOS="130"
                    VPOS="1673"
                    WIDTH="391"
                    HEIGHT="49"
                    WC="0.9985580619643716"></String>
          </TextLine>
        </TextBlock>
        <TextBlock HPOS="1145.0"
                   VPOS="74.0"
                   WIDTH="31.0"
                   HEIGHT="43.0"
                   ID="block_5"
                   TAGREFS="BT15">
          <Shape><Polygon POINTS="1176 74 1176 117 1145 117 1145 76"/></Shape>
          <TextLine ID="line_1"
                    TAGREFS="LT8"
                    BASELINE="1155 106 1164 106" 
                    HPOS="1155"
                    VPOS="81"
                    WIDTH="9"
                    HEIGHT="43">
            <Shape><Polygon POINTS="1155 121 1162 124 1164 106 1164 82 1156 81 1155 106 1155 121"/></Shape>
	    <String CONTENT="2"
                    HPOS="1155"
                    VPOS="81"
                    WIDTH="9"
                    HEIGHT="43"
                    WC="0.9955982565879822"></String>
          </TextLine>
        </TextBlock>
        <TextBlock HPOS="128.0"
                   VPOS="1724.0"
                   WIDTH="1046.0"
                   HEIGHT="298.0"
                   ID="block_1"
                   TAGREFS="BT100008">
          <Shape><Polygon POINTS="1174 1724 1174 2022 128 2022 128 1724"/></Shape>
          <TextLine ID="line_29"
                    TAGREFS="LT8"
                    BASELINE="133 1764 1167 1760" 
                    HPOS="132"
                    VPOS="1716"
                    WIDTH="1035"
                    HEIGHT="62">
            <Shape><Polygon POINTS="133 1764 133 1772 365 1778 366 1778 398 1772 400 1772 448 1778 449 1778 450 1778 452 1778 461 1770 465 1770 636 1770 637 1770 657 1777 659 1777 660 1777 768 1770 801 1777 803 1777 919 1769 929 1769 945 1769 1140 1776 1142 1776 1143 1776 1167 1768 1167 1760 1166 1729 1143 1716 1142 1716 1140 1716 1075 1716 1074 1716 1072 1716 1071 1716 1054 1730 987 1730 970 1716 968 1716 967 1716 948 1716 947 1716 945 1716 944 1716 925 1730 695 1730 671 1717 669 1717 668 1717 643 1717 641 1717 640 1717 639 1717 615 1730 555 1730 524 1717 523 1717 521 1717 520 1717 519 1717 505 1728 449 1718 448 1718 446 1718 420 1733 340 1733 309 1718 308 1718 306 1718 305 1718 290 1725 245 1718 244 1718 242 1718 241 1718 233 1725 224 1718 222 1718 221 1718 181 1718 180 1718 152 1720 150 1720 149 1720 132 1729 133 1764"/></Shape>
	    <String CONTENT="Phi. I’aimeroy&#x27; mieux eſtre mort, que de m&#x27;eſloi¬"
                    HPOS="132"
                    VPOS="1716"
                    WIDTH="1035"
                    HEIGHT="62"
                    WC="0.9950497418033833"></String>
          </TextLine>
          <TextLine ID="line_30"
                    TAGREFS="LT8"
                    BASELINE="128 1820 1171 1820" 
                    HPOS="128"
                    VPOS="1781"
                    WIDTH="1043"
                    HEIGHT="56">
            <Shape><Polygon POINTS="128 1820 128 1828 144 1836 145 1836 146 1836 230 1829 280 1836 281 1837 406 1837 406 1836 408 1836 422 1829 442 1836 444 1836 445 1836 491 1829 563 1836 564 1836 611 1829 652 1836 653 1836 696 1829 1156 1836 1158 1836 1159 1836 1160 1836 1171 1829 1171 1820 1171 1790 1151 1781 1150 1781 1148 1781 1078 1792 1074 1792 1051 1792 776 1785 775 1785 773 1785 772 1785 763 1792 751 1785 749 1785 748 1785 693 1790 624 1781 623 1781 621 1781 620 1781 607 1792 515 1785 513 1785 512 1785 499 1792 488 1782 487 1782 485 1782 445 1781 444 1781 442 1781 441 1781 426 1793 332 1793 317 1781 316 1781 314 1781 254 1781 253 1781 252 1781 250 1781 236 1792 148 1784 146 1784 145 1784 128 1792 128 1820"/></Shape>
	    <String CONTENT="tant ſoit peu de mon deuoir enuers vous, ou de"
                    HPOS="128"
                    VPOS="1781"
                    WIDTH="1043"
                    HEIGHT="56"
                    WC="0.980692339980084"></String>
          </TextLine>
          <TextLine ID="line_31"
                    TAGREFS="LT8"
                    BASELINE="130 1880 1168 1877" 
                    HPOS="129"
                    VPOS="1837"
                    WIDTH="1039"
                    HEIGHT="59">
            <Shape><Polygon POINTS="130 1880 130 1888 354 1888 362 1894 364 1894 365 1894 366 1894 503 1889 553 1896 555 1896 632 1888 649 1886 699 1886 701 1888 709 1894 711 1894 712 1894 713 1894 768 1888 785 1886 816 1888 917 1894 919 1896 953 1896 953 1894 955 1894 956 1894 964 1888 967 1886 986 1888 1044 1894 1046 1894 1168 1888 1168 1877 1166 1844 1135 1837 1134 1837 1132 1837 1131 1837 1124 1844 1119 1848 1071 1849 1050 1844 1026 1837 1024 1837 1023 1837 1022 1837 1006 1844 992 1850 843 1850 828 1845 819 1842 817 1842 816 1842 815 1842 809 1845 801 1849 716 1845 667 1844 665 1844 664 1844 657 1846 645 1850 640 1846 631 1838 629 1838 628 1838 604 1838 603 1838 601 1838 600 1838 591 1846 585 1850 571 1846 560 1844 559 1844 557 1844 488 1846 406 1850 392 1848 372 1842 370 1842 369 1842 368 1842 366 1842 361 1848 356 1852 290 1852 280 1848 245 1838 244 1838 212 1838 210 1838 209 1838 208 1838 196 1848 194 1849 194 1848 180 1838 178 1838 177 1838 138 1838 137 1838 136 1838 134 1838 134 1840 129 1844 130 1880"/></Shape>
	    <String CONTENT="flechir aucunement de ce que m’auez enſeigné."
                    HPOS="129"
                    VPOS="1837"
                    WIDTH="1039"
                    HEIGHT="59"
                    WC="0.9992006498834362"></String>
          </TextLine>
          <TextLine ID="line_32"
                    TAGREFS="LT8"
                    BASELINE="133 1937 1172 1934" 
                    HPOS="132"
                    VPOS="1896"
                    WIDTH="1040"
                    HEIGHT="62">
            <Shape><Polygon POINTS="133 1937 133 1945 172 1957 173 1957 174 1958 236 1958 236 1957 237 1957 238 1957 254 1946 352 1946 353 1946 362 1954 364 1954 365 1954 366 1954 368 1954 392 1946 393 1946 422 1957 424 1957 425 1957 426 1957 450 1949 517 1957 519 1957 520 1957 539 1948 601 1953 603 1953 643 1946 657 1945 740 1945 743 1948 755 1956 756 1956 757 1956 759 1956 760 1956 783 1948 789 1945 796 1948 815 1956 816 1956 817 1956 939 1948 967 1946 992 1948 1043 1952 1044 1952 1046 1952 1058 1948 1068 1945 1072 1948 1082 1956 1083 1956 1084 1956 1086 1956 1118 1948 1128 1946 1171 1948 1172 1934 1170 1896 1123 1896 1122 1896 1120 1896 1096 1905 980 1897 948 1896 947 1896 945 1896 940 1898 923 1905 725 1901 669 1900 668 1900 659 1901 636 1906 549 1902 422 1897 421 1897 420 1897 418 1897 409 1905 406 1906 397 1905 361 1897 360 1897 358 1897 357 1897 348 1905 345 1908 217 1908 216 1906 148 1897 146 1897 145 1897 144 1897 132 1904 133 1937"/></Shape>
	    <String CONTENT="Quant au Politique que vous voyez, cõbien qu’il"
                    HPOS="132"
                    VPOS="1896"
                    WIDTH="1040"
                    HEIGHT="62"
                    WC="0.9930383861064911"></String>
          </TextLine>
          <TextLine ID="line_33"
                    TAGREFS="LT8"
                    BASELINE="141 1997 1164 1996" 
                    HPOS="140"
                    VPOS="1954"
                    WIDTH="1024"
                    HEIGHT="66">
            <Shape><Polygon POINTS="141 1997 141 2008 309 2008 324 2010 354 2016 356 2016 406 2010 416 2010 417 2010 428 2018 429 2018 430 2018 432 2020 512 2020 512 2018 513 2018 515 2018 525 2012 532 2008 548 2012 572 2018 573 2018 575 2018 616 2013 653 2008 696 2013 732 2018 733 2020 775 2020 775 2018 776 2018 777 2018 781 2014 789 2008 812 2014 813 2014 815 2014 820 2014 904 2009 936 2016 951 2018 952 2018 974 2016 1038 2008 1162 2017 1164 1996 1159 1954 1138 1965 1114 1954 1112 1954 1111 1954 1072 1954 1071 1954 1070 1954 1068 1954 1067 1956 1058 1964 1027 1956 1018 1954 1016 1954 1015 1954 1007 1956 980 1965 895 1965 872 1958 860 1954 859 1954 857 1954 856 1954 843 1958 821 1966 600 1966 587 1961 561 1954 560 1954 559 1954 557 1954 556 1954 544 1962 537 1966 340 1966 338 1965 313 1954 312 1954 246 1954 245 1954 244 1954 208 1965 176 1954 174 1954 173 1954 172 1954 140 1966 141 1997"/></Shape>
	    <String CONTENT="ait eſté nourry qu&#x27;elque temps en la cour du Roy"
                    HPOS="140"
                    VPOS="1954"
                    WIDTH="1024"
                    HEIGHT="66"
                    WC="0.9960390280704109"></String>
          </TextLine>
        </TextBlock>
        <TextBlock HPOS="965.0"
                   VPOS="2016.0"
                   WIDTH="67.0"
                   HEIGHT="50.0"
                   ID="block_8"
                   TAGREFS="BT17">
          <Shape><Polygon POINTS="1032 2016 1032 2066 965 2066 965 2016"/></Shape>
          <TextLine ID="line_36"
                    TAGREFS="LT8"
                    BASELINE="959 2056 1030 2056" 
                    HPOS="959"
                    VPOS="2012"
                    WIDTH="71"
                    HEIGHT="58">
            <Shape><Polygon POINTS="959 2056 959 2066 1028 2070 1030 2056 1030 2032 986 2012 984 2012 983 2012 982 2012 980 2012 959 2029 959 2056"/></Shape>
	    <String CONTENT="A."
                    HPOS="959"
                    VPOS="2012"
                    WIDTH="71"
                    HEIGHT="58"
                    WC="0.9999901056289673"></String>
          </TextLine>
        </TextBlock>
        <TextBlock HPOS="108.0"
                   VPOS="2043.0"
                   WIDTH="281.0"
                   HEIGHT="278.0"
                   ID="block_4"
                   TAGREFS="BT20">
          <Shape><Polygon POINTS="389 2043 389 2321 108 2321 108 2043"/></Shape>
        </TextBlock>
        <TextBlock HPOS="519.0"
                   VPOS="2294.0"
                   WIDTH="324.0"
                   HEIGHT="63.0"
                   ID="eSc_textblock_2e3ce3c8"
                   TAGREFS="BT9">
          <Shape><Polygon POINTS="519 2294 519 2357 843 2357 843 2294"/></Shape>
        </TextBlock>
      </PrintSpace>
    </Page>
  </Layout>
</alto>
