1417 2400
138 168 1046 28 chule (uopce voray do Mious di or ei

140 198 1043 63 cy, qui le iour auparauant eſtoit allé à la chaſſe) le

138 257 1042 56 cheualier d’Angoleſme, le duc de Neuers, Chaui

144 318 1038 64 gny, & pluſieurs autres capitaines, alla viſiter l’A

141 378 1039 62 miral, qui mouroit d’enuie de luy parler: le Roy

140 432 1038 64 l'ayant ouy, & faiſant du pleureux, confeſſa libre¬

140 492 1035 62 ment, que l’Amiral s’aſſeurant ſur ſa foy & bien¬

142 554 1037 62 vueillance, eſtoit venu à la cour: & partant quoy

141 608 1035 57 que la douleur des bleſſures fuſt à l’Amiral, que

140 670 1039 64 l'iniure & l’outrage eſtoit fait à luy, & qu’il eſtoit

140 729 1042 53 reſolu de tout ſon cœur, d'en auoir la raiſon, & en

140 786 1036 64 faire iuſtice ſi exemplaire, qu’il en ſeroit memoi¬

141 853 260 47 re à iamais.

364 77 583 49 DIRLOGVET.

189 902 986 66 L’Amiral repliqua, qu’il en remettoit la ven¬

142 962 1037 67 geance à Dieu, & au Roy le iugemẽt: quant à l’au¬

141 1020 1039 62 theur du faict, qu’il eſtoit aſſez bien cognu. Et

144 1082 1032 63 pource qu’il ne ſcauoit s’il auoit encores longue¬

141 1138 1033 58 ment à viure, il ſupplioit tres humblement le Roy

141 1206 1038 54 de l’ouyr ſur certaines choſes qu’il luy vouloit cõ

141 1257 1041 64 muniquer, qui eſtoyent treſneceſſaires à l’eſtat de

142 1318 333 58 ſon Royaume.

1138 93 37 41 M

200 1369 980 63 Le Roy à ceſte demande, ayant fait ſemblant

142 1436 1038 52 de vouloir ouyr l’Amiral en ſecret, commanda

144 1490 1032 66 que chacun ſortiſt de la chambre, quand la Roy¬

144 1553 1034 63 ne-mere, qui n’abandonnoic le Roy d’vn pas em¬

145 1612 1037 66 peſcha (ie neſcay pourquoy) que ce colloque ſe¬

142 1669 295 53 cret ne ſe fiſt.

198 1725 980 67 Le ſamedi ſuyuant 23. iour d’Aouſt, les playes

142 1788 1037 62 ſet uutoyent aſſez bien, tellement que les mede¬

142 1845 1041 64 cins & chyrurgiens diſoyent, que la vie de l’Ami¬

144 1906 1032 60 ral n’en eſtoit en aucũ danger: que le bras, en per¬

144 1962 987 68 dant bien peu de ſa force, ſeroit aiſément gueri.

881 2024 131 62 D.hi.
