1418 2397
139 138 1035 64 s’en retournant de la veuë de l’aubeſpin content

137 199 1030 64 & ſatisfait, penſant que Dieu par vn tel ſigne ap¬

141 258 1033 54 prouuaſt toutes leurs actions, s’en alla droict au

135 314 1027 65 logis du defũct Amiral: où ayãt trouué ſon corps

134 374 1041 62 mort, le prindrent, & l’ayãs trainé par les rues iuſ

137 435 1039 61 ques au bord de la riuiere, luy coupperent le mẽ¬

135 488 1036 71 bre, & puis la teſte, qu’vn ſoldat de la garde (par

133 552 1022 59 commandement comme il diſoit) porta au Roy:

131 609 1032 63 le tronc, auec dagues & couteaux laceré, & deſchi

134 667 1036 64 queté en toutes ſortes par la populaſſe, fut à la fin

133 724 1039 68 trainé au gibet de Montfaucon, & là pendu parles

134 783 141 63 pieds.

354 63 560 64 DIALOGVE I.

191 844 976 62 Le mardi 26. d’Aouſt, le Roy accompagné de

131 902 1037 63 ſes freres, & des plus grands de ſa cour, s’en alla au

131 961 1041 63 Palais de Paris (qu’on appelloit iadis la cour des,

134 1016 1026 66 Pairs de France, & le lict de iuſtice du Roy) Là ſe

131 1083 1028 54 ant en plein ſenat, toutes lec chabres anemioiees,

130 1137 1037 64 il declara tout haut, que ce qui eſtoit auenu dans

133 1193 1039 66 Paris, auoit eſté fait non ſeulement par ſon con¬

127 1254 1032 63 ſentement, ains par ſon commandement, & de ſon

133 1317 1026 62 propre mouuemẽt. Partant entendoit-il, que tou

130 1370 1038 66 te la louange & la honte, en fuſſent reiettees ſur;

131 1427 99 64 luy.

1122 73 58 66 71

187 1488 972 60 Alors le premier Preſident, au nom de tout le

129 1547 1027 65 Senat, en louant l’acte, comme digne d’vn ſi grãd

133 1603 1023 69 Roy, luy reſpondit, que c’eſtoit bien fait, & qu’il

129 1663 570 60 l’auoit iuſtement peu faire.

182 1723 972 62 Que qui ne ſcait bien diſſimuler, ne ſcait re¬

129 1787 121 57 gner.

126 1837 1032 64 Le pol. C’eſtoit bien loin de faire comme la Vac

127 1900 1027 60 querie, iadis Preſident en meſme lieu & charge,

127 1972 1031 52 lequel, comule Paſquiel le tecite enton nure des

936 2014 38 28 ..

866 2018 134 55 E.iiii¬
