1415 2433
138 154 1025 62 de camper, ſi le ſoldat eſt inſtruit & commãdé de

139 216 1025 55 ſe cõtenter de l’ordinaire du bon-hõme auec tou

139 275 1031 60 te modeſtie & crainte de Dieu, (ce qui auiendra

139 333 1028 64 aiſement, ſi outre la parole de Dieu, & les loix mi

137 390 1026 65 litaires qui leur, doyuent ſeruir de bride & cõdui¬

137 450 1026 58 te, le capitainc ou ſoldat conſidere le traictement

137 506 1029 65 qu’il voudroic luy eſtre fait, s’il eſtoit en la place

136 571 1027 61 du bon homme,voire tout le village en cocps, ſe

135 624 1027 59 nbien aiſe de dreſſer eſtappe, ſournir munitiõs,

133 687 1035 55 argent & autres commoditez,entre les mains de

131 744 875 62 ceux qui ſeront eſtablis pour les receuoir.

339 94 570 49 DIALOGVE I.

192 800 977 67 7n Ceſte bonne & modeſte façon de loger,

129 858 1039 58 outre quer eſt le deuoir du ſoldat Chreſtiẽ d’ain

128 921 1040 54 ſi le pratiquerz enntentera infiniment le cour du

131 978 1037 64 peuple desvilles, cr du plat pays, qui ſcait com¬

131 1038 1039 55 bren ceſte querele eſt iuſte, & la deffenſe contain

127 1097 1041 55 to:au contraire,de parti des tunemis, meſchant

125 1154 1045 61 traiſtre, deſbyals & volontaire: tellemont qu’au

125 1211 1046 64 lieu que par le paſfé, les deſ bauches d' deſordres.

124 1270 1043 58 auoyẽt aliené de bon-homme, des ſidelca,en ſorte

128 1332 1036 65 qu’en vn bien grand village, quand on alloit pour

131 1389 1028 66 y loger, à peine y trouuoit-on à qui parler,mainte

124 1450 1047 59 nant auec vn tel deporremẽt, le bon-homme s’ef.

123 1503 1047 59 fercera de recucillir le ſoldat, & de faint au reſte

123 1562 1034 65 tous les bons offices qu’il luy ſers poſsible, cõtre

121 1622 1027 63 les ennemis de la paix & ſocieté aurlir des Frãçois.

1105 116 50 34 72

144 1681 1011 65 138 Qu'il y ait vn ou pluſieurɇ bons preuoſts

120 1742 1031 62 de camp,accompagnez de bon nombre d’archers

121 1800 1030 65 pour punir à la rigueus de promprement, les fau¬

121 1855 1042 63 tes que le ſoldat des bauché pourroit ſaire, contre

125 1915 813 65 la loy de Dieu, & la police de l’armee.

172 1980 993 75 59 Que les Cheſs ſe, ſouuienent de ce que
