1444 2398
125 133 1029 70 ſi fort eſtrange, de voir ces poures Suyſſes ſe laiſ¬

124 202 1033 52 ſer mener à la boucherie (car ſaus doute il en mou

124 258 1028 64 roit & en eſtoyent tuez beaucoup en France pour

124 315 1029 62 trois ou quatre eſcuz le mois) à la merci de trois

124 374 1030 65 ou quatre Colonels qui rempliſſoyent leurs bou

126 432 1026 64 getes, aux deſpẽs du ſang de leurs combourgeois.

124 490 1030 61 Et euſsiõs bien voulu, qu’au lieu de ſix mille Suyſ

122 547 1032 67 ſes armez,les Seigneurs des Ligues en euſſent en¬

122 606 1028 66 uoyé ſix des plus ſages & paiſibles au Roy & à ſõ

122 667 1031 63 conſeil, pour faire eutendre qu’à tout euenemenr

122 727 1031 60 en telles guerres ciuiles, il vaut mieux armer le

125 782 1028 65 parti obeiſſant, que le ſeditieux & rebelle Que ce

124 840 1028 64 luy eſt obeiſſant, qui ſe contente des bons Edicts

122 899 1031 65 de ſon Roy: que les Huguenots (hors la conſcien

121 959 1029 62 ce) luy rendoyẽt tous deuoirs de ſuiets, mais qu’au

121 1015 1031 65 reſte le corps eſt foible & moins appareillé à cõ¬

121 1075 1031 66 batre les autres, quand il a perdu la moitié de ſes

121 1133 1029 63 membres: qu’il n’y a choſe plus miſerable que la

124 1192 1025 65 victoire és guerres ciuiles, laquelle affoiblit le vai

121 1253 1027 61 queur bien ſouuent autãt que le vaincu, le liurant

120 1308 1028 61 à la fin du compte entre les mains de ſes voiſins;

120 1366 1024 66 que partant l’opinion de Machiauelli (que le çon¬

118 1421 1030 69 ſeil du Roy ſembloit ſuyure, tenant ſes ſuiets deſ¬

120 1488 1029 58 unis) eſtoit vne pernicieuſe hereſie en matiere.

120 1542 1022 65 d’eſtat: qu’il valoit donc mieux conſeruer le tout,

122 1602 1022 68 qu’en ruiner vne grande partie. Que les Republi¬

121 1658 1025 71 ques des Suyſſes &celles d’Allemagne (quoy qu’il

120 1719 1025 66 y ait meſme diuerſité de religions qu’en France)

116 1777 1029 65 ne laiſſoyent pas de proſperer, & eſtre bien fort

120 1834 1022 71 paiſibles: Enſomme, nous euſsions deſité que les

118 1891 1026 72 Seigneurs des Ligues euſſent fait remonſtrer les

120 1949 1022 82 choſes, qu’ils euſſent auiſé eſtre mieux pour le biẽ

381 73 539 52 DIALOGVE I.

1097 94 56 37 21

933 2011 61 68 H3
