<?xml version="1.0" encoding="UTF-8"?>
<alto xmlns:xsi="http://www.w3.org/2001/XMLSchema-instance"
      xmlns="http://www.loc.gov/standards/alto/ns-v4#"
      xsi:schemaLocation="http://www.loc.gov/standards/alto/ns-v4# http://www.loc.gov/standards/alto/v4/alto-4-2.xsd">
  <Description>
    <MeasurementUnit>pixel</MeasurementUnit>
    <sourceImageInformation>
      <fileName>page_00061.png</fileName>
      <fileIdentifier>mets//page_00002.zip/page_00061.png</fileIdentifier>
    </sourceImageInformation>
  </Description>
  <Tags>
    <OtherTag ID="BT7" LABEL="CustomZone" DESCRIPTION="block type CustomZone"/><OtherTag ID="BT8" LABEL="DamageZone" DESCRIPTION="block type DamageZone"/><OtherTag ID="BT9" LABEL="DigitizationArtefactZone" DESCRIPTION="block type DigitizationArtefactZone"/><OtherTag ID="BT10" LABEL="DropCapitalZone" DESCRIPTION="block type DropCapitalZone"/><OtherTag ID="BT11" LABEL="GraphicZone" DESCRIPTION="block type GraphicZone"/><OtherTag ID="BT12" LABEL="MainZone" DESCRIPTION="block type MainZone"/><OtherTag ID="BT13" LABEL="MarginTextZone" DESCRIPTION="block type MarginTextZone"/><OtherTag ID="BT14" LABEL="MusicZone" DESCRIPTION="block type MusicZone"/><OtherTag ID="BT15" LABEL="NumberingZone" DESCRIPTION="block type NumberingZone"/><OtherTag ID="BT17" LABEL="QuireMarksZone" DESCRIPTION="block type QuireMarksZone"/><OtherTag ID="BT18" LABEL="RunningTitleZone" DESCRIPTION="block type RunningTitleZone"/><OtherTag ID="BT19" LABEL="SealZone" DESCRIPTION="block type SealZone"/><OtherTag ID="BT20" LABEL="StampZone" DESCRIPTION="block type StampZone"/><OtherTag ID="BT21" LABEL="TableZone" DESCRIPTION="block type TableZone"/><OtherTag ID="BT22" LABEL="TitlePageZone" DESCRIPTION="block type TitlePageZone"/><OtherTag ID="BT100001" LABEL="MainZone-Head" DESCRIPTION="block type MainZone-Head"/><OtherTag ID="BT100005" LABEL="MainZone-P" DESCRIPTION="block type MainZone-P"/><OtherTag ID="BT100006" LABEL="MainZone-Continued" DESCRIPTION="block type MainZone-Continued"/><OtherTag ID="BT100008" LABEL="MainZone-Sp" DESCRIPTION="block type MainZone-Sp"/><OtherTag ID="BT100002" LABEL="MainZone-Lg" DESCRIPTION="block type MainZone-Lg"/><OtherTag ID="BT100014" LABEL="MainZone-ListItem" DESCRIPTION="block type MainZone-ListItem"/>
    <OtherTag ID="LT7" LABEL="CustomLine" DESCRIPTION="line type CustomLine"/><OtherTag ID="LT8" LABEL="DefaultLine" DESCRIPTION="line type DefaultLine"/><OtherTag ID="LT9" LABEL="DropCapitalLine" DESCRIPTION="line type DropCapitalLine"/><OtherTag ID="LT10" LABEL="HeadingLine" DESCRIPTION="line type HeadingLine"/><OtherTag ID="LT11" LABEL="InterlinearLine" DESCRIPTION="line type InterlinearLine"/><OtherTag ID="LT12" LABEL="MusicLine" DESCRIPTION="line type MusicLine"/><OtherTag ID="LT765" LABEL="default" DESCRIPTION="line type default"/>
  </Tags>
  <Layout>
    <Page WIDTH="1466"
          HEIGHT="2419"
          PHYSICAL_IMG_NR="60"
          ID="eSc_dummypage_">
      <PrintSpace HPOS="0"
                  VPOS="0"
                  WIDTH="1466"
                  HEIGHT="2419">
        <TextBlock HPOS="309.0"
                   VPOS="106.0"
                   WIDTH="61.0"
                   HEIGHT="49.0"
                   ID="block_2"
                   TAGREFS="BT15">
          <Shape><Polygon POINTS="370 106 370 155 309 155 309 106"/></Shape>
          <TextLine ID="line_0"
                    TAGREFS="LT8"
                    BASELINE="307 145 380 142" 
                    HPOS="306"
                    VPOS="99"
                    WIDTH="74"
                    HEIGHT="58">
            <Shape><Polygon POINTS="307 145 307 149 334 157 336 157 337 157 380 146 380 142 379 114 342 99 341 99 340 99 338 99 306 114 307 145"/></Shape>
	    <String CONTENT="23"
                    HPOS="306"
                    VPOS="99"
                    WIDTH="74"
                    HEIGHT="58"
                    WC="0.9999919533729553"></String>
          </TextLine>
        </TextBlock>
        <TextBlock HPOS="304.0"
                   VPOS="171.0"
                   WIDTH="1034.0"
                   HEIGHT="655.0"
                   ID="block_3"
                   TAGREFS="BT100006">
          <Shape><Polygon POINTS="1338 171 1338 826 304 826 304 173"/></Shape>
          <TextLine ID="line_2"
                    TAGREFS="LT8"
                    BASELINE="306 213 1327 210" 
                    HPOS="305"
                    VPOS="170"
                    WIDTH="1022"
                    HEIGHT="61">
            <Shape><Polygon POINTS="306 213 306 224 469 231 470 231 472 231 493 224 497 224 707 224 716 224 802 231 804 231 805 231 824 224 825 224 1326 224 1327 210 1323 174 1265 180 1237 174 1213 170 1211 170 1210 170 1209 170 1203 174 1198 180 1143 180 1136 176 1132 172 1131 172 1129 172 1128 172 1127 172 1125 172 1121 176 1116 180 1106 176 1098 173 1097 173 1096 173 1069 176 1043 180 1039 177 1034 172 1032 172 1031 172 1030 172 1028 172 1015 177 1006 180 988 177 945 170 944 170 942 170 941 170 933 177 929 181 758 181 755 180 746 172 745 172 743 172 707 172 706 172 704 172 703 172 691 180 689 181 685 180 656 172 654 172 653 172 652 172 650 172 640 181 638 182 537 182 528 182 442 172 441 172 439 172 411 182 360 182 322 172 321 172 320 172 318 172 317 172 305 180 306 213"/></Shape>
	    <String CONTENT="&amp; conſeruation du Royaume, ſans enuoyer leurs"
                    HPOS="305"
                    VPOS="170"
                    WIDTH="1022"
                    HEIGHT="61"
                    WC="0.9954026924239264"></String>
          </TextLine>
          <TextLine ID="line_3"
                    TAGREFS="LT8"
                    BASELINE="309 272 1324 267" 
                    HPOS="307"
                    VPOS="231"
                    WIDTH="1017"
                    HEIGHT="65">
            <Shape><Polygon POINTS="1128 231 1114 231 1101 231 1088 231 1075 231 1069 236 1063 241 788 241 778 239 751 232 750 232 749 232 747 232 746 232 735 240 731 243 683 243 680 240 667 232 665 232 664 232 621 232 620 232 576 241 575 241 574 241 512 233 511 233 509 233 478 243 477 243 473 243 345 233 344 233 342 233 307 244 309 272 309 296 342 296 342 295 344 295 345 295 365 282 575 282 727 282 738 288 746 294 747 294 749 294 750 295 786 295 786 294 788 294 789 294 800 287 809 282 839 287 875 292 876 292 878 292 899 286 917 280 938 284 953 287 954 287 984 284 993 283 996 283 1007 292 1008 292 1010 292 1011 292 1094 282 1112 280 1135 282 1292 291 1293 291 1295 291 1324 278 1324 267 1320 233 1148 239 1141 235 1135 231 1128 231"/></Shape>
	    <String CONTENT="gẽs à vn cõmun &amp; reciproque rauage. Mais quoy?"
                    HPOS="307"
                    VPOS="231"
                    WIDTH="1017"
                    HEIGHT="65"
                    WC="0.9797865711912817"></String>
          </TextLine>
          <TextLine ID="line_4"
                    TAGREFS="LT8"
                    BASELINE="307 330 1328 326" 
                    HPOS="306"
                    VPOS="290"
                    WIDTH="1022"
                    HEIGHT="58">
            <Shape><Polygon POINTS="307 330 307 341 544 346 546 346 684 340 703 340 719 340 917 348 918 348 919 348 921 348 930 341 1202 346 1203 346 1205 346 1206 346 1214 340 1312 345 1314 345 1315 345 1316 345 1328 337 1328 326 1323 291 1299 298 1218 298 1209 292 1206 290 1205 290 1203 290 1202 290 1201 290 1199 290 1197 292 1190 299 1049 299 1024 294 997 290 996 290 995 290 993 290 993 291 988 295 983 299 964 295 944 291 942 291 941 291 940 291 936 295 929 301 773 301 754 298 702 291 700 291 699 291 680 298 676 299 667 298 624 292 622 292 621 292 620 292 611 299 609 301 579 299 449 292 447 292 446 292 425 301 425 302 306 302 307 330"/></Shape>
	    <String CONTENT="nous n’oſions mot ſonner, ny en dire ce que nous"
                    HPOS="306"
                    VPOS="290"
                    WIDTH="1022"
                    HEIGHT="58"
                    WC="0.9985775289436182"></String>
          </TextLine>
          <TextLine ID="line_5"
                    TAGREFS="LT8"
                    BASELINE="312 391 1328 387" 
                    HPOS="310"
                    VPOS="344"
                    WIDTH="1018"
                    HEIGHT="65">
            <Shape><Polygon POINTS="312 391 312 409 367 399 707 399 733 405 738 407 739 407 741 407 763 405 841 399 866 404 871 405 872 405 874 405 1327 399 1328 387 1324 349 1275 356 1264 349 1257 344 1256 344 1254 344 1233 344 1231 344 1230 344 1229 344 1222 349 1215 356 1199 350 1182 344 1180 344 1179 344 1178 344 1176 344 1168 350 1160 357 1096 357 1088 352 1078 344 1077 344 1075 344 989 344 988 344 987 344 971 352 948 345 946 345 945 345 944 345 942 345 932 353 926 357 905 353 859 345 858 345 856 345 855 345 844 354 839 358 640 358 636 357 622 346 621 346 620 346 598 346 597 346 595 346 594 346 581 357 579 358 575 357 540 348 539 348 537 348 536 348 535 348 521 358 520 360 496 360 490 358 399 346 398 346 310 360 312 391"/></Shape>
	    <String CONTENT="penſions: &amp; d’autre part l’ambaſſadeur du Roy"
                    HPOS="310"
                    VPOS="344"
                    WIDTH="1018"
                    HEIGHT="65"
                    WC="0.9926348659727309"></String>
          </TextLine>
          <TextLine ID="line_6"
                    TAGREFS="LT8"
                    BASELINE="314 448 1331 444" 
                    HPOS="313"
                    VPOS="404"
                    WIDTH="1018"
                    HEIGHT="58">
            <Shape><Polygon POINTS="314 448 314 459 1297 462 1299 462 1331 454 1331 444 1327 412 1201 415 1192 412 1166 404 1164 404 1163 404 1162 404 1160 404 1149 413 1147 416 1100 416 1093 413 1065 404 1063 404 1062 404 1061 404 1059 404 1047 413 1045 416 983 416 979 415 965 405 964 405 962 405 915 405 914 405 913 405 911 405 901 413 890 405 889 405 887 405 862 405 860 405 859 405 828 415 824 416 819 416 761 405 759 405 758 405 757 405 739 416 738 417 618 417 617 417 605 407 603 407 602 407 568 407 567 407 566 407 524 417 509 407 508 407 507 407 505 407 457 416 414 407 412 407 313 419 314 448"/></Shape>
	    <String CONTENT="vers les Suyſſes, monſieur Belieure, leur donnoit"
                    HPOS="313"
                    VPOS="404"
                    WIDTH="1018"
                    HEIGHT="58"
                    WC="0.9850387147494725"></String>
          </TextLine>
          <TextLine ID="line_7"
                    TAGREFS="LT8"
                    BASELINE="307 507 1327 502" 
                    HPOS="306"
                    VPOS="462"
                    WIDTH="1021"
                    HEIGHT="63">
            <Shape><Polygon POINTS="307 507 307 517 533 517 555 525 556 525 558 525 641 516 646 516 650 516 742 524 743 524 895 514 901 514 906 514 1045 521 1046 521 1082 513 1084 513 1097 520 1098 520 1311 521 1312 521 1314 521 1315 521 1327 512 1327 502 1324 474 1289 473 1276 462 1275 462 1273 462 1233 462 1231 462 1230 462 1229 462 1217 473 1202 462 1201 462 1199 462 1198 462 1197 462 1167 470 1144 462 1143 462 1141 462 1140 462 1139 462 1127 473 1125 473 1120 473 1020 463 1019 463 1018 463 1016 463 1006 473 1003 474 960 474 957 471 946 463 945 463 944 463 942 463 905 471 894 474 886 471 864 463 863 463 862 463 860 463 859 463 848 471 844 475 815 475 796 471 766 464 765 464 763 464 750 471 741 477 693 477 684 471 672 464 671 464 669 464 615 470 559 477 517 477 505 470 497 466 496 466 494 466 472 470 441 475 306 470 307 507"/></Shape>
	    <String CONTENT="à entendre, que le prince de Condé vouloit faire"
                    HPOS="306"
                    VPOS="462"
                    WIDTH="1021"
                    HEIGHT="63"
                    WC="0.98851118683815"></String>
          </TextLine>
          <TextLine ID="line_8"
                    TAGREFS="LT8"
                    BASELINE="309 564 1330 561" 
                    HPOS="307"
                    VPOS="521"
                    WIDTH="1023"
                    HEIGHT="63">
            <Shape><Polygon POINTS="309 564 309 576 505 576 517 583 519 583 520 583 521 583 665 576 673 583 675 583 676 583 677 584 731 584 731 583 733 583 734 583 742 576 941 581 942 581 944 581 945 581 953 575 1141 575 1275 581 1276 581 1330 572 1330 561 1328 533 1305 521 1304 521 1303 521 1301 521 1273 532 1186 521 1184 521 1183 521 1182 521 1167 533 1085 533 1035 521 1034 521 1032 521 1011 532 988 524 987 524 985 524 984 524 967 533 921 533 883 521 882 521 880 521 879 521 841 533 819 533 806 522 805 522 804 522 802 522 715 533 700 522 699 522 698 522 696 522 695 522 663 530 630 522 629 522 628 522 626 522 625 522 611 533 582 525 581 525 579 525 578 525 576 525 566 534 509 534 494 522 493 522 492 522 465 522 464 522 462 522 461 522 450 532 414 522 412 522 411 522 410 522 408 522 398 530 325 528 324 528 322 528 307 533 309 564"/></Shape>
	    <String CONTENT="tuer le Roy, &amp; ſe faire Roy luy-meſme: tellemẽt"
                    HPOS="307"
                    VPOS="521"
                    WIDTH="1023"
                    HEIGHT="63"
                    WC="0.9862098507583141"></String>
          </TextLine>
          <TextLine ID="line_9"
                    TAGREFS="LT8"
                    BASELINE="312 623 1327 619" 
                    HPOS="310"
                    VPOS="577"
                    WIDTH="1017"
                    HEIGHT="65">
            <Shape><Polygon POINTS="312 623 312 637 318 642 320 642 321 642 322 642 372 634 626 641 628 641 668 632 692 639 693 639 695 639 747 632 770 639 772 639 773 639 774 639 776 639 784 632 794 641 796 641 797 641 798 641 1070 632 1314 639 1315 639 1316 639 1318 639 1327 630 1327 619 1326 589 1299 577 1297 577 1296 577 1295 577 1269 588 1153 577 1152 577 1151 577 1149 577 1136 589 1113 589 1082 577 1081 577 1079 577 1078 577 1077 577 1063 589 1026 589 993 577 992 577 991 577 989 577 967 588 942 579 941 579 940 579 938 579 917 589 859 579 858 579 798 589 769 579 767 579 766 579 718 589 695 579 693 579 692 579 691 579 689 579 677 589 648 580 646 580 645 580 644 580 618 592 583 592 570 580 568 580 567 580 566 580 523 589 512 580 511 580 509 580 482 580 481 580 480 580 478 580 464 592 442 592 400 580 399 580 398 580 396 580 373 592 310 592 312 623"/></Shape>
	    <String CONTENT="que les Colonels des Suyſſes, faiſant ſemblant de"
                    HPOS="310"
                    VPOS="577"
                    WIDTH="1017"
                    HEIGHT="65"
                    WC="0.9845291959996126"></String>
          </TextLine>
          <TextLine ID="line_10"
                    TAGREFS="LT8"
                    BASELINE="309 682 1327 677" 
                    HPOS="307"
                    VPOS="639"
                    WIDTH="1020"
                    HEIGHT="66">
            <Shape><Polygon POINTS="309 682 309 694 353 694 365 704 367 704 368 704 369 704 371 704 390 694 473 694 527 705 528 705 529 705 563 693 626 693 657 693 675 704 676 704 677 704 679 705 710 705 710 704 711 704 712 704 726 694 817 693 875 702 876 704 980 704 980 702 981 702 999 694 1036 702 1038 702 1039 702 1040 702 1053 693 1124 701 1125 701 1127 701 1149 690 1245 690 1260 701 1261 701 1262 701 1264 702 1289 702 1289 701 1291 701 1327 689 1327 677 1323 639 1256 651 1230 651 1215 639 1214 639 1213 639 1211 639 1202 639 1093 650 1075 641 1073 639 1071 639 1070 639 1069 639 1066 641 1045 653 817 653 798 643 796 642 794 642 793 642 782 643 715 653 660 653 645 645 641 642 640 642 638 642 609 645 505 654 307 647 309 682"/></Shape>
	    <String CONTENT="le croire, pour les penſions, gages, &amp; proſits qui"
                    HPOS="307"
                    VPOS="639"
                    WIDTH="1020"
                    HEIGHT="66"
                    WC="0.9981399095058441"></String>
          </TextLine>
          <TextLine ID="line_11"
                    TAGREFS="LT8"
                    BASELINE="309 741 1324 737" 
                    HPOS="307"
                    VPOS="706"
                    WIDTH="1017"
                    HEIGHT="55">
            <Shape><Polygon POINTS="309 741 309 752 379 752 380 752 390 759 391 759 392 759 394 759 395 759 396 759 404 752 406 752 591 752 593 752 636 761 637 761 638 761 664 751 665 751 683 751 860 759 862 759 863 759 897 751 956 760 957 760 958 760 960 760 969 753 1061 756 1062 756 1063 756 1088 749 1089 749 1094 749 1304 759 1305 759 1307 759 1308 759 1324 748 1324 737 1322 706 307 706 309 741"/></Shape>
	    <String CONTENT="leur en reuenoyent: au lieu d’y mettre la paix, y"
                    HPOS="307"
                    VPOS="706"
                    WIDTH="1017"
                    HEIGHT="55"
                    WC="0.9893546104431152"></String>
          </TextLine>
          <TextLine ID="line_12"
                    TAGREFS="LT8"
                    BASELINE="310 799 958 799" 
                    HPOS="310"
                    VPOS="763"
                    WIDTH="648"
                    HEIGHT="52">
            <Shape><Polygon POINTS="310 799 310 807 361 815 363 815 517 809 665 815 667 815 901 809 937 815 938 815 940 815 958 807 958 799 958 771 403 763 402 763 310 770 310 799"/></Shape>
	    <String CONTENT="voyoyent volontiers la guerre."
                    HPOS="310"
                    VPOS="763"
                    WIDTH="648"
                    HEIGHT="52"
                    WC="0.9841745754082998"></String>
          </TextLine>
        </TextBlock>
        <TextBlock HPOS="546.0"
                   VPOS="95.0"
                   WIDTH="539.0"
                   HEIGHT="60.0"
                   ID="block_1"
                   TAGREFS="BT18">
          <Shape><Polygon POINTS="1085 95 1085 155 546 155 546 95"/></Shape>
          <TextLine ID="line_1"
                    TAGREFS="LT8"
                    BASELINE="533 143 1086 141" 
                    HPOS="532"
                    VPOS="103"
                    WIDTH="554"
                    HEIGHT="52">
            <Shape><Polygon POINTS="1084 129 1070 129 1057 129 1043 129 1030 129 1016 129 1003 129 989 129 976 129 962 129 949 129 936 129 922 129 909 129 895 129 882 129 868 129 855 129 841 129 828 129 815 129 801 129 788 129 774 129 761 129 747 129 734 126 718 127 708 119 692 104 692 103 691 103 689 103 667 103 665 103 664 103 663 103 663 104 654 112 645 104 645 103 644 103 642 103 542 103 540 103 539 103 537 103 537 104 536 104 532 107 533 143 533 149 696 155 698 155 699 155 712 149 747 155 749 155 750 155 776 149 801 155 802 155 804 155 805 155 806 155 806 154 813 147 815 147 817 147 851 154 852 154 884 147 887 147 899 147 1066 154 1067 154 1069 154 1086 146 1086 141 1084 129 1084 129"/></Shape>
	    <String CONTENT="DIAEOUVE I."
                    HPOS="532"
                    VPOS="103"
                    WIDTH="554"
                    HEIGHT="52"
                    WC="0.9921172423796221"></String>
          </TextLine>
        </TextBlock>
        <TextBlock HPOS="306.0"
                   VPOS="823.0"
                   WIDTH="1035.0"
                   HEIGHT="1234.0"
                   ID="block_0"
                   TAGREFS="BT100008">
          <Shape><Polygon POINTS="1341 823 1341 2057 306 2057 306 823"/></Shape>
          <TextLine ID="line_13"
                    TAGREFS="LT8"
                    BASELINE="309 857 1320 853" 
                    HPOS="307"
                    VPOS="813"
                    WIDTH="1013"
                    HEIGHT="65">
            <Shape><Polygon POINTS="309 857 309 868 365 868 368 869 387 877 388 877 390 877 391 877 418 869 423 868 544 868 546 869 555 877 556 877 558 877 559 878 590 878 590 877 591 877 593 877 601 869 602 869 613 869 684 873 685 873 687 873 688 873 693 869 699 866 745 869 828 876 829 876 831 876 832 876 841 870 847 866 880 870 934 876 936 876 937 876 938 876 946 870 953 866 961 870 968 873 969 873 971 873 972 873 983 870 1003 865 1131 865 1144 870 1156 874 1158 874 1159 874 1197 870 1238 866 1246 870 1249 873 1250 873 1252 873 1253 873 1254 873 1256 873 1258 870 1266 865 1276 870 1283 874 1284 874 1285 874 1319 870 1320 853 1318 823 1249 813 1248 813 1246 813 1245 813 1233 823 1231 825 1124 825 1001 825 985 813 984 813 983 813 981 813 980 813 950 825 925 814 923 814 883 814 882 814 880 814 879 814 866 826 758 826 726 814 724 814 723 814 722 814 720 814 707 826 679 826 646 814 645 814 644 814 642 814 641 814 621 827 519 827 501 815 500 815 498 815 322 815 321 815 320 815 318 815 318 817 307 825 309 857"/></Shape>
	    <String CONTENT="L’hiſt. Tanty a, les choſes eſtãs és termes que i’ay"
                    HPOS="307"
                    VPOS="813"
                    WIDTH="1013"
                    HEIGHT="65"
                    WC="0.978536562787162"></String>
          </TextLine>
          <TextLine ID="line_14"
                    TAGREFS="LT8"
                    BASELINE="309 917 1326 913" 
                    HPOS="307"
                    VPOS="872"
                    WIDTH="1019"
                    HEIGHT="63">
            <Shape><Polygon POINTS="309 917 309 927 381 927 386 927 415 935 416 935 418 935 419 935 446 927 449 927 453 927 505 935 507 935 508 935 509 935 520 927 521 927 547 927 819 932 820 932 821 932 836 925 837 925 844 932 845 932 847 932 848 932 850 932 851 932 859 925 870 934 871 934 872 934 874 935 960 935 960 934 1047 925 1065 924 1067 925 1078 931 1079 931 1081 931 1082 931 1096 925 1098 924 1113 925 1178 931 1179 931 1249 924 1261 924 1266 924 1301 932 1303 932 1304 932 1326 924 1326 913 1323 877 1230 872 1229 872 1227 872 1206 878 1183 884 1163 878 1137 872 1136 872 1135 872 1133 872 1120 878 1109 885 820 885 815 882 800 873 798 873 797 873 796 873 794 873 793 873 781 884 777 886 746 886 738 884 693 873 692 873 691 873 689 873 671 885 669 885 650 873 649 873 648 873 646 873 645 873 618 885 614 888 477 888 473 888 434 874 433 874 431 874 430 874 408 886 394 874 392 874 391 874 330 874 329 874 328 874 326 874 307 885 309 917"/></Shape>
	    <String CONTENT="dict, le prince de Condé voyant que c’eſtoit à bõ"
                    HPOS="307"
                    VPOS="872"
                    WIDTH="1019"
                    HEIGHT="63"
                    WC="0.9880405068397522"></String>
          </TextLine>
          <TextLine ID="line_15"
                    TAGREFS="LT8"
                    BASELINE="309 975 1330 972" 
                    HPOS="307"
                    VPOS="932"
                    WIDTH="1023"
                    HEIGHT="61">
            <Shape><Polygon POINTS="309 975 309 986 761 986 802 993 804 993 851 983 856 983 862 983 898 991 899 991 1328 982 1330 972 1328 946 1308 938 1307 938 1305 938 1266 944 1231 932 1230 932 1229 932 1227 932 1226 932 1213 943 1098 938 1097 938 1055 944 989 932 988 932 987 932 960 946 855 946 824 932 823 932 821 932 820 932 819 932 804 946 773 935 772 935 770 935 769 935 745 947 665 947 640 934 638 934 637 934 594 940 562 934 560 934 559 934 558 934 550 940 540 934 539 934 537 934 482 934 481 934 480 934 478 934 462 944 342 934 341 934 340 934 307 946 309 975"/></Shape>
	    <String CONTENT="eſcient &amp; à deſcouuert, &amp; non plus par ieu &amp; en"
                    HPOS="307"
                    VPOS="932"
                    WIDTH="1023"
                    HEIGHT="61"
                    WC="0.9913827603061994"></String>
          </TextLine>
          <TextLine ID="line_16"
                    TAGREFS="LT8"
                    BASELINE="309 1033 1327 1028" 
                    HPOS="307"
                    VPOS="991"
                    WIDTH="1020"
                    HEIGHT="62">
            <Shape><Polygon POINTS="309 1033 309 1045 472 1045 474 1045 517 1053 519 1053 520 1053 543 1046 560 1053 562 1053 563 1053 564 1053 598 1044 601 1044 605 1044 628 1050 629 1050 630 1050 665 1044 669 1044 737 1044 738 1044 747 1050 749 1050 750 1050 751 1050 753 1050 754 1050 761 1044 777 1052 778 1052 780 1052 833 1045 999 1050 1000 1050 1001 1050 1003 1050 1014 1042 1062 1048 1063 1048 1065 1048 1085 1041 1089 1041 1108 1041 1260 1049 1261 1049 1326 1040 1327 1028 1323 999 1231 1001 1229 999 1221 993 1219 993 1218 993 1153 991 1152 991 1151 991 1149 991 1139 1001 1137 1001 1133 1001 1078 991 1077 991 1075 991 1074 991 1063 1001 1062 1002 1057 1001 1022 993 1020 993 1019 993 1018 993 1007 1001 1006 1003 968 1003 967 1002 956 993 954 993 953 993 907 993 906 993 905 993 903 993 893 1002 891 1003 848 1003 848 1002 819 993 817 993 816 993 815 993 792 1003 790 1005 548 1005 473 1005 377 995 376 995 375 995 373 995 364 1003 329 999 328 999 326 999 307 1006 309 1033"/></Shape>
	    <String CONTENT="cachettes, qu’on en vouloit à luy &amp; aux Hugue¬"
                    HPOS="307"
                    VPOS="991"
                    WIDTH="1020"
                    HEIGHT="62"
                    WC="0.9983042440515884"></String>
          </TextLine>
          <TextLine ID="line_17"
                    TAGREFS="LT8"
                    BASELINE="309 1091 1328 1091" 
                    HPOS="309"
                    VPOS="1050"
                    WIDTH="1019"
                    HEIGHT="58">
            <Shape><Polygon POINTS="309 1091 309 1101 707 1101 716 1108 718 1108 719 1108 720 1108 1046 1101 1293 1108 1295 1108 1328 1100 1328 1091 1327 1056 1241 1061 1211 1056 1180 1050 1179 1050 1178 1050 1159 1057 1143 1061 1123 1057 1093 1050 1015 1050 1014 1050 1012 1050 1011 1050 1003 1057 997 1061 979 1058 936 1050 934 1050 933 1050 932 1050 922 1058 915 1064 607 1064 601 1061 568 1050 567 1050 527 1050 525 1050 524 1050 523 1050 512 1058 489 1050 488 1050 486 1050 485 1050 469 1058 441 1050 439 1050 438 1050 437 1050 435 1050 420 1063 419 1064 309 1064 309 1091"/></Shape>
	    <String CONTENT="nots de la France: en ayant aſſemblé vne bonne"
                    HPOS="309"
                    VPOS="1050"
                    WIDTH="1019"
                    HEIGHT="58"
                    WC="0.9906472906153253"></String>
          </TextLine>
          <TextLine ID="line_18"
                    TAGREFS="LT8"
                    BASELINE="310 1151 1327 1146" 
                    HPOS="309"
                    VPOS="1108"
                    WIDTH="1018"
                    HEIGHT="63">
            <Shape><Polygon POINTS="310 1151 310 1162 469 1171 470 1171 472 1171 496 1162 496 1161 589 1161 598 1161 684 1170 685 1170 755 1161 776 1169 777 1169 778 1169 780 1169 812 1161 831 1167 832 1167 833 1167 835 1167 836 1167 847 1159 848 1159 863 1167 864 1167 866 1167 995 1162 1011 1169 1012 1169 1014 1169 1069 1158 1073 1158 1074 1158 1086 1166 1088 1166 1089 1166 1090 1166 1121 1161 1184 1167 1186 1167 1187 1167 1215 1159 1291 1167 1292 1167 1293 1167 1327 1157 1327 1146 1324 1120 1140 1119 1075 1108 1074 1108 1073 1108 1071 1108 1071 1110 1062 1118 1050 1110 1049 1110 1047 1110 989 1110 988 1110 987 1110 985 1110 969 1122 870 1122 821 1110 820 1110 819 1110 817 1110 817 1111 805 1120 790 1111 789 1111 788 1111 786 1111 785 1111 753 1122 675 1115 673 1115 672 1115 656 1122 593 1111 591 1111 590 1111 560 1123 326 1112 325 1112 324 1112 322 1112 309 1122 310 1151"/></Shape>
	    <String CONTENT="troupe, s’en vint pres de Paris, où le Roy s’en e¬"
                    HPOS="309"
                    VPOS="1108"
                    WIDTH="1018"
                    HEIGHT="63"
                    WC="0.9779576776074428"></String>
          </TextLine>
          <TextLine ID="line_19"
                    TAGREFS="LT8"
                    BASELINE="309 1208 1330 1208" 
                    HPOS="309"
                    VPOS="1169"
                    WIDTH="1021"
                    HEIGHT="59">
            <Shape><Polygon POINTS="309 1208 309 1218 419 1226 420 1226 490 1221 500 1228 501 1228 503 1228 504 1228 582 1220 719 1228 720 1228 722 1228 739 1221 1038 1228 1039 1228 1040 1228 1058 1220 1215 1220 1256 1228 1257 1228 1258 1228 1260 1228 1270 1220 1330 1220 1330 1208 1330 1179 1303 1169 1301 1169 1300 1169 1168 1179 1086 1179 1062 1169 1061 1169 1059 1169 1011 1179 1011 1181 914 1181 913 1179 903 1173 902 1173 901 1173 899 1173 815 1179 812 1179 811 1179 794 1169 793 1169 792 1169 790 1169 789 1169 762 1179 761 1181 524 1181 523 1179 511 1169 509 1169 508 1169 442 1169 441 1169 439 1169 415 1179 414 1179 402 1169 400 1169 399 1169 398 1169 365 1175 320 1169 318 1169 317 1169 316 1169 309 1174 309 1208"/></Shape>
	    <String CONTENT="ſtoit allé, pour entendre encore plus au vray le"
                    HPOS="309"
                    VPOS="1169"
                    WIDTH="1021"
                    HEIGHT="59"
                    WC="0.9883758352727307"></String>
          </TextLine>
          <TextLine ID="line_20"
                    TAGREFS="LT8"
                    BASELINE="309 1268 1328 1263" 
                    HPOS="307"
                    VPOS="1224"
                    WIDTH="1021"
                    HEIGHT="60">
            <Shape><Polygon POINTS="309 1268 309 1279 806 1284 808 1284 809 1284 839 1276 841 1276 850 1283 851 1283 852 1283 854 1283 949 1278 1019 1284 1020 1284 1022 1284 1023 1284 1031 1278 1152 1283 1153 1283 1155 1283 1180 1275 1182 1275 1207 1283 1209 1283 1210 1284 1295 1284 1295 1283 1296 1283 1328 1274 1328 1263 1324 1231 1252 1236 1244 1231 1236 1224 1234 1224 1233 1224 1210 1224 1209 1224 1207 1224 1191 1232 1184 1236 1105 1236 1097 1233 1074 1224 1073 1224 1071 1224 1070 1224 1045 1233 1034 1239 987 1239 980 1235 961 1225 960 1225 958 1225 957 1225 934 1235 928 1239 691 1239 689 1239 672 1231 671 1231 669 1231 668 1231 634 1239 633 1239 632 1239 544 1228 543 1228 511 1235 477 1228 476 1228 474 1228 473 1228 459 1237 439 1228 438 1228 324 1228 322 1228 321 1228 320 1228 320 1229 307 1239 309 1268"/></Shape>
	    <String CONTENT="deſſein de leurs ennemis: mais luy eſtant reſpon¬"
                    HPOS="307"
                    VPOS="1224"
                    WIDTH="1021"
                    HEIGHT="60"
                    WC="0.9963668219897212"></String>
          </TextLine>
          <TextLine ID="line_21"
                    TAGREFS="LT8"
                    BASELINE="309 1326 1328 1322" 
                    HPOS="307"
                    VPOS="1283"
                    WIDTH="1021"
                    HEIGHT="60">
            <Shape><Polygon POINTS="309 1326 309 1337 784 1342 785 1342 786 1342 800 1335 806 1342 808 1342 809 1342 811 1343 964 1343 964 1342 996 1334 1001 1334 1015 1334 1090 1341 1092 1341 1093 1341 1110 1334 1112 1334 1117 1334 1170 1341 1171 1341 1327 1333 1328 1322 1326 1295 1285 1294 1273 1283 1272 1283 1270 1283 1269 1283 1155 1294 1112 1294 1100 1283 1098 1283 1097 1283 1096 1283 1035 1292 1011 1283 1010 1283 1008 1283 1007 1283 985 1295 971 1284 969 1284 968 1284 944 1284 942 1284 941 1284 940 1284 926 1296 796 1296 767 1284 766 1284 765 1284 763 1284 762 1284 747 1296 645 1298 595 1298 579 1286 578 1286 576 1286 551 1286 550 1286 548 1286 547 1286 535 1296 438 1296 402 1286 400 1286 399 1286 360 1294 329 1286 328 1286 326 1286 325 1286 324 1286 307 1295 309 1326"/></Shape>
	    <String CONTENT="du à coups de canon, &amp; couru ſus luy à grand for¬"
                    HPOS="307"
                    VPOS="1283"
                    WIDTH="1021"
                    HEIGHT="60"
                    WC="0.9828140139579773"></String>
          </TextLine>
          <TextLine ID="line_22"
                    TAGREFS="LT8"
                    BASELINE="309 1384 1328 1381" 
                    HPOS="307"
                    VPOS="1343"
                    WIDTH="1021"
                    HEIGHT="53">
            <Shape><Polygon POINTS="309 1384 309 1396 1327 1393 1328 1381 1326 1350 1287 1343 1285 1343 1284 1343 1283 1343 1275 1350 1270 1354 1131 1354 1125 1351 1116 1346 1114 1346 1113 1346 1089 1351 1079 1353 1074 1351 1053 1343 1051 1343 1050 1343 1049 1343 1028 1351 1024 1353 1020 1351 997 1343 996 1343 995 1343 956 1350 926 1343 925 1343 923 1343 922 1343 921 1343 910 1353 909 1354 751 1354 749 1353 738 1345 737 1345 735 1345 689 1345 688 1345 687 1345 669 1354 668 1355 609 1355 607 1354 590 1345 589 1345 547 1345 546 1345 544 1345 543 1345 529 1354 529 1355 307 1355 309 1384"/></Shape>
	    <String CONTENT="ce, apres s’eſtre vaillamment defendu, ſe retira &amp;"
                    HPOS="307"
                    VPOS="1343"
                    WIDTH="1021"
                    HEIGHT="53"
                    WC="0.992105416059494"></String>
          </TextLine>
          <TextLine ID="line_23"
                    TAGREFS="LT8"
                    BASELINE="312 1444 1326 1439" 
                    HPOS="310"
                    VPOS="1401"
                    WIDTH="1016"
                    HEIGHT="67">
            <Shape><Polygon POINTS="312 1444 312 1455 411 1455 412 1455 430 1468 431 1468 433 1468 434 1468 574 1454 583 1454 621 1454 622 1454 638 1467 640 1467 641 1467 642 1467 724 1454 782 1462 784 1462 827 1454 864 1466 866 1466 867 1467 949 1467 949 1466 950 1466 976 1456 1018 1466 1019 1466 1077 1455 1144 1464 1145 1464 1147 1464 1179 1451 1197 1458 1198 1458 1199 1458 1201 1458 1225 1451 1236 1458 1237 1458 1238 1458 1240 1459 1314 1459 1314 1458 1315 1458 1316 1458 1326 1450 1326 1439 1322 1409 1273 1412 1261 1409 1236 1401 1234 1401 1233 1401 1231 1401 1214 1409 1206 1413 755 1415 746 1409 738 1404 737 1404 735 1404 734 1404 680 1409 630 1415 605 1409 595 1408 594 1408 546 1409 458 1413 450 1409 439 1405 438 1405 437 1405 310 1409 312 1444"/></Shape>
	    <String CONTENT="les Huguenots qui l’accompagnoyent, pour leur"
                    HPOS="310"
                    VPOS="1401"
                    WIDTH="1016"
                    HEIGHT="67"
                    WC="0.9785159296459622"></String>
          </TextLine>
          <TextLine ID="line_24"
                    TAGREFS="LT8"
                    BASELINE="309 1501 1327 1501" 
                    HPOS="309"
                    VPOS="1462"
                    WIDTH="1018"
                    HEIGHT="59">
            <Shape><Polygon POINTS="309 1501 309 1511 431 1519 433 1519 466 1513 757 1519 758 1519 759 1519 773 1513 804 1519 805 1519 933 1513 944 1519 945 1519 946 1519 948 1521 1075 1521 1075 1519 1077 1519 1094 1513 1262 1519 1264 1519 1327 1511 1327 1501 1327 1472 1303 1462 1301 1462 1300 1462 1240 1471 1222 1462 1221 1462 1174 1462 1172 1462 1171 1462 1147 1472 1147 1474 1066 1474 1065 1472 1040 1462 1039 1462 1038 1462 1036 1462 1010 1472 1008 1474 879 1474 876 1471 864 1462 863 1462 862 1462 860 1462 859 1462 837 1471 835 1472 831 1471 798 1463 797 1463 796 1463 794 1463 774 1471 763 1463 762 1463 761 1463 759 1463 758 1463 757 1463 747 1471 745 1474 693 1474 684 1471 641 1462 640 1462 594 1471 582 1472 575 1470 558 1464 556 1464 555 1464 554 1464 535 1470 527 1472 523 1470 509 1462 508 1462 507 1462 505 1462 504 1462 484 1470 477 1472 383 1472 376 1470 352 1462 351 1462 349 1462 309 1468 309 1501"/></Shape>
	    <String CONTENT="ſeureté-&amp; conſeruation, dans quelques villes du"
                    HPOS="309"
                    VPOS="1462"
                    WIDTH="1018"
                    HEIGHT="59"
                    WC="0.9966916578511397"></String>
          </TextLine>
          <TextLine ID="line_25"
                    TAGREFS="LT8"
                    BASELINE="312 1561 1328 1557" 
                    HPOS="310"
                    VPOS="1517"
                    WIDTH="1018"
                    HEIGHT="64">
            <Shape><Polygon POINTS="312 1561 312 1572 403 1580 404 1580 406 1580 431 1572 434 1572 556 1572 575 1580 576 1580 578 1581 640 1581 640 1580 641 1580 668 1571 672 1571 706 1571 965 1579 967 1579 1016 1571 1097 1577 1098 1577 1198 1569 1202 1569 1205 1569 1265 1577 1266 1577 1327 1568 1328 1557 1326 1530 1300 1530 1299 1529 1280 1517 1279 1517 1277 1517 1187 1517 1186 1517 1184 1517 1183 1517 1170 1528 1168 1530 1105 1530 1102 1528 1089 1517 1088 1517 1086 1517 1065 1517 1063 1517 1062 1517 1061 1517 1049 1528 1047 1529 985 1532 828 1532 813 1525 797 1518 796 1518 794 1518 793 1518 767 1525 745 1530 735 1523 726 1518 724 1518 723 1518 680 1518 679 1518 677 1518 676 1518 669 1523 664 1529 624 1532 597 1522 586 1519 585 1519 560 1519 559 1519 558 1519 556 1519 554 1522 540 1532 310 1521 312 1561"/></Shape>
	    <String CONTENT="Royaume. Quand les Princes proteſtans d’Alle¬"
                    HPOS="310"
                    VPOS="1517"
                    WIDTH="1018"
                    HEIGHT="64"
                    WC="0.9986866222487556"></String>
          </TextLine>
          <TextLine ID="line_26"
                    TAGREFS="LT8"
                    BASELINE="309 1615 1331 1619" 
                    HPOS="307"
                    VPOS="1579"
                    WIDTH="1024"
                    HEIGHT="57">
            <Shape><Polygon POINTS="309 1615 307 1624 371 1635 372 1635 637 1627 648 1635 648 1636 649 1636 650 1636 652 1636 711 1628 755 1636 757 1636 758 1636 774 1630 836 1636 837 1636 1330 1628 1331 1619 1330 1587 1197 1580 1195 1580 1194 1580 1175 1587 1168 1588 1155 1587 1133 1584 1132 1584 1131 1584 1129 1584 1127 1587 1119 1592 1043 1592 1036 1587 1032 1583 1031 1583 1030 1583 1028 1583 1027 1583 1019 1587 1016 1588 1008 1587 962 1579 961 1579 960 1579 958 1579 949 1587 944 1592 922 1592 910 1587 884 1579 883 1579 815 1579 813 1579 812 1579 811 1579 800 1588 797 1591 770 1591 309 1589 309 1615"/></Shape>
	    <String CONTENT="magne ouyrent ces nouuelles, ſentans toucher à"
                    HPOS="307"
                    VPOS="1579"
                    WIDTH="1024"
                    HEIGHT="57"
                    WC="0.9991230457387072"></String>
          </TextLine>
          <TextLine ID="line_27"
                    TAGREFS="LT8"
                    BASELINE="307 1675 1328 1678" 
                    HPOS="306"
                    VPOS="1636"
                    WIDTH="1022"
                    HEIGHT="61">
            <Shape><Polygon POINTS="307 1675 306 1685 388 1695 390 1695 430 1689 508 1695 509 1695 511 1695 532 1687 568 1687 816 1687 817 1687 823 1693 823 1694 824 1694 825 1694 827 1694 870 1689 871 1689 910 1697 911 1697 999 1689 1010 1689 1188 1689 1197 1690 1229 1697 1230 1697 1327 1690 1328 1678 1327 1644 1205 1638 1203 1638 1202 1638 1188 1644 1180 1638 1179 1638 1178 1638 1176 1638 1175 1638 1174 1638 1166 1644 1162 1648 1112 1648 1105 1644 1093 1638 1092 1638 1090 1638 1089 1638 1065 1644 1058 1646 1051 1644 1024 1638 1023 1638 1022 1638 1020 1638 1019 1638 1010 1644 1004 1648 993 1644 973 1638 972 1638 971 1638 969 1638 968 1638 957 1644 949 1650 875 1650 868 1644 858 1638 856 1638 855 1638 823 1638 821 1638 820 1638 806 1646 801 1648 688 1648 677 1646 630 1636 629 1636 628 1636 626 1636 614 1646 611 1648 465 1648 462 1646 453 1639 451 1639 450 1639 449 1639 447 1639 446 1639 435 1646 431 1647 307 1647 307 1675"/></Shape>
	    <String CONTENT="eux, ce qui touchoit aux François de leur religiõ,"
                    HPOS="306"
                    VPOS="1636"
                    WIDTH="1022"
                    HEIGHT="61"
                    WC="0.9984680219338491"></String>
          </TextLine>
          <TextLine ID="line_28"
                    TAGREFS="LT8"
                    BASELINE="307 1734 1328 1737" 
                    HPOS="306"
                    VPOS="1695"
                    WIDTH="1022"
                    HEIGHT="60">
            <Shape><Polygon POINTS="307 1734 306 1744 488 1752 489 1752 614 1747 617 1747 625 1753 626 1753 628 1753 629 1753 677 1747 681 1747 698 1747 899 1755 901 1755 965 1748 973 1748 980 1748 1049 1755 1050 1755 1092 1749 1100 1748 1105 1749 1129 1755 1131 1755 1132 1755 1133 1755 1147 1749 1151 1748 1155 1749 1175 1755 1176 1755 1178 1755 1327 1749 1328 1737 1327 1708 1197 1698 1195 1698 1145 1706 1144 1706 1129 1697 1128 1697 1127 1697 1045 1697 1043 1697 1042 1697 1023 1706 1023 1708 887 1708 886 1706 862 1697 860 1697 859 1697 858 1697 829 1706 827 1706 781 1706 769 1706 754 1695 753 1695 751 1695 750 1695 564 1705 563 1705 525 1695 524 1695 523 1695 521 1695 520 1695 508 1705 508 1706 473 1706 473 1705 454 1695 453 1695 451 1695 450 1695 433 1705 431 1706 357 1706 356 1705 325 1695 324 1695 322 1695 321 1695 320 1695 307 1702 307 1734"/></Shape>
	    <String CONTENT="&amp; marris de ce qu’õ les traittoit ainſi à la rigueur,"
                    HPOS="306"
                    VPOS="1695"
                    WIDTH="1022"
                    HEIGHT="60"
                    WC="0.9790213313969699"></String>
          </TextLine>
          <TextLine ID="line_29"
                    TAGREFS="LT8"
                    BASELINE="307 1794 1335 1794" 
                    HPOS="307"
                    VPOS="1755"
                    WIDTH="1028"
                    HEIGHT="59">
            <Shape><Polygon POINTS="307 1794 307 1806 392 1806 412 1814 414 1814 415 1814 416 1814 447 1806 449 1806 602 1806 603 1806 628 1814 629 1814 630 1814 755 1806 773 1806 778 1806 811 1812 812 1812 851 1807 858 1806 860 1807 878 1814 879 1814 880 1814 882 1814 897 1807 898 1807 989 1814 991 1814 992 1814 993 1814 1004 1807 1006 1806 1010 1807 1027 1812 1028 1812 1030 1812 1123 1807 1156 1806 1160 1807 1172 1814 1174 1814 1175 1814 1334 1807 1335 1794 1334 1767 1156 1755 1155 1755 1153 1755 1152 1755 1140 1765 1063 1765 1046 1755 1045 1755 1043 1755 960 1755 958 1755 957 1755 915 1765 866 1755 864 1755 863 1755 843 1765 806 1755 805 1755 804 1755 802 1755 772 1765 691 1755 689 1755 688 1755 665 1767 307 1767 307 1794"/></Shape>
	    <String CONTENT="enuoyerent au prince de Condé &amp; aux Hugue¬"
                    HPOS="307"
                    VPOS="1755"
                    WIDTH="1028"
                    HEIGHT="59"
                    WC="0.9904938076817712"></String>
          </TextLine>
          <TextLine ID="line_30"
                    TAGREFS="LT8"
                    BASELINE="306 1853 1331 1853" 
                    HPOS="306"
                    VPOS="1812"
                    WIDTH="1025"
                    HEIGHT="60">
            <Shape><Polygon POINTS="306 1853 306 1865 489 1865 504 1872 505 1872 507 1872 560 1865 601 1872 602 1872 665 1865 793 1872 794 1872 1331 1863 1331 1853 1330 1823 1252 1823 1249 1823 1233 1812 1231 1812 1230 1812 1195 1812 1194 1812 1192 1812 1191 1812 1180 1820 1148 1815 1147 1815 1145 1815 1120 1823 1119 1823 1106 1812 1105 1812 1104 1812 1081 1812 1079 1812 1078 1812 1061 1822 1016 1812 1015 1812 1014 1812 1012 1812 1001 1822 976 1812 975 1812 973 1812 972 1812 971 1812 953 1823 925 1812 923 1812 922 1812 921 1812 891 1823 879 1812 878 1812 876 1812 841 1812 840 1812 839 1812 837 1812 825 1823 824 1825 757 1825 755 1823 727 1812 726 1812 724 1812 723 1812 722 1812 710 1823 637 1823 602 1823 601 1823 571 1812 570 1812 568 1812 567 1812 542 1823 542 1825 468 1825 466 1823 450 1812 449 1812 447 1812 414 1812 412 1812 411 1812 386 1823 386 1825 306 1825 306 1853"/></Shape>
	    <String CONTENT="nots François pour leur aide &amp; defenſe, vn braue"
                    HPOS="306"
                    VPOS="1812"
                    WIDTH="1025"
                    HEIGHT="60"
                    WC="0.9798270415286628"></String>
          </TextLine>
          <TextLine ID="line_31"
                    TAGREFS="LT8"
                    BASELINE="309 1909 1328 1913" 
                    HPOS="307"
                    VPOS="1869"
                    WIDTH="1021"
                    HEIGHT="63">
            <Shape><Polygon POINTS="309 1909 307 1919 356 1929 357 1929 579 1923 633 1921 712 1921 715 1924 722 1929 723 1929 724 1929 726 1929 765 1924 782 1923 788 1925 801 1931 802 1931 804 1931 874 1925 922 1923 929 1927 933 1929 934 1929 936 1929 937 1929 956 1927 983 1923 989 1927 993 1931 995 1931 996 1931 997 1931 1014 1928 1031 1924 1057 1928 1081 1932 1082 1932 1084 1932 1098 1928 1113 1925 1149 1929 1178 1932 1179 1932 1180 1932 1182 1932 1184 1929 1195 1924 1326 1931 1328 1913 1324 1877 1309 1882 1266 1877 1223 1872 1222 1872 1221 1872 1207 1877 1195 1882 1166 1877 1132 1872 1131 1872 1102 1877 1078 1882 1071 1877 1065 1872 1063 1872 1062 1872 1061 1872 1059 1872 1038 1877 1026 1881 1015 1878 999 1872 997 1872 996 1872 995 1872 981 1878 975 1882 919 1882 915 1878 906 1870 905 1870 903 1870 882 1870 880 1870 879 1870 855 1878 845 1881 831 1878 792 1870 790 1870 789 1870 769 1878 762 1881 755 1878 733 1870 731 1870 730 1870 728 1870 727 1870 718 1878 714 1882 649 1882 629 1878 551 1869 550 1869 548 1869 547 1869 535 1880 533 1881 500 1881 494 1880 445 1869 443 1869 442 1869 441 1869 427 1880 426 1881 388 1881 387 1880 365 1869 364 1869 325 1869 324 1869 322 1869 321 1869 309 1877 309 1909"/></Shape>
	    <String CONTENT="&amp; puiſſant ſecours de Reyſtres &amp; Lanſquenets,"
                    HPOS="307"
                    VPOS="1869"
                    WIDTH="1021"
                    HEIGHT="63"
                    WC="0.9995095252990722"></String>
          </TextLine>
          <TextLine ID="line_32"
                    TAGREFS="LT8"
                    BASELINE="306 1967 1328 1970" 
                    HPOS="305"
                    VPOS="1927"
                    WIDTH="1023"
                    HEIGHT="61">
            <Shape><Polygon POINTS="306 1967 305 1978 468 1986 469 1986 802 1982 817 1988 819 1988 820 1988 1327 1980 1328 1970 1327 1941 1222 1940 1197 1928 1195 1928 1194 1928 1192 1928 1160 1940 1159 1940 1158 1940 1136 1928 1135 1928 1100 1928 1098 1928 1097 1928 1096 1928 1081 1939 1079 1940 1078 1939 1053 1928 1051 1928 1050 1928 1049 1928 1028 1939 1026 1940 1023 1939 1000 1928 999 1928 997 1928 996 1928 967 1939 962 1940 958 1939 938 1928 937 1928 936 1928 934 1928 909 1937 902 1941 845 1941 841 1937 831 1929 829 1929 828 1929 827 1929 780 1937 770 1939 767 1937 754 1927 753 1927 751 1927 750 1927 749 1927 724 1937 719 1939 715 1937 689 1927 688 1927 687 1927 685 1927 660 1936 653 1940 626 1940 621 1936 606 1927 605 1927 603 1927 602 1927 601 1927 582 1935 572 1927 571 1927 570 1927 532 1927 531 1927 529 1927 528 1927 517 1936 512 1940 446 1940 439 1935 429 1927 427 1927 426 1927 425 1927 423 1927 399 1935 387 1939 361 1939 356 1935 346 1927 345 1927 344 1927 342 1927 306 1933 306 1967"/></Shape>
	    <String CONTENT="ſous la conduite du duc Iean Caſimir, fils du com"
                    HPOS="305"
                    VPOS="1927"
                    WIDTH="1023"
                    HEIGHT="61"
                    WC="0.9864649699658764"></String>
          </TextLine>
          <TextLine ID="line_33"
                    TAGREFS="LT8"
                    BASELINE="305 2030 1330 2030" 
                    HPOS="305"
                    VPOS="1988"
                    WIDTH="1025"
                    HEIGHT="68">
            <Shape><Polygon POINTS="305 2030 305 2044 368 2044 377 2050 379 2050 380 2050 381 2050 438 2045 451 2052 453 2052 454 2052 455 2052 477 2046 496 2054 497 2054 498 2056 521 2056 521 2054 523 2054 524 2054 537 2044 576 2044 601 2054 602 2054 603 2056 649 2056 649 2054 650 2054 652 2054 669 2044 702 2053 703 2053 704 2053 706 2053 722 2044 733 2052 734 2052 735 2052 737 2052 738 2052 754 2045 841 2054 843 2054 913 2044 975 2054 976 2054 1035 2048 1094 2054 1096 2054 1097 2054 1098 2054 1110 2044 1145 2053 1147 2053 1148 2053 1149 2053 1172 2044 1222 2044 1254 2054 1256 2054 1257 2054 1258 2054 1260 2054 1272 2044 1330 2042 1330 2030 1330 2002 1222 1999 1210 1988 1209 1988 1207 1988 1175 1988 1174 1988 1172 1988 1171 1988 1158 2001 1136 1988 1135 1988 1133 1988 1132 1988 1102 2001 1073 1988 1071 1988 1070 1988 1069 1988 1038 2001 1038 2002 972 2002 972 2001 956 1988 954 1988 953 1988 952 1988 893 2001 891 2001 870 1991 868 1991 867 1991 866 1991 845 2001 831 1988 829 1988 828 1988 827 1988 825 1988 780 2001 759 1988 758 1988 757 1988 733 1988 731 1988 730 1988 728 1988 715 2001 714 2001 692 2001 624 1999 611 1988 610 1988 609 1988 607 1988 606 1988 581 2001 579 2002 521 2002 520 2001 492 1988 490 1988 489 1988 488 1988 461 1999 445 1988 443 1988 442 1988 375 1988 373 1988 372 1988 371 1988 356 2001 340 1990 338 1990 337 1990 336 1990 334 1990 305 1999 305 2030"/></Shape>
	    <String CONTENT="te Palatin. Apres l’arriuee duquel, la Royne"
                    HPOS="305"
                    VPOS="1988"
                    WIDTH="1025"
                    HEIGHT="68"
                    WC="0.9920655353502794"></String>
          </TextLine>
        </TextBlock>
        <TextBlock HPOS="1177.0"
                   VPOS="2064.0"
                   WIDTH="174.0"
                   HEIGHT="34.0"
                   ID="eSc_textblock_6c6e3d41"
                   TAGREFS="BT17">
          <Shape><Polygon POINTS="1349 2098 1351 2064 1177 2064 1177 2098"/></Shape>
          <TextLine ID="line_34"
                    TAGREFS="LT8"
                    BASELINE="1183 2093 1316 2091" 
                    HPOS="1182"
                    VPOS="2054"
                    WIDTH="134"
                    HEIGHT="58">
            <Shape><Polygon POINTS="1183 2093 1183 2100 1315 2112 1316 2091 1314 2061 1201 2054 1199 2054 1198 2054 1182 2061 1183 2093"/></Shape>
	    <String CONTENT="mere"
                    HPOS="1182"
                    VPOS="2054"
                    WIDTH="134"
                    HEIGHT="58"
                    WC="0.9998046904802322"></String>
          </TextLine>
        </TextBlock>
        <TextBlock HPOS="863.0"
                   VPOS="2279.0"
                   WIDTH="345.0"
                   HEIGHT="108.0"
                   ID="eSc_textblock_bf433a10"
                   TAGREFS="BT9">
          <Shape><Polygon POINTS="863 2279 863 2377 1208 2387 1204 2279"/></Shape>
        </TextBlock>
      </PrintSpace>
    </Page>
  </Layout>
</alto>
