1490 2432
266 85 101 56 104

262 148 1030 64 eſcartez, l’vn en Languedoc, l’autre à l’iſle-Adam,

263 206 1036 57 l'autre çà, l’autre là,: l’on a beau faite ſemblant de

263 266 1037 62 n’auoir ſouci que de la chaſſe & de la vollerie: les

265 328 1037 63 voyages qu’il a faits en cour, ny tout le viſage qu’il

266 390 1033 59 y reçoit y eſtant, ne le garantiront non plus que

262 443 1040 55 l'Amiral: & s’il ſe ſouuient de l’aduis qu’il donna

260 506 1043 60 au comte d’Aiguemont allant en Eſpagne, & de

256 559 1044 65 la faute qu’il fit à ne le croire, il ne s’y fiera. L’au¬

258 625 1041 60 tre a beau s’employer à ce qu’on luy commande,

255 680 1048 53 & les autres ont beau contrefaire les fats & les mi

255 739 1048 62 touards: le Roy ne croira iamais qu’ils puiſſent

255 795 1045 65 oublier l’iniure qui a eſté faite à leur maiſon: ſon

254 853 1045 65 conſeil eſt trop fin & ruſé, pour ſe laiſſer perſua¬

256 916 530 62 der vne ſi grande aſnerie.

521 79 567 54 DIALOGVE I.

313 972 987 62 La maiſon de Guyſe, maintenãt qu’elle ſe voit

259 1033 1037 62 depeſtree de ceux qui s’oppoſoyent à ſa grãdeur,

255 1088 1045 65 & leſquels ſeuls pouuoyent empeſcher ſes deſ¬

256 1151 1044 60 ſeins, n’ayant plus que ceux-cy de Montmoren¬

254 1209 1044 62 cy à tuer, pour pouuoir dire, Tout le reſte m’ai¬

252 1267 1050 59 me: à voſtre aduis s’elle ſe ſçaura bien venger des

254 1326 1048 61 traicts, que la maiſon de Montmorẽcy luy a faits:

254 1386 1046 58 de ce beau liure des marchands de Paris, que le

252 1441 1043 56 ma reſchal de Mont morency fit faire à la Planche

254 1503 1049 60 contte leur maiſon: de la peur & honte qu’il fit re

250 1561 1052 52 ceuoir au cardinal de Lorraine à ſon entree dans

251 1617 1048 65 Paris, dont la chanſon de fy-fy a prins ſon origi¬

251 1679 1056 63 ne. Et ie m’aſſeure s’il ne gaigne le deuant, qu’il

248 1738 775 53 ſera accommodé comme les autres.

320 1795 979 62 Au reſte, à quoy tient-il que ceux de Lorraine

254 1852 1046 61 (qu’on ſcait bien eſtre de ſcendus de Charlema¬

255 1915 1044 58 gne, & priuez de la couronne de France) ne la re¬

254 1975 1044 59 couurent mamtenant? Il ne tient ia qu’à vne ha¬

1156 2018 136 64 bileté
