1462 2445
308 154 1022 63 tizans, ayans pour ce, fait faire vn voyage au

309 213 1021 61 Roy tout à l’entour de ſon Royaume, apres auoir

309 271 1019 63 pratiqué (ſous couleur de vouloir voir la Royne

307 326 1023 63 d’Eſpagne ſa fille) vn parlement auec le duc d’Al

309 388 1021 54 be à Bayonne, où elle fut auec le Roy: où auſsi la

307 444 1019 65 royne d’Eſpagne & le duc d’Albe ſe trouuerent,

307 505 1020 57 non ſans eſtroite conference, & ferme reſolution

307 565 1019 65 de quelque choſe d’importance, que ie ne vous

308 624 304 60 puis deelarer.

308 86 60 55 18

548 89 559 52 DIALOGVEI.

305 679 1022 61 Ali. Si fay bien moy : ie ſuis contente de le vous

302 738 1022 59 dire. La Royne mere comme perſonne curieuſe,

298 795 1028 66 ayant interrogué Noſtradamus (qui ſe meſloit de

308 857 1020 62 predire les choſes futures) de ce qui aduiendroit

298 916 1028 62 à ſes enfans: & ayant ouy qu’elle les verroit tous

301 973 1023 64 trois Rois, croyant par trop à ſes paroles, & dou¬

301 1030 1023 58 tant s’ainſi aduenoit qu’elle ne fuſt rẽuoyee à Flo

297 1093 1027 58 rence, pour voir ſes parens & amis, & ne ſachant

301 1151 1021 60 quel parti prendre (tout ainſi qu’elle voyoit la

297 1208 1022 64 'fotce des eſtats pieçà ſupprimee & la loy Salique,

304 1268 1018 60 touchant le gouuernement, qui eſtoit tombé en

301 1324 1021 66 quenouille, violee) penſant que pour la ſucceſsiõ

302 1384 1018 61 du Royaume elle en pourroit bien faire autant:

302 1439 1017 67 promit & iura au duc d’Albe, de faire tomber la

300 1496 1017 62 couronne de France, ſur la teſte de ſa fille aiſnee,

301 1559 1021 64 & par conſequent du roy d’Eſpagne, pour ſe le

300 1619 1020 61 rendre bon patron & garant, au cas que ſes en¬

297 1672 1022 66 fans mouruſſent: Mais le duc d’Albe ne la pou¬

298 1737 1024 61 uant legerement croire, voulut pour confirma¬

298 1793 1022 62 tion de ce faict, que la Royne mere luy promiſt

297 1850 1022 62 cependant, de rompre & caſſer l’Edict de pacifi¬

297 1909 1023 63 cation, & d’oſter aux Huguenots tout ce qu’ils a¬

298 1969 1021 56 uoyent de liberté de conſcience, & d’exercice de

1110 2029 199 66 religion,
