1497 2438
294 91 74 75 96

293 170 1034 62 fiance aux Huguenots, ſeroit vne confirmation

292 239 1030 53 de paix entre nous: quand ce mal-heureux coup

293 289 1033 61 d’arquebouſe (qui fut tiré à l’Amiral, le meſme

291 349 1036 55 iour,comme ie croy, de l’Edict de la pacification

291 410 1035 55 derniere, à ſcauoir le 22.iour d’Aouſt, & par ainſi

291 468 1031 56 le dernier iour des deux ans de retraicte aſſeuree)

291 528 1027 59 me fit penſer & à beaucoup de mes amis auſsi,

291 586 1029 56 qu’il y auoit dés long temps de la menee ſecrete

288 647 1028 60 cõtre luy & les autres Huguenots, & que ce coup

288 707 1012 62 traineroit apres ſoy quelque dangereuſe queue.

288 763 1032 59 Ainſi comme ie le penſoy' il aduint: non ras ain¬

285 819 1034 65 ſi, Ia Dieu ne plaiſe que i’euſſe iamais penſé, qu’ũ

284 877 1035 64 ſi meſchant œuf deuſt eſtre ponnu, couué, & eſ¬

285 939 1031 61 clos, en la France! Mais tant y a que ie me doutay

287 1000 1028 60 bien quand & quand, que les choſes eſtoyent pre

287 1059 1028 62 parecs à quelque grand & inſigne malheur: tu l’as

283 1121 1031 54 ouy reciter, ſinon du tout, au moins en partie. Ie

281 1175 1031 53 te laiſſe à penſer maintenant qui eſt l’homme de

281 1233 1031 56 bien, qui vouluſt habiter tant ſoit peu en France.

284 1297 1028 60 Quant à moy, & beaucoup de mes amis (bons

281 1354 1030 60 Catholiques François ie t’en aſſeure) voyans la

276 1411 1035 61 deſloyauté & bizatrerie du Roy (puis qu’il faut

277 1468 1033 61 que ie le die) enſemble de ſon conſeil, compoſé

275 1526 1032 57 d’vne femme Italiene Florentine, de la maiſon de

273 1586 1032 65 Medicis, de penſionaires du roy d’Eſpagne, de pẽ

270 1648 1037 61 ſionaires & creatures du Pape, d’Italiens, de Lor¬

269 1707 1035 53 rains, & non d’autres, & le mal ſans remede: crai¬

269 1766 1036 61 gnãs que demain ou l’autre il ne nous en euſt fait

268 1824 1029 62 autant qu’aux Huguenots, ſi dauenture il en ve¬

266 1882 1030 57 noit enuie au Roy, ou à ſes premniers conſeillers

266 1944 1044 60 qui nous en veulent, comme à ceux qui ce gnoiſ¬

265 1999 1036 67 ſent leurs deſſeins & mences, & portent quelque

545 105 548 52 DIACOGVEI.

1097 2058 200 57 affection
