1448 2426
308 80 33 56 6

276 159 1030 66 de Condé. A donc la Royne regnante s’agenouil¬

275 222 1030 63 lant deuant luy, le ſupplia qu’il ne fiſt point vne

273 277 1033 62 choſe de ſi grande conſequence, ſans l’auis de ſon

275 339 1026 58 conſeil. Le Roy aucunement vaincu des prieres

276 397 1033 58 de ſa femme, ſouppa & dormit auec elle: Le ma¬

276 454 1026 63 tin venu (ce feu luy eſtant vn peu paſſé) il fit ve¬

275 514 1031 61 mir le prince de Condé, auquel il propoſa trois

276 574 1035 59 choſes, la meſſe, la mort, ou priſon perpetuelle: &

277 632 1032 63 qu’il aduiſaſt laquelle des trois luy agreeroit le

277 688 1030 68 plus. Le prince de Condé reſpõdant luy dit, Que

277 750 1029 58 moyenãt la grace de Dieu, il ne choiſiroit iamais

275 805 1030 56 la premiere: les deux dernieres, il les laiſſoit (a¬

279 865 976 64 pres Dieu) à l’arbitrage & diſpoſition du Roy.

527 80 534 65 DIALOGVE I.

339 925 970 64 Vray eſt qu’ayant entendu qu’on luy preparoit

276 983 1029 54 vne chambre à la Baſtille (ou lon a a ccouſtumé

277 1043 1042 60 d’empriſonner les Princes) i’ay ouy dire, que ce

276 1101 1033 64 ieune prince de Condé, a changé du depuis d’a¬

279 1160 91 51 uis.

330 1217 977 62 Peu de lours apres, on a imprimé auec priuile

273 1274 1038 67 ge du Roy, certains liures mordans & pleins d’in

275 1335 1036 59 iures, contre l’Amiral : eſquels nommément eſt

275 1390 1028 65 diſputé & maintenu, qu’il a eſté loiſible au Roy

273 1451 1029 62 de traiter ainſi ſes ſuiets, pour la religion violee,

272 1510 1035 61 ne plus ne moins que furent chaſtiez les ſacrifica¬

273 1570 1033 52 teurs de Baal. Mais de la coniuration de l'Ami¬

273 1644 1032 44 ral, point de nouuelles, ces liures n’en dient rien

273 1687 1030 62 de particulier: & les cõſeillers & courtiſans à qui

273 1753 1023 54 i’en ay parlé auant mon depart (entre autres meſ¬

272 1801 1033 65 ſieurs de Foix, & de Mal-aſsiſe) s’en moquent: di¬

269 1865 1036 62 ſans par leur foy, que ç’a eſté vne galante couuer¬

270 1920 1036 63 ture: recognoiſſant le faict ſi barbare & diaboli¬

272 1983 1034 65 quement cruel, qu’on ne luy peut donner autre ti¬

1222 2054 84 41 tre
