1455 2462
301 110 61 65 46

286 186 1011 75 ſpagne: mais, pour reuenir à mon diſcours, les

284 258 1013 56 nopces (pour le faire court) du roy de Nauarre.

283 309 1014 63 & de Marguerite ſœur du Roy, ſe celebrerent en

283 369 1015 61 treſgrande pompe, le lundi dixhuictieme iour du

284 428 1012 60 mois d’Aouſt dernier paſſé:les Princes, Comtes,

280 486 1018 62 Barons, & autres ſeigneurs, & gentils hommes de

277 547 1016 63 marque Huguenots, y aſsiſtoyent preſque tous,

279 607 1019 57 dont aucuns y auoyent amené leurs femmes & en

277 664 1020 62 fans: Et pouuoyent eſtre en tout,enuiron mille gẽ

281 722 303 52 tils-hommes.

488 124 557 45 DIAEvvI.

329 779 968 58 Le mardi, mecredi, & ieudi ſuyuans, furent em

279 841 1019 61 ployez en toutes ſortes de ieux & paſſe-temps à

273 894 1025 66 rechange, eſquels l’Amiral ſouuent aſsiſtoit, ayãt

272 951 791 65 le bon viſage du Roy à l’accouſtumé.

333 1014 963 62 Le mecredi, l'Amiral voulãt entretenir le Roy

269 1070 1024 67 de quelques affaires de grande importãce, le Roy

269 1135 1025 61 en riant, le pria de luy donner quatre iours pour

268 1188 1029 70 s’eſgayer & esbatre, promettãt à foy de Roy, qu’il

268 1250 1028 61 ne bougeroit de Paris, qu’il ne l’euſt rendu con¬

268 1308 895 62 tent, & tous ceux qui auoyent affaire à luy:

313 1365 977 60 Peu de iours auparauant, outre les auertiſſe¬

264 1421 1032 56 mens ſuſdicts, l'Amiral auoit eſté aduerti de cer¬

268 1482 1025 62 tain homicide, fait pat des Catholiques ſeditieux

266 1542 1024 63 de Troye, ſur certains Huguenots reuenãs de leur

268 1597 194 71 preſche.

318 1657 975 66 Que ceux de Rouen, & d’Orleans menaçoyent

262 1715 1031 65 les preſches de prendre fin, les deux ans apres la

261 1772 624 69 pacification derniere, paſſez.

309 1836 985 65 Et parmi les geutils-hommes courtizans, on

257 1891 1036 58 ſentoit ſouuent murmurer entre leurs dents, que

255 1946 1041 61 dãs la fin du mois d’Aouſt, on interdiroit les preſ

260 2010 1034 69 ches aux Huguenots, meſmes que pluſieurs gen¬

1008 2072 282 53 tilshommes
