1481 2426
284 98 45 63 16

279 149 1032 74 adheré à ceux de Lorraine, la guerre ne fuſt point

279 212 1026 77 nee, ny ſortie ſi auant, ne ſi aſprement qu’elle fit

281 274 1027 76 depuis: mais ie ſuis certain que la Royne mere

291 328 1020 83 (qui auoit faict tomber le gouuernement du Roy

283 386 1033 78 & du Royaume entre ſes mains) ſe doutant, ſi les

284 444 1032 80 Princes & les grans du Royaume eſtoyẽt vne fois

284 502 1035 84 bien d’accord, qu’elle en ſeroit deſarçonnee; vſa

285 560 1032 85 de ſe moyen de deſunion, preſtant ſa conſcience

287 619 1032 85 & authorité aux deux partis, pour les tenir en dif¬

291 679 1029 83 corde, les affoiblir par leurs mains propres, & ſe

292 739 1031 81 conſeruer par ceſt artifice apres les coups ruez au

295 812 628 69 gouuernement du Royaume.

555 95 501 57 DLALOGVE.

296 862 1031 81 L’hiſt. Ie le croy: mais tant y a, que la guerre print

300 913 1027 77 vn tel traict, les vns & les autres ayans tantoſt du

302 975 1025 78 du bon, tantoſt du mauuais: que finalemẽt apres

304 1031 1021 86 pluſieurs prinſes, & pertes de villes de tous les

304 1089 1024 86 deux coſtez, le prince de Cõdé fut fait priſonnier,

304 1165 1024 65 en vne bataille qui luy fut liuree pres de Dreux:

307 1204 1024 89 le Conneſtable de l’autre coſté y fut auſsi prins

310 1262 1023 89 par les Huguenots, le mareſchal ſainct André

311 1328 1021 81 tué, & peu apres le roy de Nauarre deuãt Rouen,

311 1380 1024 82 & le duc de Guyſe deuant Orleans, dont s’enſuy-

312 1443 1027 88 uit la paix tant deſiree par les Huguenots, que la

314 1498 1022 81 neceſsité de ſe defendre, comme i’ay dit,auoit ar¬

314 1556 1028 90 mez:auſquels de nouueau par Edict ſolennel, fait

315 1617 1024 89 par le Roy, ſa mere, & ſon conſeil, ſur la pacifica

315 1677 1029 85 tion de ces troubles, au mois de Mars, 1562. fut

311 1733 1031 85 accordee liberté de conſcience, & exercice de

316 1791 1023 86 leur religion dans les villes où pour lors ils fai¬

318 1851 1029 91 ſoyent preſcher, & en beaucoup d’autres lieux du

322 1919 1025 83 Royaume. Tout ce qu’ils auoyẽt fait en ces guer¬

323 1967 1029 95 res fut declaré auoir eſté fait pour le ſeruice du

1223 2027 125 70 Roy,
