1437 2411
261 75 75 64 82

260 152 1037 67 Le pol. Elle l’a eſchappé belle ceſte poure Rochel

260 214 1034 60 le: Car ſi tu ne le ſcais, ie t’oſe dire pour certain,

262 273 1038 60 que l’armee de mer de Stroſſy, & du Baron de la

262 332 1038 61 garde, qui eſtoit en Brouage pres de la Rochelle

258 393 1039 61 il y auoit plus de quatre mois, pour attendre (ce

258 448 1038 63 diſoyent-ils en ſecret) la flotte dEſpagne, & la cõ

258 506 1032 61 batre (comme auſsi l’Amiral le penſoit) & de là,

257 565 1036 63 ſingler à Fleſsinghe, ne taſchoit qu’à ſurprendre

260 625 1034 60 la Rochelle à poinct nõmé: & plus de deux mois

257 685 1040 58 auant la tuerie de Paris, la Royne mere auoit en¬

258 743 1031 60 uoyé à Stroſſy vne letre eſcrite de ſa main propre,

258 803 1035 52 bien cachetee, luy deffendant par vne autre letre

260 862 1030 59 qu’il receut la premiere, de ne point ouurir ce¬

257 918 1035 61 ſte-la, iuſques au 24. iour d’Aouſt: Or les mots

260 979 1034 60 de la letre que Stroſſy ouurit le 24. d’Aouſt, e¬

260 1039 186 62 ſtoyent,

532 82 543 60 DIALOGVE I.

304 1088 984 69 STROSS Y, ie vous auertis que ce iourdhuy

257 1153 1033 56 24. d’Aouſt, l'Amiral, & tous les Huguenots qui

257 1213 1033 60 eſtoyent lcy auec luy, ont eſté tuez. Partant auiſez

257 1269 1032 58 diligemment à vous rendre maiſtre de la Rochel

256 1330 1033 61 le: & faites aux Huguenots qui vous tomberont

254 1389 1028 61 entre les mains, le meſme que nous auons fait à

254 1443 1030 66 ceux-cy. Gardez vous bien d’y faire faute, d’au¬

254 1504 1028 67 tant que craignez de deſplaire au Roy, Monſieur

256 1561 1028 67 mon fils, & à moy. Et au deſſous, CATHE¬

258 1619 205 66 RINE.

309 1676 936 70 Ie te laiſſe à penſer,ſi Dieu les a bien gardez.

254 1739 1026 63 L'hiſt. I'auoy' bien touſiours creu, que l’armee de

253 1798 1028 63 Stroſſy n’eſtoit pas pres de la Rochelle pour ne¬

250 1857 1028 65 ant: & que les ſoldats qui eſtoyent à l’entour par

254 1919 1024 60 mer & par terre, mangeans, forçans, & pillans le

252 1975 1026 86 bon homme, ne taſchoyent qu'à ſe rendre plus

1154 2035 123 55 forts
