1413 2405
157 158 1030 67 & deſordre les proces, que la plume, le papier, &

159 220 1025 61 l'ordre de iuſtice, n’auoyent iuſqu’a lors ſceu vui

160 280 1025 60 der: De ſorte, que les chetifs, accuſez de conſpira

159 338 1025 56 tion & d’entrepriſe, tous nuds, mal-auiſez, demi

159 402 1025 49 dormans, deſarmez, & entre les mains de leurs

156 454 1025 67 ennemis, par ſimplicité, ſans loiſir de reſpirer, fu¬

155 514 1026 63 rent tuez qui dans leurs licts, qui ſur les toicts des

155 573 1025 62 maiſons, & qui en autres lieux, ſelon qu’ils ſe laiſ¬

155 635 340 58 ſoyent trouuer.

376 98 570 51 DIALOGVE I.

217 688 960 64 Le comte de la Roche-foucaut, qui iuſques a¬

155 749 1024 62 pres onze heures de la nuict du ſamedi, auoit de¬

151 808 1029 64 uiſé, ris, & plaiſanté auec le Roy, ayant à peine cõ

148 865 1033 64 mencé ſon premier ſomne, ſut reſueillé par ſix

149 928 1035 62 inaſques, & armez, qui entrerent dans ſa cham¬

149 986 1028 62 bre: entre leſquels cuidant le Roy eſtre, qui vinſt

151 1044 1028 62 pour le fouëtter à ieu:il prioit qu’õ le traitaſt dou

144 1104 1032 63 cement, quand apres luy auoir ouuert & ſaccagé

145 1163 1032 59 ſes coffres, vn de ces maſques (valet de chambre

145 1221 1032 63 du duc d’Aniou) le tua, par le commandement

145 1277 340 55 de ſon maiſtre.

1132 108 54 46 19

145 1398 1034 63 eſtoit l’vn des maſquez, auoit eu commande¬

147 1456 1028 60 ment du Roy de l’aller tuer auee promeſſe d’a¬

147 1517 1029 63 uoir la compagnie de gendarmes du comte de la

144 1575 1032 63 Roche-foucaut, ny eſtant autrement voulu aller

144 1635 1027 64 qu’à celle condition. Et quoy que le valet, com¬

141 1694 1034 61 me on m’a dit, l'ait anticipé à tuer, ſi n’a-il pas

144 1775 1031 42 pontanc moins co la compagnie du coite incos

141 1817 90 58 try.

237 1866 939 66 Teligny fut veu de pluſieurs courtiſans, &

143 1930 1032 66 quoy qu’ils euſſent charge de le tuer, ils n’eurent
