1472 2419
267 104 69 62 44

254 172 1028 63 ceſſes, comme ils le pouuoyent deſirer en appa¬

256 239 149 44 rence.

303 311 980 42 Quelques lours ie panerent en lentes d'Dan¬

254 348 1028 61 quets, attendant le iour des nopces, que lon dilay

254 404 1032 60 oit pour diuers reſpects d’vn iour à l’autre: entre

254 464 1031 62 autres, pource que le cafdinal de Bourbon, qui de

256 524 1031 61 uoit receuoir les promeſſes du mariage, n’y oſoit

254 580 1032 66 toucher ſans diſpenſe du Pape, qu’il luy auoit en¬

254 639 1033 63 uoyé demander: laquelle apres eſtre venue, & à

254 698 1033 65 ſongré n’eſtant aſſez amp le pour ſa conſcience, il

252 759 1034 59 fallut renuoyer à Rome, pour en auoir vne à ſa

252 814 1035 58 fantaſie: Et ſur ce, le Roy faiſant ſemblant de ſe

252 873 1038 63 faſcher de tant de remiſes, blaſphemant & deſpi¬

252 935 1035 62 tant,iura, qu’il vouloit que le mariage ſe conſom

254 994 1029 60 maſt ſans plus tarder: que ſi le cardinal de Bour¬

254 1049 1028 58 bon ne les vouloit eſpouſer,il les meneroit luy¬

254 1111 1032 63 meſme à vn preſche des Huguenots, pour les y fai

252 1169 1033 64 re eſpouſer à vn miniſtre: Et que par la mort¬

252 1228 1033 64 Dieu il ne vouloit pas que ſa margot (car ainſi ap

255 1284 1027 67 pelloit-il ſa ſœur) fuſt plus long temps en ceſte

254 1349 219 62 langueur.

486 106 550 51 DIAEOSVE I.

252 1401 1023 65 Ali. La bonne dame n’auoit garde d’auoir ſi long

252 1463 1039 60 temps attendu: Monſieur ſon frere ſcauoit bien

252 1522 600 67 qu’il auoit eu ſon pucellage.

251 1576 1044 68 L'hiſt. Ie ne ſcauois pas cela: Mais i’auois bien

250 1638 1035 67 ouy dire qu’elle eſtoit preſte d’accoucher dés lors

251 1697 613 66 que la Royne fut à Xainctes.

250 1752 1049 68 Ali. Il eſt ainſi ie t’aſſeure. Et tu vois que ces be¬

251 1814 1047 67 aux Princes ne font maintenant que le cerf de de¬

252 1885 1030 55 puceller leurs parentes. Regarde moy vn roy d’E

250 1931 1036 68 ſpagne, & vn Archeduc Ferdinand, chaſcun d’eux

248 1990 398 68 n’a-il pas ſa niece?

1114 2041 169 63 L’hiſt.
