1409 2422
113 143 1036 68 moin à ta verité eternelle: afin qu’apres l’eſtonne

115 208 1036 57 ment, eſtans par toy releuez & ſouitenus, ils ſer¬

113 267 1038 61 uent plus ardemment à ta gloire, qu’ils n’ont fait

115 326 1034 64 par cy deuant. Que ſi c’eſt malicieuſement con¬

114 383 1037 62 tre ta verité cognue qu’ils ſe bandent, s’obſtinans

113 444 1033 56 à leur eſcient à te faire outrage, mon Dieu, fay les

115 500 1030 62 ſemblables à la rouë, & au tourbillon: pourſuy:

114 565 1037 57 les par terreur & eſpouuantement: remp li leurs

113 618 1034 58 faces de meſpris, & darde ſur eux ta cholere: fay

115 678 1034 64 pleuuoir charbons ſur leur teſte, feu, ſoulphre &

118 738 1031 61 vent de tempeſte ſoit la portion de leur hanap, a¬

115 800 1035 62 fin que toute la terre cognoiſſe, que tu es noſtre

117 857 379 52 Dieu & Sauueur.

310 84 551 47 DIALOGVE I.

169 916 978 59 Et nous alors ton vray peuple & tes hommes,

166 975 823 59 Et qui troupeau de ta paſture ſommes,

177 1032 880 53 Te chanterons par ſiecles innombrables-

168 1089 893 61 De fils en fils preſchans tes fairs louables.

1090 90 54 71 93

114 1149 1039 63 Ali. Ie m’eſmerueille grandement, ſeigneur poli¬

114 1211 1041 57 tic François, conſiderant le piteux eſtat de la Frã

111 1271 1042 58 ce (ſi tu as ta patrie en quelque recommandatiõ)

115 1329 1038 58 maintenant qu’elle a plus de beſoin de ſes vrais

114 1389 1036 58 amis & bons conſeillers qu’elle n’eut oncques,

117 1447 1038 60 comme c’eſt que tu as eu le courage de l’abandõ¬

113 1504 1041 63 ner : au lieu de t’employer à guairir ſa playe, à la

118 1563 954 63 penſer, de la freneſie & de la rage qui la mene.

115 1626 1045 58 Le pol. Ie n’en ſuis parti qu’en pleurant, auec vn

114 1683 1040 62 regret incredible, preuoyant la prochaine & in¬

115 1743 1038 57 euitàble ruine, où va tomber ce poure Royaume.

119 1797 1039 63 pour l’extrene conſuſion où il eſt: laquelle i’oſe

117 1859 1040 61 aſſeurer eſtre irremediable, au iugement de tous

119 1917 1031 62 bons eſprits: car (ie me tay de la religion des Hu¬

122 1979 1031 64 guenots en laquelle ie n’oy iamais peu mordre,
