1414 2411
131 179 996 83 ſees & preſentes des François: i'ay

132 266 1009 75 bien voulu pour teſmoigner ceſte

132 352 1008 72 mienne affection enuers vos deux

130 443 1013 68 nations, n’ayant pour miaintenant

132 519 1007 74 rien en main de plus couenable au

131 605 1010 75 temps qui court, le vous offrir &

135 692 1006 72 conſacrer, comme aux plus gros &

134 768 1005 77 plus notables creanciers de tous les

134 857 331 73 François.

476 94 296 66 EPISTRE

160 924 986 100 Que ſi quelcun de prime face

134 1020 1013 79 trouue ce preſent-cy faſcheux, &

130 1098 1006 83 l’accuſe de ce qu’il reueille les eſ¬

132 1187 1016 86 prits de trop de gens:Le pouuoir &

132 1271 1019 79 force indomptable de la treſpure

138 1352 1011 83 verité, à laquelle plus ie m’arreſte

135 1438 1018 78 qu’à l’opinion d’vn tel Cenſeur, me

134 1526 1021 78 ſeruira en ceſt endroit de plege &

135 1612 1020 73 de bon garent, m’ayant contrainct

138 1693 1017 79 de l’oppoſer aux flatteurs, menteurs

135 1773 1025 76 effrontez, en vn Latin auſſi facile

138 1863 1024 80 come eſt le ſangage Fraçois, auquel

140 1940 1016 81 i’eſcris le meſme liure à la grande

855 2039 168 73 a. iiij.
