1430 2412
121 127 1035 72 priſes de l’Antechriſt & ſes ſuppoſts: & ſe reſſen¬

119 209 1041 48 tir autrement que par le paſſé, des outrages faits à

117 250 1042 68 leurs freres à l’occaſion de la religion, quelque au

117 313 1042 64 tre pretexte qu’on y puiſſe auoir donné, Reco¬

120 371 1040 64 gnoiſſans (auec vſage relatif) que Dieu ne les a

119 432 1045 59 couronnez, ny conſtituez ſur les autres & (qui plus

119 489 1037 61 eſt) receus en ſon Egliſe pour leurs beaux yeux,

117 549 1040 63 ny pour les entretenir oiſeux, gras & en bõ point:

124 608 1036 62 mais pour ſeruir à ſa gloire, & au ſoulagement de

117 664 1044 63 leurs freres (ie ne dy pas ſelon la chair) Ne dou¬

117 724 1046 62 tans nullement que Dieu ne beniſſe, fortifie, & rẽ

119 782 1044 63 de ſtable, la ligue qui aura vn tel fondement: & en

117 842 1046 61 ceſte aſſeurance, employent leurs forces & moy¬

119 903 1046 59 ens à maintenir l’Euãgile & tous ceux qui en font

124 958 1041 65 profeſs ion, contre la rage de Satan & les ſiens: &

119 1021 1044 59 ſans tarder ny perdre temps, conſiderans les lan¬

119 1080 1044 60 gueurs & miſeres extremes dont ſont pourſuyuis

119 1137 1044 62 ceux qui ſont ſous la tyrannie de l’Antechriſt &

117 1195 1047 63 ſes enfans. Et s’il y en a de ſi aueuglez par l’enſor¬

121 1255 1044 55 cellement du monde, qui ne vueillent entendre à

121 1313 1044 61 ceſte ligue, Ie leur annõce au nom de Dieu, qu’ils

123 1373 1042 60 ne ſçauroyent par leurs ſubterſuges charnels &

125 1432 1042 54 prudences mondaines, euiter vn aſpre & horrible

117 1491 1050 55 ſentiment des iugemens de Dieu (lequel n’a rien

125 1551 1040 61 de cõmun auec la chair & le ſang, &ne veut point

120 1612 1045 58 que ceux qui mettent la main à la charrue regar¬

127 1668 1045 52 dent derriere eux) & moins auec leurs ſubtilitez

127 1725 1044 61 & aſtuces aux affaires d’eſtat, euiter ce que leur

132 1783 1039 64 braſſe la ligue contraire, de laquelle ils ne peuuẽt

132 1845 1038 60 ignorer le but, & la haine conceué contr’eux: &en

135 1902 1036 65 fin, fuyr qu’ils ne comparoiſſent deuant le grand

140 1959 1025 65 Iuge, deuant lequel les maximes de Machiauelli,

322 72 575 49 DIRLOGVE I.

1082 85 77 39 141
