1429 2424
291 92 994 69 DOVBLE D'VNE LETRE MIS¬

351 149 853 87 ſiue eſcrite au Duc de Guiſe par vn gen¬

452 226 663 68 til homme, duquel on n’a peu

610 296 346 64 ſcauoir le nom.

433 449 859 72 onſeigneur, m’estant de bon heur tom¬

444 517 853 66 bee entre les mains vne coptt eſcrite à

434 581 859 71 main, intitulee le Reueille-matin des

284 655 1013 76 François, en forme de Dialogue, & ayant bien

282 728 1013 73 conſideré à part moy, les deuis & propos, que

282 789 1017 78 Euſebe Philadelphe, qui s’en dit l’autheur, fait

282 864 1019 69 tenir aux interlocuteurs: Il m’a ſemblé que ie

282 937 1017 70 ne pouuois faire de moins, pour mon deuoir, que

284 1001 1014 72 de vous l’enuoyer par ce gentilhomme preſent

285 1067 1013 80 porteur: & vous dire la deſſus, ce que ie penſe e¬

282 1137 1015 75 ſtre ex pedient pour la grandeur de voſtre mai¬

284 1203 1015 77 ſon, & le bien de voſtre ſeruice. Ie ne doute

285 1276 1016 74 point Monſeigneur, que quelque Huguenot de¬

296 1343 999 77 ſpité pour les maſſacres, exerceZ ſur les freres,

303 1405 984 87 ( qu’on appelle,) n’ait esbauché ceſte copie.

288 1477 1009 75 & ne doute non plus qu’il deſire le renuerſe¬

286 1548 1013 72 ment de la maiſon de Valois, que ie le voy ſans

288 1617 1011 75 rien flater, ny dißimuler, dire tout ce qu’il ſcait

285 1686 1014 71 de leur vie, & de la forme de leur gouuernemẽt.

288 1760 1011 74 Il y a ſi long temps que ceſte maiſon vous occupe

289 1827 1012 67 vn ſi beau Royaume, qu’elle le gourmande, au

285 1893 1012 69 lieu de le gouuerner: le deſtruict, & ruyne, au

285 1958 1007 74 lieu de l’edifier, & baſtir. Les cœurs de la No¬

1172 2026 125 72 bleſſe,
