1414 2414
124 148 1035 61 &gens ſuperintondans aur linances:tous compta

124 202 1031 63 bles au conſeil, pour eulter à toute fraude & mal¬

124 257 224 64 uerſation.

318 72 550 54 DIALOGVE I.

1067 95 84 47 149

166 1903 990 65 27! Que ſuyuant les iugrmens qui s’en enſuy¬

135 1962 1018 65 unont, ſoit faite punirton cõdigue des coulpables,

854 2017 119 60 K.iii.

160 319 1000 63 22 Et pour euiter aux calomnies, leſquelles

123 375 1042 64 ſouuent ſont eſparſes & miſes à ſus aux Chefs &

128 437 1037 64 prin cipaux membres du corps, par l’artifice des

124 497 1033 59 cuntmis, ou par enuie, ambition, ou autres ſem¬

124 549 1039 66 Hables peſtes que le diable fainſouuent gliſſer, &

118 612 1046 65 cerche d’introduire en l’Egliſe, ou qui naiſſent de

127 675 1041 62 quelque ſonpçon legeremenn ipris par les ſoldats

124 730 1039 65 ou par le peuple: & pour empoſcher les deſordres

126 787 1033 64 quuen aduienent bien ſouuent: qu’il ſoit loiſible

127 848 1032 55 en phécune ville à vn chacur d'accuſer pardeuant

128 906 1025 55 le Maiaur & ſon conſeil. tou ceux (ſoit de la uo¬

128 964 1028 64 hleſſe, ou autres cheſs,qu membres) qu’ils penſe¬

128 1025 1033 62 ront machiner, prariquer, ou faire quelque choſe

126 1082 1033 61 contre le bœn publie de la religion, & de la deſen

126 1139 1025 65 ſe cõtune du corps. Et s’’ibaduenoit que le ſoup

131 1198 1020 63 çon fiſt fur le chef & le conſeil ou partie d’iceluy,

126 1260 1037 60 l'aocuſateur pourra requerir que les cent ſoyent

124 1314 1043 66 aſſemblez pour le bien public (à quoy ſeront te¬

127 1373 1050 63 nusſatisfeire le Maieur & de conſeil) & là par de¬

130 1437 1029 59 uaut eux tous propoſer ſon accuſation, afin d’y é¬

128 1495 1039 52 ſtrę pourueu comme ils verront bon eſtre. Et ne

128 1553 1029 60 ſe dirne pourtant aiicun de ceux qui ſeront ainſi

130 1610 1030 62 actuſun pouroffenſé, de l’accuſateur (qui ne doit

131 1671 1026 57 eſtre mené que d’vne bonne oonſcience) ains pluſ

130 1726 1026 61 toſt Raccuſé foit aiſe & aoyeux, que Dieu face à

132 1787 1019 65 tous ſes compagnons paroiſtre ſon innocẽte(s’el¬

138 1845 285 62 le-yoſbp ιη
