1451 2417
251 73 75 72 84

248 140 1039 69 cœur, & comme à l’enuy l’vn de l’autre, blaſphe¬

251 206 1042 62 ment, deſpitent, & renient mille ſois le iour, pout

251 263 1044 63 monſtrer qu’ils n’en ſont plus, faiſans en tout le

251 322 1045 67 ſur plus, des vilenies, & des maux, plus que ie ne

251 384 1042 60 t’en ſcauroy reciter: vne grande partie de ceux¬

249 443 1043 60 cy porte les armes contre les autres Huguenots,

252 499 1040 62 mais le Roy ne s’y ſie pas beaucoup. Et les autres

253 555 1039 62 vont auſsi à la Meſſe, mais contre leur gré, & par

253 613 1040 65 force, comme il eſt aiſé à iuger à leur mine & con

252 674 1041 57 tenance, tant ils ſont abbatus & contriſtez, & ſi

253 731 1040 63 n’oſent bonnement parler l’vn à l’autte, ny ſe laiſ¬

253 794 1040 58 ſer rencontrer par les rues, ou en leurs mailons

255 848 1037 63 deux à la fois. l’eſtime que c’eſt de ceux-cy deſ¬

255 907 1033 71 quels le Roy parle, quand il dit, Que par la mort¬

256 968 1032 64 Dieu, la meſſe ne les ſauuera pas, & poſsible en¬

253 1027 1042 63 tend il auſsi parler des autres qui monſtrent d’y.

256 1084 648 65 aller de plain gré, & par deſpit:

495 80 550 51 DIAEOGVE I.

256 1144 1036 63 Alith. Ie ne doute pas qu’il ne parle de tous les

253 1203 1039 63 deux. Quel piteux & miſerable eſtat, ne ſe conten

255 1264 1040 65 ter point de tuer le corps, ſi on ne pert l’ame quãd

253 1323 1039 60 & quand: & ne ſe contenter point de tuer l’ame, ſi

257 1381 592 61 le corps n’eſt auſsi meurtry!

256 1439 629 68 O Seigneur, iuſques à quand?

256 1497 1036 65 L’egl. Benit ſois-tu, Seigneur Dicu de nos Peres,

256 1553 1036 65 ton Nom eſt louable, & digne d’eſtre glorifié à ia

256 1616 1037 59 mais. Tu es iuſte en toutes les choſes que tu as

256 1678 1033 59 faites : tes voyes ſont droites: tous tes iugemens

257 1733 1031 64 par leſquels nous ſont aduenues toures ces cho¬

256 1792 1036 61 ſes, ſont droituriers. Nous auons contreuenu à

255 1853 1036 60 tes loix, nous n’auons point eſcouté ny gardé tes

252 1913 1031 56 commandemens. Nous nous ſommes par trop

255 1969 1028 58 des bordez en delices, & auons cerché en la cout

1197 2028 84 53 des
