<?xml version="1.0" encoding="UTF-8"?>
<alto xmlns:xsi="http://www.w3.org/2001/XMLSchema-instance"
      xmlns="http://www.loc.gov/standards/alto/ns-v4#"
      xsi:schemaLocation="http://www.loc.gov/standards/alto/ns-v4# http://www.loc.gov/standards/alto/v4/alto-4-2.xsd">
  <Description>
    <MeasurementUnit>pixel</MeasurementUnit>
    <sourceImageInformation>
      <fileName>page_00086.png</fileName>
      <fileIdentifier>mets//page_00002.zip/page_00086.png</fileIdentifier>
    </sourceImageInformation>
  </Description>
  <Tags>
    <OtherTag ID="BT7" LABEL="CustomZone" DESCRIPTION="block type CustomZone"/><OtherTag ID="BT8" LABEL="DamageZone" DESCRIPTION="block type DamageZone"/><OtherTag ID="BT9" LABEL="DigitizationArtefactZone" DESCRIPTION="block type DigitizationArtefactZone"/><OtherTag ID="BT10" LABEL="DropCapitalZone" DESCRIPTION="block type DropCapitalZone"/><OtherTag ID="BT11" LABEL="GraphicZone" DESCRIPTION="block type GraphicZone"/><OtherTag ID="BT12" LABEL="MainZone" DESCRIPTION="block type MainZone"/><OtherTag ID="BT13" LABEL="MarginTextZone" DESCRIPTION="block type MarginTextZone"/><OtherTag ID="BT14" LABEL="MusicZone" DESCRIPTION="block type MusicZone"/><OtherTag ID="BT15" LABEL="NumberingZone" DESCRIPTION="block type NumberingZone"/><OtherTag ID="BT17" LABEL="QuireMarksZone" DESCRIPTION="block type QuireMarksZone"/><OtherTag ID="BT18" LABEL="RunningTitleZone" DESCRIPTION="block type RunningTitleZone"/><OtherTag ID="BT19" LABEL="SealZone" DESCRIPTION="block type SealZone"/><OtherTag ID="BT20" LABEL="StampZone" DESCRIPTION="block type StampZone"/><OtherTag ID="BT21" LABEL="TableZone" DESCRIPTION="block type TableZone"/><OtherTag ID="BT22" LABEL="TitlePageZone" DESCRIPTION="block type TitlePageZone"/><OtherTag ID="BT100001" LABEL="MainZone-Head" DESCRIPTION="block type MainZone-Head"/><OtherTag ID="BT100005" LABEL="MainZone-P" DESCRIPTION="block type MainZone-P"/><OtherTag ID="BT100006" LABEL="MainZone-Continued" DESCRIPTION="block type MainZone-Continued"/><OtherTag ID="BT100008" LABEL="MainZone-Sp" DESCRIPTION="block type MainZone-Sp"/><OtherTag ID="BT100002" LABEL="MainZone-Lg" DESCRIPTION="block type MainZone-Lg"/><OtherTag ID="BT100014" LABEL="MainZone-ListItem" DESCRIPTION="block type MainZone-ListItem"/>
    <OtherTag ID="LT7" LABEL="CustomLine" DESCRIPTION="line type CustomLine"/><OtherTag ID="LT8" LABEL="DefaultLine" DESCRIPTION="line type DefaultLine"/><OtherTag ID="LT9" LABEL="DropCapitalLine" DESCRIPTION="line type DropCapitalLine"/><OtherTag ID="LT10" LABEL="HeadingLine" DESCRIPTION="line type HeadingLine"/><OtherTag ID="LT11" LABEL="InterlinearLine" DESCRIPTION="line type InterlinearLine"/><OtherTag ID="LT12" LABEL="MusicLine" DESCRIPTION="line type MusicLine"/><OtherTag ID="LT765" LABEL="default" DESCRIPTION="line type default"/>
  </Tags>
  <Layout>
    <Page WIDTH="1397"
          HEIGHT="2399"
          PHYSICAL_IMG_NR="85"
          ID="eSc_dummypage_">
      <PrintSpace HPOS="0"
                  VPOS="0"
                  WIDTH="1397"
                  HEIGHT="2399">
        <TextBlock HPOS="158"
                   VPOS="118"
                   WIDTH="1031"
                   HEIGHT="180"
                   ID="block_4"
                   TAGREFS="BT100006">
          <Shape><Polygon POINTS="1170 137 1189 298 158 298 158 118"/></Shape>
          <TextLine ID="line_2"
                    TAGREFS="LT8"
                    BASELINE="166 159 841 165 1186 174" 
                    HPOS="165"
                    VPOS="138"
                    WIDTH="1021"
                    HEIGHT="52">
            <Shape><Polygon POINTS="1178 158 1165 158 1151 158 1138 158 1125 158 1111 158 1098 158 1085 158 1071 158 1059 158 1046 158 1033 158 1019 158 1006 158 993 158 979 158 966 158 953 158 939 158 926 158 913 158 899 158 886 158 873 158 859 158 846 158 833 158 819 158 806 158 793 158 779 158 766 158 753 158 739 158 726 158 713 158 699 158 686 158 673 158 659 158 646 158 633 158 619 158 606 158 593 158 579 158 566 158 553 158 539 158 526 158 513 158 499 158 486 158 473 158 459 158 446 158 433 158 419 158 406 158 393 158 379 158 366 158 353 158 339 158 326 158 313 158 299 158 286 158 273 158 259 158 246 158 233 158 219 158 217 141 166 138 166 159 165 167 178 175 179 175 181 175 182 175 259 169 283 181 285 181 286 181 287 181 319 170 331 181 333 181 334 181 335 181 337 181 338 181 351 171 363 178 365 178 366 178 447 173 463 171 477 173 534 181 535 181 593 175 609 174 611 175 627 186 629 186 630 186 631 186 702 178 735 174 814 175 825 181 849 189 850 189 851 189 910 182 949 178 957 183 966 190 967 190 969 190 970 190 1185 187 1186 174 1183 158 1178 158"/></Shape>
	    <String CONTENT="iila domince Cachonques vouioye tare gagn"
                    HPOS="165"
                    VPOS="138"
                    WIDTH="1021"
                    HEIGHT="52"
                    WC="0.9928492075059472"></String>
          </TextLine>
          <TextLine ID="line_3"
                    TAGREFS="LT8"
                    BASELINE="159 218 750 223 1189 234" 
                    HPOS="158"
                    VPOS="181"
                    WIDTH="1031"
                    HEIGHT="70">
            <Shape><Polygon POINTS="159 218 158 226 175 235 177 235 178 235 219 229 435 231 462 242 463 242 465 243 511 243 511 242 513 242 537 233 538 233 542 233 611 242 613 242 614 242 631 235 655 245 657 245 658 245 659 245 679 238 721 245 722 245 723 245 741 237 742 237 826 243 827 243 829 243 847 238 849 238 862 246 863 246 865 246 866 246 918 239 919 239 921 239 931 249 933 249 934 249 935 250 1062 250 1062 249 1063 249 1065 249 1074 242 1077 242 1137 251 1138 251 1187 243 1189 234 1189 205 923 201 923 199 910 191 909 191 907 191 906 191 853 197 807 187 806 187 742 195 722 189 721 189 719 189 685 195 622 187 621 187 482 191 450 182 449 182 406 182 405 182 403 182 382 191 358 181 357 181 355 181 303 190 301 190 299 190 259 183 258 183 159 187 159 218"/></Shape>
	    <String CONTENT="re auec des Huguenots, que deuant quatre mois"
                    HPOS="158"
                    VPOS="181"
                    WIDTH="1031"
                    HEIGHT="70"
                    WC="0.9959733221266005"></String>
          </TextLine>
          <TextLine ID="line_4"
                    TAGREFS="LT8"
                    BASELINE="159 277 617 281" 
                    HPOS="158"
                    VPOS="235"
                    WIDTH="459"
                    HEIGHT="59">
            <Shape><Polygon POINTS="159 277 158 289 165 294 166 294 167 294 169 294 615 290 617 281 615 251 597 251 597 250 585 239 585 238 583 238 582 238 547 238 546 238 545 238 519 250 519 251 466 251 465 250 446 237 445 237 443 237 442 237 441 237 421 245 395 237 394 237 393 237 391 237 365 249 222 249 207 235 206 235 205 235 175 235 174 235 173 235 171 235 159 243 159 277"/></Shape>
	    <String CONTENT="ils iroyent à la meſſe."
                    HPOS="158"
                    VPOS="235"
                    WIDTH="459"
                    HEIGHT="59"
                    WC="0.9971029261747996"></String>
          </TextLine>
        </TextBlock>
        <TextBlock HPOS="161.0"
                   VPOS="301.0"
                   WIDTH="1033.0"
                   HEIGHT="180.0"
                   ID="block_1"
                   TAGREFS="BT100005">
          <Shape><Polygon POINTS="1194 301 1194 481 161 466 164 301"/></Shape>
          <TextLine ID="line_5"
                    TAGREFS="LT8"
                    BASELINE="218 335 1187 350" 
                    HPOS="217"
                    VPOS="294"
                    WIDTH="970"
                    HEIGHT="71">
            <Shape><Polygon POINTS="218 335 217 342 307 354 309 354 370 346 374 346 382 346 513 355 514 355 546 350 553 349 561 350 593 355 594 355 730 353 789 353 793 354 802 361 803 361 805 361 806 361 866 357 898 354 982 355 986 358 991 363 993 363 994 363 995 363 997 363 998 363 1003 359 1009 355 1027 359 1051 365 1053 365 1186 362 1187 350 1187 319 1067 318 1066 317 1049 306 1047 306 1046 306 1045 306 1043 306 1014 317 1011 317 979 315 963 315 905 303 870 303 869 303 867 303 866 303 851 314 835 302 834 302 833 302 831 302 830 302 803 310 746 301 745 301 682 311 678 311 677 311 662 305 661 305 659 305 511 309 486 309 478 309 394 295 393 295 391 295 369 306 289 306 287 305 267 294 266 294 265 294 218 303 218 335"/></Shape>
	    <String CONTENT="Qu&#x27;on ſentoit courre vn bruit d’entre les prin"
                    HPOS="217"
                    VPOS="294"
                    WIDTH="970"
                    HEIGHT="71"
                    WC="0.9893417086290277"></String>
          </TextLine>
          <TextLine ID="line_6"
                    TAGREFS="LT8"
                    BASELINE="161 395 470 395 1189 410" 
                    HPOS="159"
                    VPOS="355"
                    WIDTH="1030"
                    HEIGHT="74">
            <Shape><Polygon POINTS="161 395 159 401 194 414 195 414 197 414 255 407 265 415 266 415 267 415 269 415 317 405 339 417 341 417 342 417 431 409 477 418 478 418 479 418 481 418 489 410 557 409 558 409 562 409 686 411 722 423 723 423 725 423 774 413 821 413 947 414 947 415 962 427 963 427 965 427 966 427 1046 421 1074 429 1075 429 1077 429 1078 429 1079 429 1090 421 1105 429 1106 429 1107 429 1109 429 1131 419 1173 427 1174 427 1175 427 1177 427 1187 419 1189 410 1189 379 1165 370 1163 370 1162 370 1117 379 1114 379 1101 369 1099 369 1098 369 1097 369 1095 369 1094 369 1081 378 930 369 929 369 927 369 926 369 915 375 914 375 857 369 855 369 830 374 829 374 821 374 622 361 621 361 578 366 570 359 569 359 567 359 537 359 535 359 534 359 533 359 521 369 494 358 493 358 491 358 373 366 369 366 367 366 339 355 338 355 337 355 335 355 309 365 161 363 161 395"/></Shape>
	    <String CONTENT="cipaux du peuple de Paris, qu’en ces nopces, ſe fe"
                    HPOS="159"
                    VPOS="355"
                    WIDTH="1030"
                    HEIGHT="74"
                    WC="0.9973337614536285"></String>
          </TextLine>
          <TextLine ID="line_7"
                    TAGREFS="LT8"
                    BASELINE="158 451 873 459" 
                    HPOS="157"
                    VPOS="409"
                    WIDTH="716"
                    HEIGHT="72">
            <Shape><Polygon POINTS="158 451 157 469 202 475 203 475 205 475 219 469 234 463 286 469 299 470 301 470 314 469 351 465 366 469 394 478 395 478 397 478 398 478 399 478 399 477 406 470 421 475 422 475 423 475 453 469 471 465 490 469 521 475 522 475 523 475 525 475 533 469 537 466 578 466 583 469 601 479 602 479 603 479 681 481 682 481 683 481 723 469 727 467 737 469 802 477 803 477 871 467 873 459 871 431 797 431 790 429 754 415 753 415 751 415 750 415 749 415 749 417 738 426 735 429 583 426 579 422 573 415 573 414 571 414 570 414 549 414 547 414 546 414 545 414 538 421 529 426 519 419 511 413 510 413 509 413 486 413 485 413 483 413 482 413 482 414 477 418 470 426 438 426 418 417 410 413 409 413 407 413 406 413 405 413 405 414 402 415 395 423 334 425 286 413 277 410 275 410 274 410 273 410 271 410 271 411 270 411 258 423 214 423 201 411 201 410 199 410 198 410 158 409 158 451"/></Shape>
	    <String CONTENT="ſpandroit plus de ſang, que d’eau."
                    HPOS="157"
                    VPOS="409"
                    WIDTH="716"
                    HEIGHT="72"
                    WC="0.9993901305338916"></String>
          </TextLine>
        </TextBlock>
        <TextBlock HPOS="371.0"
                   VPOS="51.0"
                   WIDTH="551.0"
                   HEIGHT="59.0"
                   ID="block_0"
                   TAGREFS="BT18">
          <Shape><Polygon POINTS="922 51 922 110 371 110 371 51"/></Shape>
          <TextLine ID="line_0"
                    TAGREFS="LT8"
                    BASELINE="369 91 921 97" 
                    HPOS="367"
                    VPOS="54"
                    WIDTH="554"
                    HEIGHT="56">
            <Shape><Polygon POINTS="887 67 877 67 869 74 867 77 846 77 841 73 831 67 821 67 811 67 803 71 795 75 723 75 707 67 701 67 687 67 674 67 669 67 659 73 654 67 647 67 635 67 629 70 622 67 621 67 607 67 594 67 591 67 586 73 567 67 554 67 547 67 537 73 529 67 527 67 514 67 501 67 499 63 497 65 490 58 486 55 486 54 485 54 483 54 439 54 438 54 437 54 435 54 435 55 434 57 429 62 422 55 421 55 421 54 419 54 418 54 369 54 369 91 367 99 411 106 413 106 414 106 430 99 435 98 442 99 461 106 462 106 463 106 465 106 477 99 481 98 490 99 522 107 523 107 525 107 541 99 543 99 546 99 573 107 574 107 575 107 577 107 602 99 605 99 607 99 627 107 629 107 630 107 631 107 633 107 642 99 643 99 647 99 689 109 690 109 691 109 719 101 761 109 762 109 763 109 765 109 775 101 823 110 825 110 826 110 851 102 907 110 909 110 910 110 911 110 919 101 921 97 921 75 897 67 887 67"/></Shape>
	    <String CONTENT="DIALOGVEI."
                    HPOS="367"
                    VPOS="54"
                    WIDTH="554"
                    HEIGHT="56"
                    WC="0.977835476398468"></String>
          </TextLine>
        </TextBlock>
        <TextBlock HPOS="154.0"
                   VPOS="469.0"
                   WIDTH="1033.0"
                   HEIGHT="193.0"
                   ID="eSc_textblock_8661826b"
                   TAGREFS="BT100005">
          <Shape><Polygon POINTS="168 469 154 646 1187 662 1187 473"/></Shape>
          <TextLine ID="line_8"
                    TAGREFS="LT8"
                    BASELINE="213 510 1182 526" 
                    HPOS="211"
                    VPOS="469"
                    WIDTH="971"
                    HEIGHT="76">
            <Shape><Polygon POINTS="213 510 211 518 293 530 294 530 295 530 315 522 409 529 410 529 437 523 461 533 462 533 463 533 677 527 697 537 698 537 699 537 701 537 717 529 911 539 913 539 914 539 939 531 963 541 965 541 966 541 1006 533 1051 542 1053 542 1093 535 1101 542 1101 543 1102 543 1103 543 1105 545 1170 545 1170 543 1171 543 1173 543 1181 535 1182 526 1181 497 1091 482 1090 482 1041 489 1022 481 1021 481 1019 481 1018 481 1017 481 998 493 998 494 966 494 963 493 918 483 917 483 915 483 890 491 889 491 847 491 794 490 770 477 769 477 738 477 737 477 735 477 734 477 719 489 687 489 633 487 613 474 611 474 610 474 609 474 467 485 462 485 434 471 433 471 406 471 405 471 403 471 381 483 339 470 338 470 337 470 335 470 295 482 294 482 293 482 231 469 230 469 229 469 227 469 213 478 213 510"/></Shape>
	    <String CONTENT="Que les Commiſſaires, Centeniers, &amp; Dixe¬"
                    HPOS="211"
                    VPOS="469"
                    WIDTH="971"
                    HEIGHT="76"
                    WC="0.9980265817991117"></String>
          </TextLine>
          <TextLine ID="line_9"
                    TAGREFS="LT8"
                    BASELINE="154 569 1181 582" 
                    HPOS="153"
                    VPOS="529"
                    WIDTH="1028"
                    HEIGHT="74">
            <Shape><Polygon POINTS="154 569 153 578 317 589 318 589 319 589 321 589 331 582 397 589 398 589 399 589 410 583 450 591 451 591 509 585 523 595 525 595 526 595 527 595 562 587 573 595 573 597 574 597 575 597 577 597 625 586 665 587 675 597 675 598 677 598 678 598 679 599 729 599 729 598 730 598 755 589 767 599 769 599 770 599 771 599 858 589 910 601 911 601 913 601 943 590 973 602 974 602 975 602 1014 594 1109 603 1110 603 1179 591 1181 582 1181 554 1127 553 1114 541 1113 541 1111 541 1110 541 1109 541 1079 551 1078 551 1063 539 1062 539 1061 539 1018 539 1017 539 1015 539 990 549 987 550 801 549 793 545 769 535 767 535 766 535 765 535 743 543 737 547 675 547 670 542 663 537 662 537 661 537 659 537 589 541 529 543 489 538 438 531 437 531 435 531 434 531 427 537 422 542 389 542 371 535 358 530 357 530 355 530 329 534 317 537 306 534 293 530 291 530 290 530 289 530 287 530 283 534 274 541 233 533 211 529 210 529 154 530 154 569"/></Shape>
	    <String CONTENT="niers de Paris, braçoyent quelque entrepriſe, faci¬"
                    HPOS="153"
                    VPOS="529"
                    WIDTH="1028"
                    HEIGHT="74"
                    WC="0.9977718580227631"></String>
          </TextLine>
          <TextLine ID="line_10"
                    TAGREFS="LT8"
                    BASELINE="149 626 765 634 1178 646" 
                    HPOS="147"
                    VPOS="582"
                    WIDTH="1031"
                    HEIGHT="81">
            <Shape><Polygon POINTS="1134 642 1121 642 1107 642 1094 642 1081 642 1067 642 1054 642 1041 639 1027 639 1014 639 1001 639 987 639 974 639 969 615 953 605 951 605 950 605 949 605 915 607 899 595 898 595 897 595 895 595 894 595 846 607 767 602 766 602 765 602 763 602 753 609 729 598 727 598 726 598 646 601 633 590 631 590 630 590 629 590 627 590 581 603 501 597 499 597 463 602 433 586 431 586 430 586 390 595 363 586 362 586 361 586 359 586 358 586 339 599 297 585 295 585 294 585 253 593 215 583 214 583 213 583 211 583 210 583 195 593 170 582 169 582 167 582 166 582 165 582 149 591 149 626 147 635 179 646 181 646 182 646 183 646 205 637 206 637 213 637 270 645 271 645 577 645 633 645 635 646 658 655 659 655 661 655 707 649 735 657 737 657 738 657 739 657 741 657 751 647 753 647 755 647 807 658 809 658 857 650 866 649 879 650 938 658 939 658 999 653 1014 651 1018 653 1026 659 1027 659 1029 659 1110 663 1111 663 1177 655 1178 646 1146 642 1134 642"/></Shape>
	    <String CONTENT="le à eſtre deſcouuerte à qui y regarderolt ueptta"
                    HPOS="147"
                    VPOS="582"
                    WIDTH="1031"
                    HEIGHT="81"
                    WC="0.9823688958205429"></String>
          </TextLine>
        </TextBlock>
        <TextBlock HPOS="135.0"
                   VPOS="655.0"
                   WIDTH="1049.0"
                   HEIGHT="239.0"
                   ID="eSc_textblock_6d24ad27"
                   TAGREFS="BT100005">
          <Shape><Polygon POINTS="162 655 135 880 1184 894 1184 655"/></Shape>
          <TextLine ID="line_11"
                    TAGREFS="LT8"
                    BASELINE="217 687 747 691 1178 702" 
                    HPOS="215"
                    VPOS="645"
                    WIDTH="963"
                    HEIGHT="76">
            <Shape><Polygon POINTS="217 687 215 694 255 709 257 709 258 709 367 698 375 705 377 705 378 705 469 706 470 706 471 706 485 699 595 707 597 707 761 703 779 703 781 703 817 717 818 717 819 718 853 718 853 717 854 717 877 706 1025 719 1157 721 1158 721 1159 721 1177 710 1178 702 1178 670 1151 659 1150 659 1149 659 1147 659 1127 669 1114 658 1113 658 1111 658 1110 658 1109 658 1107 658 1091 669 1035 669 1022 657 1021 657 1019 657 1018 657 1017 657 983 666 826 666 805 653 803 653 802 653 753 653 751 653 750 653 721 663 711 657 710 657 709 657 707 657 649 662 622 650 621 650 619 650 618 650 594 658 570 650 569 650 567 650 566 650 565 650 551 662 533 662 439 659 414 647 413 647 411 647 355 658 293 646 291 646 290 646 289 646 275 655 263 646 262 646 261 646 233 645 231 645 230 645 229 645 217 653 217 687"/></Shape>
	    <String CONTENT="Qu’vn fameux Aduocat Huguenot du palais"
                    HPOS="215"
                    VPOS="645"
                    WIDTH="963"
                    HEIGHT="76"
                    WC="0.9961362007336739"></String>
          </TextLine>
          <TextLine ID="line_12"
                    TAGREFS="LT8"
                    BASELINE="150 745 1178 761" 
                    HPOS="149"
                    VPOS="703"
                    WIDTH="1029"
                    HEIGHT="71">
            <Shape><Polygon POINTS="150 745 149 755 158 762 159 762 161 762 162 762 210 757 234 763 235 763 237 763 298 757 333 765 334 765 335 765 407 758 481 758 501 767 502 767 503 767 578 761 750 771 751 771 797 765 826 765 897 765 898 766 922 774 923 774 925 774 1177 770 1178 761 1178 727 1163 718 1162 718 1161 718 1091 718 1090 718 1089 718 1087 718 1075 729 1037 729 1019 729 1018 727 1002 715 1001 715 999 715 950 715 949 715 947 715 922 726 897 714 895 714 873 714 871 714 870 714 869 714 854 725 751 725 751 723 737 717 735 717 734 717 633 718 622 710 621 710 619 710 618 710 617 710 589 719 573 709 571 709 570 709 506 709 505 709 503 709 485 718 406 718 337 718 337 717 310 705 309 705 307 705 306 705 273 715 230 703 229 703 227 703 226 703 225 703 214 713 173 703 171 703 170 703 150 711 150 745"/></Shape>
	    <String CONTENT="de Paris, auoit eſté aduerti par vn Preſident, deſe"
                    HPOS="149"
                    VPOS="703"
                    WIDTH="1029"
                    HEIGHT="71"
                    WC="0.9826472607942728"></String>
          </TextLine>
          <TextLine ID="line_13"
                    TAGREFS="LT8"
                    BASELINE="146 803 649 807 1175 819" 
                    HPOS="145"
                    VPOS="766"
                    WIDTH="1030"
                    HEIGHT="66">
            <Shape><Polygon POINTS="146 803 145 811 227 814 246 823 247 823 249 823 290 815 311 823 313 823 314 823 315 823 317 823 326 815 327 815 362 815 401 816 410 826 411 826 413 826 414 826 481 818 486 818 501 827 502 827 503 827 505 827 573 819 582 819 605 820 713 827 714 827 841 824 862 824 863 824 873 832 874 832 875 832 877 832 1174 830 1175 819 1175 789 1150 777 1149 777 1147 777 1146 777 1103 787 1090 781 1089 781 1087 781 1058 786 1045 775 1043 775 1042 775 1041 775 1039 775 1010 783 1001 775 1001 774 999 774 998 774 997 774 922 783 907 773 906 773 905 773 903 773 865 778 835 771 834 771 833 771 831 771 794 782 738 775 737 775 530 778 497 766 495 766 494 766 493 766 467 777 146 773 146 803"/></Shape>
	    <String CONTENT="retirer pour quelques iours auec ſa famille horsde"
                    HPOS="145"
                    VPOS="766"
                    WIDTH="1030"
                    HEIGHT="66"
                    WC="0.9904435455799103"></String>
          </TextLine>
          <TextLine ID="line_14"
                    TAGREFS="LT8"
                    BASELINE="146 862 1174 876" 
                    HPOS="145"
                    VPOS="819"
                    WIDTH="1029"
                    HEIGHT="68">
            <Shape><Polygon POINTS="146 862 145 871 155 878 157 878 158 878 159 878 227 872 262 879 263 879 311 874 343 880 345 880 507 876 518 876 521 876 555 883 557 883 606 878 613 878 1171 887 1174 876 1174 846 1138 832 1137 832 1135 832 1061 843 1057 843 1055 843 1029 831 1027 831 1026 831 1025 831 1002 842 999 843 997 842 978 830 977 830 975 830 974 830 914 840 903 842 899 839 886 828 885 828 883 828 882 828 881 828 858 839 854 842 825 842 783 839 782 838 770 827 769 827 767 827 766 827 702 835 683 838 666 835 613 824 611 824 553 832 521 836 471 836 461 831 447 823 446 823 445 823 443 823 419 830 403 834 358 834 347 828 333 820 331 820 330 820 329 820 306 827 286 832 211 832 197 824 182 819 181 819 179 819 146 823 146 862"/></Shape>
	    <String CONTENT="Paris, s’il vouloit conſeruer ſa vie, &amp;celle des ſiẽs,"
                    HPOS="145"
                    VPOS="819"
                    WIDTH="1029"
                    HEIGHT="68"
                    WC="0.9866225058382208"></String>
          </TextLine>
        </TextBlock>
        <TextBlock HPOS="152.0"
                   VPOS="889.0"
                   WIDTH="1025.0"
                   HEIGHT="336.0"
                   ID="eSc_textblock_6f4a856c"
                   TAGREFS="BT100005">
          <Shape><Polygon POINTS="152 889 152 1225 1175 1225 1177 899"/></Shape>
          <TextLine ID="line_15"
                    TAGREFS="LT8"
                    BASELINE="153 919 1171 935" 
                    HPOS="151"
                    VPOS="879"
                    WIDTH="1020"
                    HEIGHT="76">
            <Shape><Polygon POINTS="153 919 151 926 178 935 179 935 181 935 213 928 235 942 237 942 238 942 239 943 303 943 303 942 305 942 306 942 317 934 357 940 358 940 542 934 574 934 577 935 594 947 595 947 597 947 598 948 630 948 630 947 631 947 633 947 647 936 649 935 654 936 678 944 679 944 681 944 682 944 706 938 713 936 722 938 766 947 767 947 839 942 862 951 863 951 865 951 918 942 930 940 947 943 1009 954 1010 954 1073 946 1093 943 1106 946 1139 955 1141 955 1142 955 1143 955 1170 947 1171 935 1170 907 973 898 971 898 935 903 930 903 925 903 890 895 889 895 887 895 866 902 865 902 863 902 833 888 831 888 830 888 781 896 747 887 746 887 745 887 706 895 685 887 683 887 682 887 681 887 651 898 575 898 493 898 489 895 449 883 447 883 413 883 411 883 410 883 409 883 393 894 377 882 375 882 374 882 373 882 285 892 281 892 278 892 218 879 217 879 215 879 214 879 199 891 198 891 153 891 153 919"/></Shape>
	    <String CONTENT=". Qu’vn Italien engageoit ſa teſte, au cas que ces"
                    HPOS="151"
                    VPOS="879"
                    WIDTH="1020"
                    HEIGHT="76"
                    WC="0.9993324267864228"></String>
          </TextLine>
          <TextLine ID="line_16"
                    TAGREFS="LT8"
                    BASELINE="145 982 543 982 1171 994" 
                    HPOS="145"
                    VPOS="943"
                    WIDTH="1026"
                    HEIGHT="68">
            <Shape><Polygon POINTS="145 982 145 998 183 990 193 998 193 999 194 999 195 999 197 999 214 999 346 992 467 992 481 1000 483 1003 485 1003 486 1003 487 1003 511 1002 575 995 607 1002 621 1004 622 1004 623 1004 633 1002 657 996 770 996 777 1003 781 1006 781 1007 782 1007 783 1007 785 1007 786 1007 794 1003 802 1000 821 1003 841 1007 842 1007 843 1007 851 1004 862 999 870 1004 871 1006 873 1006 874 1006 875 1006 901 1004 937 1002 967 1004 1013 1010 1014 1010 1015 1010 1030 1006 1042 1002 1067 1006 1102 1011 1103 1011 1170 1006 1171 994 1171 963 1109 963 1107 962 1095 951 1094 951 1093 951 1091 951 1090 951 1074 956 1067 950 1066 950 1065 950 1063 950 1010 960 1007 960 1006 960 975 948 974 948 973 948 971 948 941 959 915 948 914 948 913 948 911 948 881 958 837 958 709 958 707 956 683 944 682 944 681 944 598 954 585 943 583 943 582 943 511 943 510 943 509 943 485 952 145 950 145 982"/></Shape>
	    <String CONTENT="nopces s’accompliſſent:Et vn autre Italien à la ta"
                    HPOS="145"
                    VPOS="943"
                    WIDTH="1026"
                    HEIGHT="68"
                    WC="0.9988244491464952"></String>
          </TextLine>
          <TextLine ID="line_17"
                    TAGREFS="LT8"
                    BASELINE="145 1038 1170 1052" 
                    HPOS="143"
                    VPOS="992"
                    WIDTH="1027"
                    HEIGHT="74">
            <Shape><Polygon POINTS="145 1038 143 1047 154 1054 155 1054 157 1054 158 1054 201 1048 1167 1066 1170 1052 1170 1019 1138 1007 1137 1007 1135 1007 1134 1007 1107 1018 1106 1018 1091 1006 1090 1006 1089 1006 1087 1006 1086 1006 1085 1006 1067 1016 1066 1018 1005 1018 1002 1015 986 1003 985 1003 983 1003 982 1003 981 1003 966 1011 957 1003 955 1003 954 1003 921 1003 919 1003 918 1003 897 1012 893 1015 890 1012 878 1002 877 1002 875 1002 874 1002 873 1002 845 1012 838 1015 798 1015 770 1012 769 1010 757 1000 755 1000 754 1000 753 1000 751 1000 719 1010 707 1012 703 1008 693 999 691 999 690 999 689 999 687 999 666 1008 662 1010 657 1008 637 999 635 999 634 999 633 999 631 999 619 1007 614 1011 609 1007 598 998 597 998 595 998 594 998 593 998 574 1004 557 998 555 998 554 998 553 998 534 1006 522 1010 510 1004 489 996 487 996 486 996 485 996 467 1004 463 1006 461 1004 453 996 451 996 450 996 449 996 447 996 421 1003 419 1003 418 1003 397 995 395 995 394 995 393 995 391 995 383 1002 375 1008 333 1008 321 1000 310 994 309 994 307 994 306 994 305 994 291 1000 281 1006 269 1000 257 994 255 994 254 994 253 994 251 994 243 999 233 1006 215 1006 206 999 199 992 198 992 197 992 195 992 145 996 145 1038"/></Shape>
	    <String CONTENT="ble de Iean Michael &amp; Sabalin ambaſſadeur de la"
                    HPOS="143"
                    VPOS="992"
                    WIDTH="1027"
                    HEIGHT="74"
                    WC="0.9889356950496105"></String>
          </TextLine>
          <TextLine ID="line_18"
                    TAGREFS="LT8"
                    BASELINE="143 1096 1165 1111" 
                    HPOS="142"
                    VPOS="1052"
                    WIDTH="1023"
                    HEIGHT="78">
            <Shape><Polygon POINTS="143 1096 142 1108 147 1114 147 1115 149 1115 150 1115 151 1115 153 1115 174 1108 237 1116 238 1116 239 1116 257 1108 262 1107 269 1110 285 1114 286 1114 287 1114 350 1111 405 1108 429 1112 455 1118 457 1118 458 1118 469 1114 479 1110 571 1112 575 1116 581 1120 582 1120 583 1120 585 1120 586 1120 599 1116 607 1114 611 1116 617 1122 618 1122 619 1122 621 1122 622 1122 623 1122 629 1118 635 1112 765 1115 774 1120 779 1123 781 1123 782 1123 783 1123 789 1120 801 1115 859 1115 875 1123 877 1123 878 1123 879 1123 881 1123 882 1123 902 1118 1003 1124 1005 1124 1006 1124 1007 1124 1017 1118 1025 1124 1026 1124 1027 1124 1029 1124 1061 1120 1069 1127 1070 1128 1071 1128 1073 1128 1074 1130 1163 1130 1165 1111 1165 1079 1146 1071 1145 1071 1143 1071 1142 1071 1129 1078 1119 1078 1061 1078 1035 1064 1034 1064 1033 1064 1031 1064 1030 1064 1013 1076 1011 1076 918 1076 918 1075 887 1062 886 1062 885 1062 883 1062 851 1072 819 1062 818 1062 817 1062 815 1062 814 1062 799 1074 798 1074 746 1072 641 1071 609 1058 607 1058 527 1058 526 1058 525 1058 499 1068 486 1056 485 1056 483 1056 482 1056 426 1063 389 1055 387 1055 386 1055 385 1055 366 1067 337 1055 335 1055 334 1055 333 1055 311 1067 265 1067 241 1067 238 1066 161 1052 159 1052 158 1052 157 1052 143 1060 143 1096"/></Shape>
	    <String CONTENT="ſeigneurie de Veniſe, ſe vantoit de ſcauoir le moy"
                    HPOS="142"
                    VPOS="1052"
                    WIDTH="1023"
                    HEIGHT="78"
                    WC="0.9927400457859039"></String>
          </TextLine>
          <TextLine ID="line_19"
                    TAGREFS="LT8"
                    BASELINE="142 1154 1167 1171" 
                    HPOS="141"
                    VPOS="1116"
                    WIDTH="1026"
                    HEIGHT="75">
            <Shape><Polygon POINTS="142 1154 141 1162 158 1170 159 1170 161 1170 203 1167 218 1176 219 1176 221 1176 222 1176 363 1167 365 1167 366 1167 438 1176 439 1176 559 1171 570 1179 571 1179 573 1179 574 1179 610 1171 614 1171 615 1171 631 1183 633 1183 634 1183 635 1184 683 1184 683 1183 685 1183 686 1183 698 1175 751 1182 753 1182 882 1178 915 1176 918 1178 938 1188 939 1188 941 1190 990 1190 990 1188 991 1188 993 1188 1006 1179 1007 1178 1009 1179 1021 1190 1022 1190 1023 1190 1025 1190 1081 1183 1151 1191 1153 1191 1154 1191 1155 1191 1166 1183 1167 1171 1166 1142 1013 1140 1010 1139 998 1132 997 1132 995 1132 899 1136 891 1136 890 1136 881 1128 879 1128 878 1128 877 1128 697 1132 615 1122 566 1122 565 1122 563 1122 562 1122 553 1130 518 1120 517 1120 515 1120 478 1128 302 1127 273 1116 271 1116 270 1116 269 1116 250 1126 249 1126 243 1126 185 1118 183 1118 142 1123 142 1154"/></Shape>
	    <String CONTENT="en pour ruiner les Huguenots en vmgt quatte"
                    HPOS="141"
                    VPOS="1116"
                    WIDTH="1026"
                    HEIGHT="75"
                    WC="0.9812253415584564"></String>
          </TextLine>
          <TextLine ID="line_20"
                    TAGREFS="LT8"
                    BASELINE="141 1214 341 1214" 
                    HPOS="141"
                    VPOS="1174"
                    WIDTH="200"
                    HEIGHT="57">
            <Shape><Polygon POINTS="141 1214 141 1224 150 1231 151 1231 153 1231 154 1231 203 1223 263 1231 265 1231 341 1222 341 1214 341 1191 274 1182 273 1182 254 1183 235 1186 231 1182 223 1175 223 1174 222 1174 221 1174 219 1174 218 1174 217 1174 207 1180 203 1182 141 1175 141 1214"/></Shape>
	    <String CONTENT="heures."
                    HPOS="141"
                    VPOS="1174"
                    WIDTH="200"
                    HEIGHT="57"
                    WC="0.9946472644805908"></String>
          </TextLine>
        </TextBlock>
        <TextBlock HPOS="1125.0"
                   VPOS="76.0"
                   WIDTH="71.0"
                   HEIGHT="57.0"
                   ID="block_3"
                   TAGREFS="BT15">
          <Shape><Polygon POINTS="1196 76 1196 133 1125 133 1125 76"/></Shape>
          <TextLine ID="line_1"
                    TAGREFS="LT8"
                    BASELINE="1131 117 1177 118" 
                    HPOS="1128"
                    VPOS="77"
                    WIDTH="48"
                    HEIGHT="54">
            <Shape><Polygon POINTS="1170 77 1150 77 1130 77 1130 115 1128 129 1172 131 1176 117 1174 77 1170 77"/></Shape>
	    <String CONTENT="82"
                    HPOS="1128"
                    VPOS="77"
                    WIDTH="48"
                    HEIGHT="54"
                    WC="0.999997615814209"></String>
          </TextLine>
        </TextBlock>
        <TextBlock HPOS="137.0"
                   VPOS="1233.0"
                   WIDTH="1035.0"
                   HEIGHT="175.0"
                   ID="block_2"
                   TAGREFS="BT100005">
          <Shape><Polygon POINTS="1172 1233 1172 1408 137 1408 137 1233"/></Shape>
          <TextLine ID="line_21"
                    TAGREFS="LT8"
                    BASELINE="194 1274 529 1274 1162 1288" 
                    HPOS="193"
                    VPOS="1226"
                    WIDTH="969"
                    HEIGHT="77">
            <Shape><Polygon POINTS="194 1274 193 1279 206 1288 207 1288 209 1288 210 1288 249 1282 297 1291 298 1291 359 1283 445 1292 446 1292 486 1284 490 1284 495 1284 523 1291 525 1291 574 1287 578 1287 579 1287 602 1296 603 1296 605 1296 695 1290 721 1288 838 1291 842 1294 866 1302 867 1302 869 1303 894 1303 894 1302 895 1302 897 1302 905 1295 909 1292 930 1295 981 1303 982 1303 1161 1300 1162 1288 1161 1255 983 1252 982 1251 967 1239 966 1239 965 1239 963 1239 890 1250 887 1250 886 1250 870 1236 869 1236 867 1236 866 1236 865 1236 826 1248 825 1250 803 1250 802 1248 789 1236 789 1235 787 1235 786 1235 785 1235 733 1246 719 1235 719 1234 718 1234 717 1234 691 1234 690 1234 689 1234 662 1244 650 1234 650 1232 649 1232 647 1232 626 1232 625 1232 623 1232 622 1232 609 1244 607 1246 579 1246 578 1244 559 1231 558 1231 557 1231 555 1231 501 1238 490 1230 489 1230 487 1230 435 1230 434 1230 433 1230 413 1240 398 1228 397 1228 395 1228 374 1228 373 1228 371 1228 370 1228 353 1240 351 1240 350 1240 326 1230 325 1230 323 1230 322 1230 321 1230 310 1239 309 1239 250 1239 249 1238 230 1226 229 1226 227 1226 226 1226 225 1226 223 1226 210 1238 209 1238 194 1238 194 1274"/></Shape>
	    <String CONTENT="Autres ſemblables choſes ſe reſpandoyent par"
                    HPOS="193"
                    VPOS="1226"
                    WIDTH="969"
                    HEIGHT="77"
                    WC="0.9991886886683378"></String>
          </TextLine>
          <TextLine ID="line_22"
                    TAGREFS="LT8"
                    BASELINE="139 1335 503 1334 1165 1348" 
                    HPOS="138"
                    VPOS="1286"
                    WIDTH="1027"
                    HEIGHT="82">
            <Shape><Polygon POINTS="139 1335 138 1342 161 1351 162 1351 163 1351 165 1351 190 1343 191 1343 193 1343 258 1354 259 1354 261 1354 286 1344 290 1343 297 1344 341 1355 342 1355 401 1346 413 1344 418 1346 443 1356 445 1356 446 1356 447 1356 449 1356 463 1347 467 1346 498 1346 506 1347 538 1358 539 1358 541 1358 601 1348 607 1348 615 1350 671 1358 673 1358 674 1358 675 1358 685 1350 686 1350 694 1350 763 1358 765 1358 869 1352 889 1352 911 1354 1089 1367 1090 1368 1151 1368 1151 1367 1153 1367 1154 1367 1163 1358 1165 1348 1165 1314 1137 1302 1135 1302 1134 1302 1133 1302 1106 1314 1086 1299 1085 1299 1083 1299 1082 1299 1081 1299 1047 1312 1029 1299 1027 1299 1026 1299 1025 1299 1023 1299 993 1312 969 1312 955 1312 955 1311 945 1303 943 1303 942 1303 941 1303 939 1303 927 1308 915 1298 915 1296 914 1296 913 1296 911 1296 910 1296 878 1308 838 1295 837 1295 759 1295 758 1295 757 1295 755 1295 739 1307 698 1307 685 1307 683 1307 645 1292 643 1292 614 1292 613 1292 611 1292 593 1303 587 1298 587 1296 586 1296 585 1296 583 1296 582 1296 562 1302 550 1291 549 1291 547 1291 546 1291 545 1291 507 1300 495 1290 494 1290 493 1290 491 1290 490 1290 463 1303 358 1303 357 1302 329 1287 327 1287 326 1287 325 1287 291 1300 289 1300 245 1299 229 1286 227 1286 226 1286 225 1286 139 1298 139 1335"/></Shape>
	    <String CONTENT="mi le vulgaire, deſquelles auſsi l’Admiral eſtoit"
                    HPOS="138"
                    VPOS="1286"
                    WIDTH="1027"
                    HEIGHT="82"
                    WC="0.9974080470143533"></String>
          </TextLine>
          <TextLine ID="line_23"
                    TAGREFS="LT8"
                    BASELINE="141 1390 338 1390" 
                    HPOS="141"
                    VPOS="1347"
                    WIDTH="197"
                    HEIGHT="59">
            <Shape><Polygon POINTS="141 1390 141 1398 186 1406 187 1406 338 1398 338 1390 338 1364 318 1364 302 1348 302 1347 301 1347 299 1347 298 1347 226 1360 182 1347 181 1347 179 1347 178 1347 141 1363 141 1390"/></Shape>
	    <String CONTENT="aduerti:"
                    HPOS="141"
                    VPOS="1347"
                    WIDTH="197"
                    HEIGHT="59"
                    WC="0.9980011805891991"></String>
          </TextLine>
        </TextBlock>
        <TextBlock HPOS="139.0"
                   VPOS="1411.0"
                   WIDTH="1036.0"
                   HEIGHT="303.0"
                   ID="eSc_textblock_978f275a"
                   TAGREFS="BT100005">
          <Shape><Polygon POINTS="139 1411 139 1693 1175 1714 1175 1411"/></Shape>
          <TextLine ID="line_24"
                    TAGREFS="LT8"
                    BASELINE="138 1451 501 1450 1161 1464" 
                    HPOS="137"
                    VPOS="1400"
                    WIDTH="1024"
                    HEIGHT="80">
            <Shape><Polygon POINTS="138 1451 137 1458 147 1464 149 1464 150 1464 151 1464 153 1464 171 1458 174 1456 179 1458 218 1466 219 1466 221 1466 237 1459 241 1458 245 1459 271 1467 273 1467 274 1467 375 1462 421 1460 461 1460 465 1464 471 1470 473 1470 474 1470 475 1470 477 1470 491 1464 503 1462 554 1467 618 1472 701 1474 702 1474 703 1474 718 1470 738 1466 771 1471 793 1475 794 1475 830 1474 902 1468 971 1476 997 1479 1158 1480 1161 1464 1161 1431 1141 1418 1139 1418 1138 1418 1137 1418 1135 1418 1113 1427 1065 1412 1063 1412 1029 1412 1027 1412 1026 1412 997 1428 965 1411 963 1411 962 1411 961 1411 959 1411 931 1428 930 1428 925 1428 902 1428 878 1410 877 1410 875 1410 874 1410 827 1416 794 1408 793 1408 791 1408 790 1408 789 1408 770 1423 746 1407 745 1407 743 1407 742 1407 741 1407 707 1424 621 1424 618 1424 618 1423 589 1404 587 1404 586 1404 585 1404 583 1404 582 1404 558 1422 539 1422 518 1404 517 1404 515 1404 514 1404 513 1404 490 1412 467 1403 466 1403 465 1403 463 1403 462 1403 446 1415 425 1402 423 1402 422 1402 421 1402 419 1402 374 1419 333 1400 331 1400 330 1400 329 1400 285 1418 283 1418 250 1415 231 1400 230 1400 229 1400 227 1400 226 1400 195 1416 138 1416 138 1451"/></Shape>
	    <String CONTENT=" On adiouſtoit à cela, que la faction des ſediti¬"
                    HPOS="137"
                    VPOS="1400"
                    WIDTH="1024"
                    HEIGHT="80"
                    WC="0.9866358113288879"></String>
          </TextLine>
          <TextLine ID="line_25"
                    TAGREFS="LT8"
                    BASELINE="138 1506 630 1510 1158 1523" 
                    HPOS="137"
                    VPOS="1464"
                    WIDTH="1021"
                    HEIGHT="74">
            <Shape><Polygon POINTS="138 1506 137 1512 206 1523 207 1523 209 1523 223 1518 230 1524 231 1524 233 1524 234 1524 235 1524 253 1516 263 1524 265 1524 266 1524 267 1524 303 1518 313 1526 314 1526 315 1526 317 1526 369 1519 378 1518 381 1519 389 1526 389 1527 390 1527 391 1527 393 1527 439 1520 453 1519 635 1522 645 1526 661 1531 662 1531 663 1531 698 1527 721 1524 754 1528 795 1534 797 1534 818 1530 842 1526 1155 1538 1158 1523 1158 1494 1014 1491 985 1476 983 1476 958 1476 957 1476 955 1476 954 1476 934 1488 694 1471 693 1471 691 1471 690 1471 677 1482 618 1470 617 1470 615 1470 614 1470 595 1482 526 1475 525 1475 474 1480 473 1480 458 1468 458 1467 457 1467 455 1467 454 1467 398 1479 397 1479 395 1479 361 1467 359 1467 358 1467 303 1472 293 1464 291 1464 290 1464 266 1464 265 1464 263 1464 262 1464 247 1476 246 1476 138 1475 138 1506"/></Shape>
	    <String CONTENT="eux, deſiroit la ruine des Huguenots ſur toutes"
                    HPOS="137"
                    VPOS="1464"
                    WIDTH="1021"
                    HEIGHT="74"
                    WC="0.9888955557599981"></String>
          </TextLine>
          <TextLine ID="line_26"
                    TAGREFS="LT8"
                    BASELINE="137 1563 1155 1580" 
                    HPOS="135"
                    VPOS="1519"
                    WIDTH="1020"
                    HEIGHT="81">
            <Shape><Polygon POINTS="137 1563 135 1572 150 1579 151 1579 153 1579 262 1576 291 1587 293 1587 294 1587 295 1587 313 1579 401 1588 402 1588 403 1588 405 1588 419 1579 423 1578 449 1578 467 1580 510 1588 511 1588 513 1588 527 1582 533 1580 597 1580 639 1580 645 1586 651 1591 653 1591 654 1591 655 1591 657 1591 670 1586 685 1582 702 1587 723 1594 725 1594 726 1594 754 1588 775 1584 791 1590 803 1594 805 1594 806 1594 807 1594 817 1590 830 1584 838 1591 843 1596 845 1596 846 1596 847 1596 870 1592 898 1586 959 1588 966 1595 970 1598 971 1598 973 1598 974 1598 999 1595 1030 1592 1042 1596 1049 1599 1050 1599 1051 1600 1154 1600 1155 1580 1155 1548 1115 1538 1114 1538 1113 1538 1111 1538 1086 1547 955 1546 921 1531 919 1531 918 1531 917 1531 885 1542 843 1531 842 1531 841 1531 839 1531 821 1542 806 1530 805 1530 803 1530 802 1530 801 1530 774 1542 757 1542 689 1542 687 1540 655 1534 654 1534 653 1534 633 1539 607 1526 606 1526 605 1526 603 1526 586 1534 562 1527 561 1527 559 1527 558 1527 533 1538 487 1524 486 1524 449 1523 447 1523 446 1523 445 1523 433 1531 414 1523 413 1523 411 1523 410 1523 409 1523 393 1535 393 1536 375 1536 374 1535 327 1522 326 1522 325 1522 323 1522 295 1534 294 1534 279 1534 271 1534 255 1520 254 1520 253 1520 251 1520 250 1520 217 1532 215 1532 214 1532 162 1519 161 1519 159 1519 158 1519 137 1530 137 1563"/></Shape>
	    <String CONTENT="choſes, Que le lieu &amp; le temps la facilitoyent: La"
                    HPOS="135"
                    VPOS="1519"
                    WIDTH="1020"
                    HEIGHT="81"
                    WC="0.9811150753498077"></String>
          </TextLine>
          <TextLine ID="line_27"
                    TAGREFS="LT8"
                    BASELINE="139 1621 635 1627 1155 1640" 
                    HPOS="138"
                    VPOS="1582"
                    WIDTH="1017"
                    HEIGHT="77">
            <Shape><Polygon POINTS="139 1621 138 1635 223 1643 225 1643 269 1639 293 1636 297 1639 302 1644 303 1644 305 1644 306 1644 307 1644 309 1644 315 1640 323 1636 402 1636 417 1641 426 1645 427 1645 429 1645 430 1645 437 1643 447 1637 459 1643 462 1644 463 1644 465 1644 471 1643 501 1637 521 1644 531 1648 533 1648 534 1648 573 1645 650 1640 661 1648 663 1651 665 1651 666 1651 667 1651 682 1648 719 1641 775 1651 797 1653 798 1653 814 1651 862 1644 883 1651 885 1651 1153 1659 1155 1640 1155 1609 1146 1601 1146 1600 1145 1600 1143 1600 1142 1600 1141 1600 1139 1600 1127 1608 1101 1598 1099 1598 1098 1598 1017 1607 1003 1596 1003 1595 1002 1595 1001 1595 999 1595 973 1600 939 1594 938 1594 937 1594 898 1604 869 1592 867 1592 866 1592 865 1592 833 1603 751 1603 706 1601 693 1590 691 1590 690 1590 689 1590 538 1598 509 1586 507 1586 458 1586 457 1586 455 1586 454 1586 441 1596 373 1596 371 1595 351 1583 350 1583 349 1583 347 1583 346 1583 318 1594 299 1587 298 1587 297 1587 262 1592 247 1582 246 1582 245 1582 243 1582 242 1582 214 1591 139 1591 139 1621"/></Shape>
	    <String CONTENT="voulant donc, &amp; la pouuãt mettre à effect, qu’on"
                    HPOS="138"
                    VPOS="1582"
                    WIDTH="1017"
                    HEIGHT="77"
                    WC="0.9984285390377045"></String>
          </TextLine>
          <TextLine ID="line_28"
                    TAGREFS="LT8"
                    BASELINE="138 1684 531 1684 933 1695" 
                    HPOS="137"
                    VPOS="1644"
                    WIDTH="796"
                    HEIGHT="63">
            <Shape><Polygon POINTS="490 1644 489 1644 487 1644 458 1655 413 1655 403 1645 402 1645 401 1645 399 1645 351 1656 350 1656 349 1656 339 1648 339 1647 338 1647 337 1647 335 1647 258 1651 249 1644 245 1644 231 1644 218 1644 210 1644 201 1653 155 1647 154 1647 153 1647 138 1652 138 1684 137 1691 342 1700 343 1700 598 1696 623 1696 633 1696 735 1705 737 1705 821 1699 903 1707 905 1707 906 1707 931 1699 933 1695 933 1664 845 1661 827 1648 826 1648 825 1648 798 1648 797 1648 795 1648 794 1648 794 1649 783 1660 771 1649 771 1648 770 1648 769 1648 767 1648 714 1659 702 1648 702 1647 701 1647 699 1647 678 1647 677 1647 675 1647 674 1647 659 1660 658 1660 657 1660 618 1651 617 1651 533 1657 491 1644 490 1644"/></Shape>
	    <String CONTENT="ne deuoit artendre autre choſe d’eux."
                    HPOS="137"
                    VPOS="1644"
                    WIDTH="796"
                    HEIGHT="63"
                    WC="0.9971474264119122"></String>
          </TextLine>
        </TextBlock>
        <TextBlock HPOS="136.0"
                   VPOS="1704.0"
                   WIDTH="1031.0"
                   HEIGHT="189.0"
                   ID="eSc_textblock_c7901f26"
                   TAGREFS="BT100005">
          <Shape><Polygon POINTS="139 1704 136 1865 1167 1893 1167 1704"/></Shape>
          <TextLine ID="line_29"
                    TAGREFS="LT8"
                    BASELINE="193 1740 1158 1755" 
                    HPOS="191"
                    VPOS="1699"
                    WIDTH="967"
                    HEIGHT="73">
            <Shape><Polygon POINTS="193 1740 191 1748 281 1757 282 1757 390 1753 411 1753 414 1755 431 1761 433 1761 434 1761 461 1756 466 1755 619 1755 683 1761 757 1767 758 1767 759 1767 771 1763 786 1759 818 1764 842 1768 843 1768 861 1765 893 1760 918 1767 923 1768 925 1768 926 1768 937 1767 977 1763 991 1768 997 1771 998 1771 1155 1772 1158 1755 1158 1725 1093 1725 1091 1724 1073 1711 1071 1711 1070 1711 1069 1711 1067 1711 1027 1723 1026 1723 971 1723 971 1721 955 1709 954 1709 953 1709 926 1709 925 1709 923 1709 922 1709 906 1720 861 1709 859 1709 858 1709 857 1709 843 1720 842 1720 838 1720 779 1713 778 1713 735 1719 729 1719 721 1719 633 1704 631 1704 566 1716 561 1716 555 1716 457 1701 455 1701 454 1701 433 1712 417 1701 415 1701 414 1701 413 1701 411 1701 375 1713 373 1713 370 1713 339 1705 338 1705 337 1705 277 1711 242 1699 241 1699 239 1699 193 1709 193 1740"/></Shape>
	    <String CONTENT="A tout cela, l’Amiral ſans peur, touſiours ſem¬"
                    HPOS="191"
                    VPOS="1699"
                    WIDTH="967"
                    HEIGHT="73"
                    WC="0.9930463636175115"></String>
          </TextLine>
          <TextLine ID="line_30"
                    TAGREFS="LT8"
                    BASELINE="133 1796 1157 1815" 
                    HPOS="131"
                    VPOS="1751"
                    WIDTH="1026"
                    HEIGHT="82">
            <Shape><Polygon POINTS="133 1796 131 1811 138 1816 139 1816 141 1816 142 1816 211 1811 267 1817 269 1817 270 1817 285 1811 302 1819 303 1819 305 1819 337 1812 343 1811 345 1812 354 1820 355 1820 357 1820 358 1821 406 1821 406 1820 407 1820 421 1815 425 1812 427 1815 435 1821 437 1821 438 1821 439 1821 441 1821 466 1815 474 1813 477 1816 485 1821 486 1821 487 1821 489 1821 537 1817 570 1815 685 1816 694 1821 702 1825 703 1825 705 1825 734 1823 774 1819 841 1819 849 1825 851 1828 853 1828 854 1828 855 1828 870 1827 894 1823 919 1828 937 1831 938 1831 959 1829 993 1825 1005 1829 1010 1832 1011 1832 1154 1833 1157 1815 1157 1775 1149 1769 1147 1769 1146 1769 1145 1769 1143 1769 1126 1776 1118 1779 1113 1776 1098 1768 1097 1768 1095 1768 1094 1768 1078 1775 1070 1779 1065 1775 1053 1767 1051 1767 1050 1767 1049 1767 1047 1767 1033 1775 1026 1779 1021 1775 1011 1765 1010 1765 1009 1765 957 1765 955 1765 954 1765 953 1765 943 1773 937 1777 902 1777 897 1772 887 1764 886 1764 885 1764 857 1763 855 1763 854 1763 853 1763 842 1772 837 1776 809 1776 803 1771 791 1761 790 1761 789 1761 787 1761 786 1761 785 1761 771 1771 766 1775 718 1775 713 1769 701 1760 699 1760 698 1760 697 1760 639 1768 621 1771 526 1771 519 1767 498 1756 497 1756 495 1756 494 1756 471 1765 465 1769 425 1769 369 1767 366 1764 353 1753 351 1753 350 1753 349 1753 347 1753 315 1764 314 1764 313 1764 291 1753 290 1753 289 1753 287 1753 286 1753 271 1763 271 1764 270 1763 258 1752 257 1752 255 1752 254 1752 253 1752 234 1759 217 1752 215 1752 214 1752 213 1752 211 1752 202 1760 191 1751 190 1751 189 1751 143 1751 142 1751 141 1751 139 1751 133 1755 133 1796"/></Shape>
	    <String CONTENT="blable à ſoy, touſiours cõſtant &amp; aſſeuré ſur la bã"
                    HPOS="131"
                    VPOS="1751"
                    WIDTH="1026"
                    HEIGHT="82"
                    WC="0.9884721116586165"></String>
          </TextLine>
          <TextLine ID="line_31"
                    TAGREFS="LT8"
                    BASELINE="138 1856 642 1861 1150 1877" 
                    HPOS="137"
                    VPOS="1811"
                    WIDTH="1013"
                    HEIGHT="81">
            <Shape><Polygon POINTS="1137 1875 1123 1875 1110 1875 1097 1875 1083 1875 1077 1844 1057 1839 1055 1839 1054 1839 1053 1839 1051 1839 1045 1844 1026 1828 1025 1828 1023 1828 957 1827 955 1827 954 1827 953 1827 935 1841 907 1841 885 1825 883 1825 882 1825 862 1825 861 1825 859 1825 858 1825 843 1836 805 1833 803 1833 802 1833 786 1840 773 1833 771 1833 770 1833 726 1835 707 1821 706 1821 705 1821 659 1821 658 1821 657 1821 655 1821 643 1832 603 1836 602 1836 578 1819 577 1819 575 1819 574 1819 573 1819 537 1832 443 1825 442 1825 359 1831 358 1831 303 1828 266 1812 265 1812 263 1812 262 1812 238 1825 222 1812 221 1812 219 1812 218 1812 217 1812 205 1817 197 1811 195 1811 194 1811 167 1811 166 1811 165 1811 138 1824 138 1856 137 1861 169 1871 170 1871 171 1871 173 1871 191 1864 203 1873 205 1873 206 1873 207 1873 251 1865 253 1865 263 1875 265 1875 266 1875 267 1875 487 1872 577 1872 585 1876 597 1881 598 1881 599 1881 625 1877 645 1873 1147 1892 1150 1877 1143 1875 1137 1875"/></Shape>
	    <String CONTENT="té du Roy, ne pouuoit prẽdre occaſion d’alari"
                    HPOS="137"
                    VPOS="1811"
                    WIDTH="1013"
                    HEIGHT="81"
                    WC="0.9938056811373285"></String>
          </TextLine>
        </TextBlock>
        <TextBlock HPOS="140.0"
                   VPOS="1876.0"
                   WIDTH="1029.0"
                   HEIGHT="151.0"
                   ID="eSc_textblock_07db6dcf"
                   TAGREFS="BT100005">
          <Shape><Polygon POINTS="140 1876 140 2027 1169 2027 1169 1876"/></Shape>
          <TextLine ID="line_33"
                    TAGREFS="LT8"
                    BASELINE="209 1916 619 1920 1146 1935" 
                    HPOS="207"
                    VPOS="1869"
                    WIDTH="939"
                    HEIGHT="82">
            <Shape><Polygon POINTS="209 1916 207 1923 278 1933 279 1933 314 1928 318 1933 319 1933 319 1935 321 1935 322 1935 323 1935 325 1935 339 1928 346 1928 631 1931 689 1932 694 1937 698 1941 698 1943 699 1943 701 1943 702 1943 723 1939 743 1935 754 1940 763 1944 765 1944 766 1944 767 1944 775 1940 785 1936 813 1941 835 1945 837 1945 858 1943 890 1939 925 1945 938 1947 939 1947 941 1947 946 1945 965 1940 1143 1951 1146 1935 1145 1895 1085 1900 1075 1893 1066 1885 1065 1885 1063 1885 1042 1885 1041 1885 1039 1885 1038 1885 1027 1892 1018 1899 1007 1892 991 1884 990 1884 989 1884 987 1884 973 1892 971 1892 945 1883 943 1883 942 1883 941 1883 939 1883 926 1891 918 1896 909 1891 899 1887 898 1887 897 1887 895 1887 878 1891 862 1895 851 1891 829 1880 827 1880 774 1880 773 1880 771 1880 750 1889 742 1892 653 1892 637 1888 575 1875 574 1875 573 1875 534 1887 529 1888 526 1887 510 1873 509 1873 507 1873 479 1873 478 1873 477 1873 475 1873 463 1883 449 1872 447 1872 446 1872 445 1872 443 1872 414 1880 386 1871 385 1871 383 1871 382 1871 381 1871 362 1884 361 1884 266 1884 266 1883 253 1871 253 1869 251 1869 250 1869 249 1869 247 1869 209 1881 209 1916"/></Shape>
	    <String CONTENT="Le ieudi il fut dict au conſeil priué du Roy,"
                    HPOS="207"
                    VPOS="1869"
                    WIDTH="939"
                    HEIGHT="82"
                    WC="0.9883089778215989"></String>
          </TextLine>
          <TextLine ID="line_34"
                    TAGREFS="LT8"
                    BASELINE="134 1973 1147 1993" 
                    HPOS="133"
                    VPOS="1939"
                    WIDTH="1014"
                    HEIGHT="78">
            <Shape><Polygon POINTS="134 1973 133 1992 141 1999 141 2000 142 2000 143 2000 145 2000 214 1991 237 1988 245 1992 253 1995 254 1995 255 1995 279 1992 307 1989 314 1993 327 2003 329 2003 330 2003 331 2003 333 2003 334 2003 343 1996 353 2004 354 2004 355 2004 357 2004 358 2004 359 2004 373 1995 374 1993 378 1995 399 2003 401 2003 402 2003 403 2003 405 2003 413 1996 419 1992 470 1992 483 1997 486 1999 487 1999 489 1999 499 1997 535 1993 553 1999 574 2007 575 2007 577 2007 578 2007 579 2007 590 2000 599 1995 641 1996 653 2001 675 2011 677 2011 678 2011 721 2004 773 2012 774 2012 775 2012 790 2005 799 2000 809 2005 819 2013 821 2013 822 2013 823 2013 825 2013 841 2007 850 2003 859 2007 869 2011 870 2011 871 2011 873 2011 881 2008 894 2001 939 2001 947 2008 947 2009 949 2009 950 2009 951 2009 955 2009 989 2003 999 2011 1009 2017 1010 2017 1011 2017 1013 2017 1146 2013 1147 1993 1147 1953 1118 1951 1117 1951 1115 1951 1111 1952 1091 1963 1033 1952 1011 1948 1010 1948 1009 1948 999 1951 978 1960 955 1951 945 1947 943 1947 942 1947 941 1947 926 1951 897 1959 767 1953 759 1949 742 1943 741 1943 697 1943 695 1943 694 1943 683 1948 675 1952 617 1952 613 1948 609 1944 607 1944 606 1944 605 1944 557 1947 507 1951 482 1947 450 1941 449 1941 447 1941 433 1947 422 1949 410 1945 395 1941 394 1941 393 1941 362 1945 343 1948 333 1945 310 1939 309 1939 307 1939 306 1939 305 1939 295 1945 291 1947 278 1945 250 1940 249 1940 134 1943 134 1973"/></Shape>
	    <String CONTENT="qu’on auoit veu certains hommes à cheual,"
                    HPOS="133"
                    VPOS="1939"
                    WIDTH="1014"
                    HEIGHT="78"
                    WC="0.9994158631279355"></String>
          </TextLine>
        </TextBlock>
        <TextBlock HPOS="548.0"
                   VPOS="2277.0"
                   WIDTH="288.0"
                   HEIGHT="78.0"
                   ID="eSc_textblock_78adb968"
                   TAGREFS="BT9">
          <Shape><Polygon POINTS="548 2277 548 2355 836 2355 836 2277"/></Shape>
        </TextBlock>
      </PrintSpace>
    </Page>
  </Layout>
</alto>
