1408 2404
128 161 1035 63 à voulu par cy deuant faire entendre, de la part

128 219 1035 54 de ſa ſaincteté, la vie & les abus d’icelle leur eſtãs

130 283 676 60 par trop deſcouuerts & cognus.

189 339 970 60 Ne doutez pas auſsi, que la Royne mere n’ac¬

128 396 1032 63 compliſſe ce qu’elle promit au duc d’Albe, pour

130 456 1032 63 le roy d’Eſpagne à Bayõne: de rompre les edicts

128 515 1032 60 de paix, & ruiner les Huguenots de la France, a¬

132 575 1007 60 uec la peau du lion, ou auec la peau du regnard.

372 80 565 65 DIALOGVEI.

174 633 986 62 Conſiderez, que le Roy depuis douze ans en ça

128 693 1032 58 a eu des maiſtres & inſtituteurs qui l’ont apprins

126 747 1036 65 à iurer, blaſphemer, ſe periurer, paillarder, diſsi¬

125 806 1034 64 muler ſa foy, ſa religion, ſes penſees, eſtre maiſtre

125 865 1033 61 de ſon viſage, & qui l’ont ſur tout nourri à aimer

128 928 1032 60 de voir du ſang, commençant par des beſtes, & a¬

125 982 474 61 cheuant par ſes ſuiets.

172 1040 990 65 Prenez garde, que le Roy a eſté perſuadé par la

125 1100 1038 63 doctrine de Machiauelli, qu’il ne faut pas qu’il

125 1157 1038 63 ſouffre en ſon Royaume, autre religion que celle

126 1216 1036 56 ſur laquelle ſon eſtat a eſté fondé: de laquelle, voi

124 1275 1035 61 re de ſes faux miracles, il faut qu’il monſtre faire

126 1339 1042 61 compte: Aſſeurez-vous qu’on luy a enſeigné &

124 1394 1039 63 ſouuent repeté ceſte leçon, que ſon Royaume ñe

129 1453 1027 64 peut eſtre paiſible & aſſeuré, cependant qu’il y au

125 1515 375 59 ra deux religtons.

1097 98 54 64 37

187 1569 977 63 Notez qu’on a pluſieurs fois fait entendre au

125 1629 1042 63 Roy, que les Huguenots le vouloyẽt tuer, & pour

124 1688 1046 60 le luy mieux perſuader, luy ont fait voir des let¬

125 1748 1033 59 tres de menees & deſſein, ſuppoſees & fauſſes? &

124 1805 1047 66 au reſte i’ay ſceu de bonne part, que le iour que

124 1864 1028 61 la royne de Nauarre arriuà à Bloys, il dit à ſa me

122 1921 1046 63 re: Ne iouë-ie pas bien mon rollet, Madame? Ce

125 1979 1025 68 n’eſt rien fait, reſpondit-elle, il faut acheuer. Par

877 2042 123 56 C.iii.
