1412 2394
127 148 1044 66 reſcriuit des letres à ſes ambaſſadeurs, & aux gou

130 235 1041 40 uerneurs des prouinces, & vines prilcipales de la

130 271 1035 64 France: par leſquelles il les auertiſſoit, que ce qui

121 336 1048 48 eſtoit auenu à Paris, ne concernoit aucunement

131 388 1033 65 la religion, ains auoit eſté ſeulement fait pour em

134 446 1031 63 peſcher l’executiõ d’vne maudite cõſpiration, que

129 505 1034 62 l’Amiral & ſes alliez auoyent faite, contre luy, ſa

127 565 1040 61 mere & ſes freres: partant vouloit que ſes Edicts

130 621 1037 59 de pacification fuſſent obſeruez: Que s’il auenoit

130 683 1038 61 que quelques Huguenots, eſmeus des nouuelles

129 742 1039 61 de Paris, s’aſſemblaſſent en armes en quelque lieu

130 798 1034 57 que ce fuſt, il commandoit à ſeſdicts gouuerneurs

129 855 1038 66 de tenir la main qu’ils fuſſent diſsipez, & rompus.

131 915 1037 65 Et afin que par les ſtudieux de nouueauté, quel¬

129 976 1038 64 que tiniſtre cas n’aduint, il entendoit que les por¬

130 1030 1035 64 tes des villes de ſon Royaume, fuſſent bien & di¬

131 1097 1033 57 ligemment gardees: remettant ſur la creance des

134 1151 703 64 porteurs, le ſurplus de ſa volonté.

347 89 583 47 DIREOGVE I.

1101 102 59 38 09

188 1210 979 61 Ces letres ne furent pas ſi toſt receues à Me¬

130 1268 1029 63 aux, Orleãs, Tours, Angiers, Bourges, Thoulou¬

130 1332 1037 59 ze, & en pluſieurs autres citez, que les Huguenots

133 1391 1027 60 par le commandement des gouuerneurs, y furent

130 1451 1041 59 tuez. Quelques gouuerneurs moins cruels, com¬

131 1505 1036 61 me Mandelot à Lion, & Carrouges à Rouen, ſe

129 1566 1040 51 cont enterent pour le commencemẽt de faire em¬

134 1622 1029 64 priſonner les Huguenots de leurs villes: mais peu

131 1682 843 56 de iours apres, auſsi bien furent-ils tuez.

190 1739 967 55 Le meſme iour du lundi au matin, le Roy en¬

134 1798 1027 64 uoya quelques capitaines & ſoldats de ſa garde à

134 1856 1025 55 Chaſtillon ſur Loin, pour luy amener les enfans

131 1915 1024 61 de l’Amiral, & de ſon feu frere d’Andelot, de gré,

134 1977 1022 63 ou par force: mais on trouua les aiſnez partis, &

854 2026 121 63 E.iii.
