1459 2417
247 59 102 65 146

271 123 1016 70 12 Que ceux qui ſeront comptables ne puiſ

252 181 1036 70 ſent eſtre appellez à charge aucune quelle qu’elle

253 237 1035 71 ſoit, iuſques apres la reddition &cloſture de leurs

252 298 1037 73 comptes, & qu’ils ayent payé le reliqua s’ils ſont

251 354 1037 74 redeuables: & ſi aucun donnoit voix ou ſuffrages

252 414 1035 72 à vn comptable, ſoit condamné à vingt eſcus d’a¬

255 474 1034 72 mẽde qu’il payer a prõptement à peine de priſon¬

507 44 573 70 DIALOGVE I.

304 534 987 68 13 Que les oſticiers ordinaires de la iuſtice

256 592 1032 67 s’ils ſont cognus gens de bien, demeurent en leur

256 652 1031 66 premier eſtat, pour l’exercer comme de couſtu¬

256 708 1035 69 me, & iuger abſoluement des cauſes de leur iuriſ¬

256 765 1032 72 diction, auec conſeil de douze de la qualité requi¬

259 825 1034 71 ſe. Et ſi leſdicts officiers ordinaires, ne ſont gens

260 887 1033 63 qui ayent accouſtumé de s’acquitter de leur de¬

260 945 1036 67 uoir, & hors de route chiquanerie: en les deſmet

263 1005 1030 58 tant, le Maieur & conſeil de chacune ville en pour

263 1060 1036 69 ra eſtablir d’autres, de la qualité requiſe & neceſ¬

264 1121 1031 59 ſaire pour exercer l’eſtat de iudicature: & ſeront

266 1177 1031 65 leſdicts officiers ſuiets à cenſures, reprimendes, &

268 1239 527 66 çhaſtiemens s’il y eſchet.

321 1291 972 73 14 Qu’entre tous leſdicts chefs & conſeils

271 1352 1024 74 particuliers, ils eſliſent vn chef general, à la façon

270 1412 1037 70 de Dictateur Romain, pour commander en lacã.

271 1470 1016 74 pagne: auquel auſsi ceux des villes & citez obei¬

270 1530 1019 69 ront en tout ce qui ſera de ſa charge, pour le bene

271 1591 733 59 fice commun de leur conſeruation.

313 1642 978 74 15 La façon d’eſlire ce chefgeneral feroit bõ

271 1709 1025 66 ne, ſi (comme les Ioniens, Doriens, Beotiens, A¬

272 1764 1024 70 chees, Dolopes, & autres peuples des douzeflo¬

272 1823 1040 63 riſſantes villes de Grece, qui pour aduiſer à leur,

272 1885 1028 59 eſtat, s’aſſembloyent deux fois en l’an:ou comme

275 1937 1034 74 le conſeil des Amphictyons du temps de Pauſa¬

1192 2003 99 47 nias
