1432 2415
171 126 1025 93 ARGUMMENT DV

467 225 433 84 premier dialogue.

221 571 99 77 A

340 465 853 90 lithie, c’eſt a dire la verite, iſtant

348 543 856 101 en vne de ſes maiſons, qu’elle a li¬

343 637 863 83 brement dreſſee ez quartiers de la

190 719 1012 106 Hongrie qui eſt ſous la puiſſance du Turc,

195 800 1014 97 voit venir ſon amy Philalithie eſchappe

193 885 1020 94 de la France: linterrogue de l’occaſion de

197 967 1018 109 ſon despart: l’hiſ'oriographe à la priere de

198 1058 1017 87 Philalithie la luy recite, diſcourant en gros

198 1139 1021 92 les choſes auenues touchant la Religion

205 1228 1018 90 en Frace, dés Francois premier iuſques au

206 1313 1019 82 mois d’Aoust 1572. ſous Charles neuuieme

209 1399 1019 83 où il commence a raconter plus par le menu

214 1471 1015 105 ce quis eſt paſſé. Le politique aide l’histo¬

216 1565 1016 94 riographe au recit de l’histoire & marque

216 1640 1016 94 incidemment les fautes faictes de tous les

221 1728 1015 89 deux costez, monstrant a l’œil le miſera¬

221 1807 1016 94 ble estat de la France L'egliſe qui la estoit

225 1890 1011 114 prie & parle par fois ſelon la matieré ſub¬
