1442 2417
223 69 92 62 112-

220 128 1041 72 d’enſeiguer (ſous la loy de Dieu) & de faire prati¬

221 192 1047 59 ques aux ſoldats l’art & meſtier des Lacedemoni

224 252 1048 55 ens, lequel en ſomme conſiſtoit en trois choſes:.

223 311 1033 63 A bien obeir à leurs oſſiciers, à porter gayement

223 371 1049 61 les trauaux de la guerre, & à vaincre ou mourir aut

224 429 196 53 combat.

469 69 573 55 DIALOGVE E

272 483 989 67 28 Qu’ils ſe ſouuienent de ce que Iudas Ma

221 543 1053 65 chabeen reſpõdit aux cœurs faillis, Que la victoi

217 600 1043 62 re ne giſt pas en la multitude, & au grand nombre

223 663 1053 60 de ſoldats,ains la force eſt du ciel: Partant, qu’en

223 721 1051 64 inuoquant continuellem ent le Seigneur, ils ſuy¬

224 780 1047 60 uent en leurs entrepriſes l’exemple de ce bon Ma

221 839 1054 53 chabeen, contre Nicanor, & autres ennemis du

227 896 1052 65 peuple de Dieu: Et n’oublient ce que Gedeon, aſ.

223 954 1055 62 ſiſté du Seigneur, fit de beau & de gaillard auec:

224 1016 1055 52 trois cents ſoldats, contre les Madianites: Car ( à.

227 1076 1055 57 vray dire) tout ainſi que les ennemis au temps du

227 1130 1033 57 Machabeen, auſsi bien auiourd'huy les meſchans

224 1191 1037 61 aſſaillent-ils ce poure peuple, confus par leur in¬

225 1247 1036 56 iuſtice, trahiſon, & deſloyauté, voulans abbatre le

228 1309 1048 52 ſeruice de Dieu & deſtruire hommes, femmes, &

227 1366 1047 60 enſans: Et au contraire, les fideles cõbatent pour

228 1422 1029 67 la gloire de Dieu, pour la deffenſe de ſon Egliſe,

229 1486 688 59 & pour leur vie & conſeruation.

291 1542 978 61 29 Que les capitaines s’eſtudient à faïre exer

228 1603 1052 52 cer les ſoldats aux armes, au combat, à l’eſcarmou

228 1659 1054 61 che, à ſouſtenit ou liurer vn aſſaut, Et quede Ge¬

228 1718 1054 63 nera leenparticulier s’eſtudie à apprendre à toute.

231 1776 1051 62 l'armee, de ſe renger en vn clein d’œil (ſi beſoin

229 1834 1050 62 eſt) en bataille, en pluſieurs & diuer ſes ſortes, à

233 1893 1030 66 garder leurs rengs, à ſe rallier, ſelon le lieu, les gẽs

233 1953 1045 63 ou ſelon les ordres, reng, & conſtirution de batail

1205 2006 47 59 le
