<?xml version="1.0" encoding="UTF-8"?>
<alto xmlns:xsi="http://www.w3.org/2001/XMLSchema-instance"
      xmlns="http://www.loc.gov/standards/alto/ns-v4#"
      xsi:schemaLocation="http://www.loc.gov/standards/alto/ns-v4# http://www.loc.gov/standards/alto/v4/alto-4-2.xsd">
  <Description>
    <MeasurementUnit>pixel</MeasurementUnit>
    <sourceImageInformation>
      <fileName>page_00049.png</fileName>
      <fileIdentifier>mets//page_00002.zip/page_00049.png</fileIdentifier>
    </sourceImageInformation>
  </Description>
  <Tags>
    <OtherTag ID="BT7" LABEL="CustomZone" DESCRIPTION="block type CustomZone"/><OtherTag ID="BT8" LABEL="DamageZone" DESCRIPTION="block type DamageZone"/><OtherTag ID="BT9" LABEL="DigitizationArtefactZone" DESCRIPTION="block type DigitizationArtefactZone"/><OtherTag ID="BT10" LABEL="DropCapitalZone" DESCRIPTION="block type DropCapitalZone"/><OtherTag ID="BT11" LABEL="GraphicZone" DESCRIPTION="block type GraphicZone"/><OtherTag ID="BT12" LABEL="MainZone" DESCRIPTION="block type MainZone"/><OtherTag ID="BT13" LABEL="MarginTextZone" DESCRIPTION="block type MarginTextZone"/><OtherTag ID="BT14" LABEL="MusicZone" DESCRIPTION="block type MusicZone"/><OtherTag ID="BT15" LABEL="NumberingZone" DESCRIPTION="block type NumberingZone"/><OtherTag ID="BT17" LABEL="QuireMarksZone" DESCRIPTION="block type QuireMarksZone"/><OtherTag ID="BT18" LABEL="RunningTitleZone" DESCRIPTION="block type RunningTitleZone"/><OtherTag ID="BT19" LABEL="SealZone" DESCRIPTION="block type SealZone"/><OtherTag ID="BT20" LABEL="StampZone" DESCRIPTION="block type StampZone"/><OtherTag ID="BT21" LABEL="TableZone" DESCRIPTION="block type TableZone"/><OtherTag ID="BT22" LABEL="TitlePageZone" DESCRIPTION="block type TitlePageZone"/><OtherTag ID="BT100001" LABEL="MainZone-Head" DESCRIPTION="block type MainZone-Head"/><OtherTag ID="BT100005" LABEL="MainZone-P" DESCRIPTION="block type MainZone-P"/><OtherTag ID="BT100006" LABEL="MainZone-Continued" DESCRIPTION="block type MainZone-Continued"/><OtherTag ID="BT100008" LABEL="MainZone-Sp" DESCRIPTION="block type MainZone-Sp"/><OtherTag ID="BT100002" LABEL="MainZone-Lg" DESCRIPTION="block type MainZone-Lg"/><OtherTag ID="BT100014" LABEL="MainZone-ListItem" DESCRIPTION="block type MainZone-ListItem"/>
    <OtherTag ID="LT7" LABEL="CustomLine" DESCRIPTION="line type CustomLine"/><OtherTag ID="LT8" LABEL="DefaultLine" DESCRIPTION="line type DefaultLine"/><OtherTag ID="LT9" LABEL="DropCapitalLine" DESCRIPTION="line type DropCapitalLine"/><OtherTag ID="LT10" LABEL="HeadingLine" DESCRIPTION="line type HeadingLine"/><OtherTag ID="LT11" LABEL="InterlinearLine" DESCRIPTION="line type InterlinearLine"/><OtherTag ID="LT12" LABEL="MusicLine" DESCRIPTION="line type MusicLine"/><OtherTag ID="LT765" LABEL="default" DESCRIPTION="line type default"/>
  </Tags>
  <Layout>
    <Page WIDTH="1452"
          HEIGHT="2441"
          PHYSICAL_IMG_NR="48"
          ID="eSc_dummypage_">
      <PrintSpace HPOS="0"
                  VPOS="0"
                  WIDTH="1452"
                  HEIGHT="2441">
        <TextBlock HPOS="270.0"
                   VPOS="104.0"
                   WIDTH="65.0"
                   HEIGHT="51.0"
                   ID="block_3"
                   TAGREFS="BT15">
          <Shape><Polygon POINTS="335 104 335 155 270 155 270 104"/></Shape>
          <TextLine ID="line_0"
                    TAGREFS="LT8"
                    BASELINE="270 136 346 139" 
                    HPOS="268"
                    VPOS="98"
                    WIDTH="78"
                    HEIGHT="56">
            <Shape><Polygon POINTS="270 136 268 145 313 154 314 154 316 154 344 145 346 139 346 113 293 98 291 98 290 98 289 98 270 107 270 136"/></Shape>
	    <String CONTENT="10"
                    HPOS="268"
                    VPOS="98"
                    WIDTH="78"
                    HEIGHT="56"
                    WC="0.9999814629554749"></String>
          </TextLine>
        </TextBlock>
        <TextBlock HPOS="248.0"
                   VPOS="169.0"
                   WIDTH="1056.0"
                   HEIGHT="763.0"
                   ID="block_5"
                   TAGREFS="BT100006">
          <Shape><Polygon POINTS="1299 175 1304 929 261 932 248 169"/></Shape>
          <TextLine ID="line_2"
                    TAGREFS="LT8"
                    BASELINE="259 210 1295 215" 
                    HPOS="257"
                    VPOS="164"
                    WIDTH="1038"
                    HEIGHT="62">
            <Shape><Polygon POINTS="259 210 257 219 1293 226 1295 215 1295 181 1259 180 1245 168 1244 168 1243 168 1241 168 1240 168 1209 179 1192 168 1191 168 1190 168 1152 168 1150 168 1149 168 1148 168 1135 179 1107 180 1091 180 1086 180 1038 166 1036 166 998 166 997 166 996 166 994 166 979 179 962 166 960 166 959 166 958 166 956 166 926 179 925 179 922 179 844 166 842 166 841 166 839 166 825 179 819 179 778 179 776 177 749 166 747 166 746 166 744 166 724 177 723 179 664 179 663 177 640 165 639 165 637 165 636 165 590 177 587 177 586 177 559 165 557 165 556 165 555 165 526 177 525 177 523 177 499 164 498 164 496 164 495 164 465 173 436 164 435 164 434 164 432 164 431 164 413 176 412 176 259 176 259 210"/></Shape>
	    <String CONTENT="nommoit Lutheriens, &amp; au lieu de faire ceſſer let"
                    HPOS="257"
                    VPOS="164"
                    WIDTH="1038"
                    HEIGHT="62"
                    WC="0.9891606666603867"></String>
          </TextLine>
          <TextLine ID="line_3"
                    TAGREFS="LT8"
                    BASELINE="259 268 1291 272" 
                    HPOS="257"
                    VPOS="227"
                    WIDTH="1034"
                    HEIGHT="63">
            <Shape><Polygon POINTS="1237 230 1122 240 1114 240 1103 240 989 230 987 230 986 230 953 238 948 240 943 238 910 230 909 230 896 230 861 238 858 240 787 240 784 238 772 230 759 230 746 230 735 230 727 237 726 238 720 237 683 231 682 231 681 231 660 237 655 238 654 237 644 230 637 230 624 230 621 230 534 237 521 237 519 237 508 230 502 230 491 230 474 235 470 238 321 238 317 235 302 227 301 227 299 227 259 234 259 268 257 278 329 286 331 286 732 282 759 288 761 288 762 288 763 288 781 282 850 288 852 288 959 283 977 290 978 290 979 290 1290 282 1291 272 1290 241 1238 230 1237 230"/></Shape>
	    <String CONTENT="ſeux contr’eux, ils en firent plus aſpre pourſuite"
                    HPOS="257"
                    VPOS="227"
                    WIDTH="1034"
                    HEIGHT="63"
                    WC="0.998299411535263"></String>
          </TextLine>
          <TextLine ID="line_4"
                    TAGREFS="LT8"
                    BASELINE="260 326 1293 332" 
                    HPOS="259"
                    VPOS="284"
                    WIDTH="1034"
                    HEIGHT="60">
            <Shape><Polygon POINTS="260 326 259 340 1290 344 1293 332 1290 288 1238 301 1202 301 1179 288 1177 288 1176 288 1175 288 1173 288 1172 288 1139 299 1073 299 1058 290 1058 288 1057 288 1055 288 1054 288 1053 288 1047 290 1020 296 1002 290 996 287 994 287 993 287 991 287 982 290 955 299 884 299 869 291 861 287 860 287 858 287 804 291 732 296 708 291 679 286 637 286 636 286 635 286 633 286 626 292 622 295 614 292 594 286 593 286 591 286 590 286 574 292 564 296 530 292 480 287 479 287 423 294 405 295 403 294 389 284 388 284 386 284 385 284 384 284 358 294 352 295 347 294 325 288 324 288 322 288 260 294 260 326"/></Shape>
	    <String CONTENT="que deuant, reduiſant meſsieurs de Lorraine en"
                    HPOS="259"
                    VPOS="284"
                    WIDTH="1034"
                    HEIGHT="60"
                    WC="0.9969645453535992"></String>
          </TextLine>
          <TextLine ID="line_5"
                    TAGREFS="LT8"
                    BASELINE="261 385 1295 391" 
                    HPOS="260"
                    VPOS="341"
                    WIDTH="1035"
                    HEIGHT="63">
            <Shape><Polygon POINTS="261 385 260 395 270 402 271 402 272 402 274 402 431 397 469 404 470 404 1294 401 1295 391 1295 358 1262 347 1260 347 1259 347 1257 347 1230 358 1230 359 1105 359 1103 358 1073 345 1072 345 1040 345 1039 345 1038 345 1036 345 1024 356 982 345 981 345 979 345 978 345 977 345 963 356 962 358 896 358 894 356 875 344 873 344 872 344 871 344 776 355 772 355 770 355 740 344 739 344 738 344 736 344 735 344 721 355 720 356 696 356 693 355 677 343 675 343 674 343 673 343 632 351 598 343 597 343 595 343 594 343 593 343 579 353 578 355 533 355 531 353 511 343 510 343 508 343 507 343 506 343 493 353 492 355 470 355 468 353 442 341 441 341 439 341 438 341 407 352 381 341 379 341 378 341 377 341 355 352 261 352 261 385"/></Shape>
	    <String CONTENT="tout le ſurplus, l’eſtat des affaires du Royaume à"
                    HPOS="260"
                    VPOS="341"
                    WIDTH="1035"
                    HEIGHT="63"
                    WC="0.9893003819035548"></String>
          </TextLine>
          <TextLine ID="line_6"
                    TAGREFS="LT8"
                    BASELINE="260 444 1291 447" 
                    HPOS="259"
                    VPOS="402"
                    WIDTH="1032"
                    HEIGHT="65">
            <Shape><Polygon POINTS="260 444 259 454 350 465 351 465 404 458 772 458 791 466 792 466 793 466 883 458 929 466 930 467 987 467 987 466 989 466 1005 458 1020 466 1021 466 1023 466 1290 457 1291 447 1290 416 1211 416 1210 414 1192 404 1191 404 1190 404 1142 404 1141 404 1139 404 1116 414 1114 416 1027 416 1024 413 1013 404 1012 404 1010 404 1009 404 1008 404 987 413 983 416 940 416 936 412 925 404 924 404 922 404 921 404 880 412 867 416 815 416 811 412 801 404 800 404 799 404 797 404 765 412 755 413 751 410 738 404 736 404 735 404 734 404 732 404 724 410 720 414 639 414 632 410 617 402 616 402 614 402 613 402 590 410 578 414 546 414 540 409 531 402 530 402 529 402 527 402 526 402 507 409 496 413 485 409 470 402 469 402 426 402 424 402 423 402 422 402 415 408 412 410 408 408 393 402 392 402 390 402 389 402 374 408 359 414 305 414 294 408 286 402 284 402 283 402 282 402 260 406 260 444"/></Shape>
	    <String CONTENT="leur plaiſir &amp; volonte, iuſques là, qu’ayans fait re¬"
                    HPOS="259"
                    VPOS="402"
                    WIDTH="1032"
                    HEIGHT="65"
                    WC="0.9888443207299268"></String>
          </TextLine>
          <TextLine ID="line_7"
                    TAGREFS="LT8"
                    BASELINE="259 504 1291 504" 
                    HPOS="259"
                    VPOS="462"
                    WIDTH="1032"
                    HEIGHT="61">
            <Shape><Polygon POINTS="259 504 259 516 442 516 462 523 464 523 465 523 466 523 481 516 732 516 747 523 749 523 750 523 829 516 895 523 896 523 898 523 920 516 1024 523 1025 523 1291 515 1291 504 1291 473 1264 462 1263 462 1222 462 1221 462 1219 462 1218 462 1205 473 1175 462 1173 462 1172 462 1120 469 1104 462 1103 462 1101 462 1100 462 1099 462 1085 474 968 474 955 462 953 462 952 462 951 462 949 462 930 473 914 462 913 462 911 462 910 462 909 462 872 471 845 462 844 462 842 462 841 462 839 462 825 474 738 474 705 462 704 462 702 462 701 462 660 473 648 462 647 462 645 462 593 462 591 462 590 462 588 462 574 474 503 474 449 462 447 462 446 462 420 473 389 462 388 462 386 462 385 462 360 474 259 474 259 504"/></Shape>
	    <String CONTENT="muer la Cour d’Amboyſe à Orleans, &amp; là aſsi¬"
                    HPOS="259"
                    VPOS="462"
                    WIDTH="1032"
                    HEIGHT="61"
                    WC="0.9951070132462875"></String>
          </TextLine>
          <TextLine ID="line_8"
                    TAGREFS="LT8"
                    BASELINE="263 561 1291 566" 
                    HPOS="263"
                    VPOS="518"
                    WIDTH="1028"
                    HEIGHT="67">
            <Shape><Polygon POINTS="263 561 263 580 347 573 484 580 553 583 555 584 660 584 660 583 662 583 663 583 667 579 674 574 1027 574 1029 577 1034 581 1034 583 1035 583 1036 583 1110 585 1111 585 1112 585 1131 577 1290 576 1291 566 1291 534 1266 522 1264 522 1263 522 1200 532 1160 532 1148 522 1146 522 1145 522 1143 522 1142 522 1116 532 1115 532 1088 532 1061 532 1048 522 1047 522 1046 522 1044 522 1043 522 1015 531 1002 520 1001 520 1000 520 998 520 997 520 962 531 917 531 905 520 903 520 902 520 858 520 857 520 856 520 854 520 838 531 837 531 724 531 724 530 711 519 709 519 708 519 683 519 682 519 681 519 679 519 666 530 666 531 626 531 626 530 605 519 603 519 602 519 601 519 583 528 572 520 571 520 569 520 568 520 530 530 527 530 523 530 488 518 487 518 424 518 423 518 422 518 397 528 396 528 367 518 366 518 332 518 331 518 329 518 328 518 316 528 314 528 263 528 263 561"/></Shape>
	    <String CONTENT="gné les Eſtats, ils y firent auſsi venir le prince de"
                    HPOS="263"
                    VPOS="518"
                    WIDTH="1028"
                    HEIGHT="67"
                    WC="0.988914958856724"></String>
          </TextLine>
          <TextLine ID="line_9"
                    TAGREFS="LT8"
                    BASELINE="261 619 1290 622" 
                    HPOS="260"
                    VPOS="579"
                    WIDTH="1030"
                    HEIGHT="63">
            <Shape><Polygon POINTS="261 619 260 630 415 641 416 641 458 633 508 641 510 641 511 641 529 633 641 633 776 642 777 642 815 634 1080 642 1081 642 1082 642 1099 634 1289 633 1290 622 1290 591 1274 581 1272 581 1271 581 1270 581 1268 581 1245 592 1244 592 1238 592 1124 580 1123 580 1122 580 1078 592 1074 592 1070 592 1031 585 1029 585 964 592 953 592 949 592 914 580 913 580 911 580 871 589 857 580 856 580 854 580 812 580 811 580 810 580 788 591 785 592 709 592 708 591 675 579 674 579 654 579 652 579 651 579 650 579 635 591 609 579 607 579 606 579 605 579 578 591 576 592 487 592 485 591 454 579 453 579 451 579 261 589 261 619"/></Shape>
	    <String CONTENT="Condé, Prince du ſang, qu’ils firent empriſonnet"
                    HPOS="260"
                    VPOS="579"
                    WIDTH="1030"
                    HEIGHT="63"
                    WC="0.9890791980587706"></String>
          </TextLine>
          <TextLine ID="line_10"
                    TAGREFS="LT8"
                    BASELINE="260 678 1291 682" 
                    HPOS="259"
                    VPOS="637"
                    WIDTH="1032"
                    HEIGHT="64">
            <Shape><Polygon POINTS="260 678 259 687 415 698 416 699 549 699 549 698 550 698 567 690 812 699 814 701 857 701 857 699 858 699 860 699 871 691 951 698 952 698 985 692 1016 701 1017 701 1019 701 1138 694 1149 699 1150 699 1152 699 1153 699 1154 699 1161 692 1171 699 1172 699 1173 699 1175 699 1176 699 1177 699 1188 692 1274 699 1275 699 1276 699 1290 691 1291 682 1291 652 1245 640 1244 640 1198 640 1196 640 1195 640 1167 650 1167 652 1021 652 1020 650 1008 640 1006 640 1005 640 1004 640 1002 640 978 650 869 650 854 638 853 638 852 638 850 638 849 638 808 649 808 650 707 650 705 649 656 638 655 638 654 638 652 638 637 649 601 637 599 637 559 637 557 637 556 637 534 648 474 641 473 641 409 648 396 637 394 637 393 637 354 637 352 637 351 637 350 637 340 645 329 637 328 637 327 637 278 637 276 637 275 637 274 637 260 645 260 678"/></Shape>
	    <String CONTENT="dés l’heure qu’il y fut arriué, pour luy faire rẽdre"
                    HPOS="259"
                    VPOS="637"
                    WIDTH="1032"
                    HEIGHT="64"
                    WC="0.969508107142015"></String>
          </TextLine>
          <TextLine ID="line_11"
                    TAGREFS="LT8"
                    BASELINE="259 737 1293 741" 
                    HPOS="257"
                    VPOS="695"
                    WIDTH="1036"
                    HEIGHT="65">
            <Shape><Polygon POINTS="259 737 257 747 352 758 354 758 432 749 542 749 553 758 555 758 556 758 557 758 742 751 773 759 774 759 776 759 1036 752 1051 760 1053 760 1054 760 1055 760 1198 752 1230 752 1257 752 1278 760 1279 760 1281 760 1282 760 1283 760 1291 752 1293 741 1293 710 1256 710 1255 709 1237 698 1236 698 1234 698 1233 698 1232 698 1203 709 1203 710 1143 710 1142 709 1124 698 1123 698 1122 698 1120 698 1069 709 1065 710 1042 710 1040 709 1028 698 1027 698 1025 698 1024 698 968 707 951 697 949 697 948 697 947 697 945 697 925 703 918 697 917 697 915 697 842 697 841 697 839 697 815 707 815 709 777 709 776 707 762 697 761 697 759 697 758 697 757 697 731 706 716 697 715 697 713 697 712 697 711 697 674 706 651 697 650 697 648 697 647 697 645 697 633 707 631 707 610 701 609 701 607 701 492 706 487 706 485 706 470 695 469 695 468 695 466 695 465 695 434 706 432 706 259 706 259 737"/></Shape>
	    <String CONTENT="compte de ce qui s’eſtoit paſſé à Amboyſe:en dan"
                    HPOS="257"
                    VPOS="695"
                    WIDTH="1036"
                    HEIGHT="65"
                    WC="0.9907676851749421"></String>
          </TextLine>
          <TextLine ID="line_12"
                    TAGREFS="LT8"
                    BASELINE="261 800 1291 800" 
                    HPOS="261"
                    VPOS="756"
                    WIDTH="1030"
                    HEIGHT="63">
            <Shape><Polygon POINTS="261 800 261 819 316 810 370 819 377 819 378 819 379 819 382 819 415 810 628 810 658 816 677 819 678 819 704 815 739 810 816 810 825 815 831 819 833 819 834 819 835 819 837 819 854 813 868 810 905 813 970 819 971 819 1046 812 1069 810 1096 812 1215 819 1217 819 1291 809 1291 800 1291 768 1171 768 1156 756 1154 756 1153 756 1152 756 1150 756 1114 768 1062 768 1035 756 1034 756 1032 756 1031 756 1029 756 1015 768 930 768 914 756 913 756 911 756 879 756 877 756 876 756 875 756 864 766 778 767 761 756 759 756 758 756 712 756 711 756 709 756 708 756 694 768 667 768 636 756 635 756 633 756 632 756 594 767 569 756 568 756 567 756 565 756 534 766 523 756 522 756 521 756 465 756 464 756 462 756 461 756 450 764 426 756 424 756 423 756 422 756 397 764 360 756 359 756 358 756 356 756 341 768 261 768 261 800"/></Shape>
	    <String CONTENT="ger d&#x27;y laiſſer la vie, ſi le roy François toſt apres"
                    HPOS="261"
                    VPOS="756"
                    WIDTH="1030"
                    HEIGHT="63"
                    WC="0.9737632329817172"></String>
          </TextLine>
          <TextLine ID="line_13"
                    TAGREFS="LT8"
                    BASELINE="264 858 1295 858" 
                    HPOS="264"
                    VPOS="813"
                    WIDTH="1031"
                    HEIGHT="64">
            <Shape><Polygon POINTS="264 858 265 877 297 869 591 869 603 874 606 876 607 876 609 876 625 874 659 870 673 874 685 877 686 877 688 877 721 873 762 869 780 873 797 877 799 877 800 877 872 871 903 870 944 871 1062 876 1063 876 1065 876 1066 876 1073 870 1076 869 1101 870 1232 877 1233 877 1295 867 1295 858 1295 827 1248 827 1232 813 1230 813 1229 813 1177 813 1176 813 1175 813 1173 813 1165 821 1139 813 1138 813 1137 813 1135 813 1134 813 1122 823 1091 813 1089 813 1088 813 1086 813 1085 813 1063 827 968 827 936 813 934 813 933 813 932 813 930 813 915 825 852 813 850 813 849 813 848 813 831 825 746 813 744 813 743 813 742 813 727 825 679 825 658 813 656 813 655 813 617 813 616 813 614 813 613 813 598 827 567 827 546 813 545 813 544 813 518 813 517 813 515 813 514 813 502 824 480 813 479 813 477 813 476 813 474 813 453 827 264 827 264 858"/></Shape>
	    <String CONTENT="par vn mal d’oreille qui luy ſuruint, ne ſe fuſt ha¬"
                    HPOS="264"
                    VPOS="813"
                    WIDTH="1031"
                    HEIGHT="64"
                    WC="0.9938352428949796"></String>
          </TextLine>
          <TextLine ID="line_14"
                    TAGREFS="LT8"
                    BASELINE="260 914 982 916" 
                    HPOS="259"
                    VPOS="871"
                    WIDTH="723"
                    HEIGHT="63">
            <Shape><Polygon POINTS="260 914 259 923 378 931 379 931 381 931 382 931 386 927 392 931 392 933 393 933 394 933 396 933 549 926 621 934 622 934 624 934 648 927 759 934 761 934 981 926 982 916 981 886 877 885 835 873 834 873 833 873 831 873 830 873 814 885 781 873 780 873 778 873 777 873 750 885 719 885 685 885 667 876 666 876 664 876 663 876 662 876 651 885 650 886 626 886 602 885 593 885 575 871 574 871 572 871 571 871 569 871 519 884 480 884 466 871 465 871 464 871 462 871 461 871 432 884 377 882 367 873 367 871 366 871 365 871 363 871 362 871 339 878 332 873 332 871 331 871 329 871 278 871 276 871 275 871 274 871 260 880 260 914"/></Shape>
	    <String CONTENT="ſté de quitter le premier la ſienne."
                    HPOS="259"
                    VPOS="871"
                    WIDTH="723"
                    HEIGHT="63"
                    WC="0.9744666975897711"></String>
          </TextLine>
        </TextBlock>
        <TextBlock HPOS="545.0"
                   VPOS="95.0"
                   WIDTH="500.0"
                   HEIGHT="59.0"
                   ID="block_2"
                   TAGREFS="BT18">
          <Shape><Polygon POINTS="1045 95 1045 154 545 154 545 95"/></Shape>
          <TextLine ID="line_1"
                    TAGREFS="LT10"
                    BASELINE="534 141 1047 141" 
                    HPOS="534"
                    VPOS="101"
                    WIDTH="513"
                    HEIGHT="54">
            <Shape><Polygon POINTS="1023 130 1009 130 996 130 982 130 968 130 955 130 941 130 928 130 914 130 901 130 887 130 873 130 860 130 846 130 833 130 819 130 806 130 792 130 778 130 765 130 751 130 738 127 736 117 731 115 730 115 728 115 727 115 726 115 724 115 719 119 712 112 701 103 701 101 700 101 698 101 671 101 670 101 669 101 667 101 667 103 660 108 654 101 652 101 651 101 613 101 612 101 610 101 609 101 609 103 602 108 595 101 594 101 593 101 591 101 534 105 534 141 534 147 546 155 548 155 549 155 550 155 591 147 620 155 621 155 622 155 624 155 648 147 677 155 678 155 679 155 681 155 711 147 728 155 730 155 731 155 732 155 766 147 793 155 795 155 796 155 797 155 823 147 863 155 864 155 865 155 898 147 922 147 930 154 930 155 932 155 933 155 934 155 936 155 937 155 951 147 1032 155 1034 155 1035 155 1036 155 1047 147 1047 141 1047 130 1036 130"/></Shape>
	    <String CONTENT="DIADOOV E"
                    HPOS="534"
                    VPOS="101"
                    WIDTH="513"
                    HEIGHT="54"
                    WC="0.9999832974539863"></String>
          </TextLine>
        </TextBlock>
        <TextBlock HPOS="255"
                   VPOS="931"
                   WIDTH="1051"
                   HEIGHT="1115"
                   ID="block_1"
                   TAGREFS="BT100008">
          <Shape><Polygon POINTS="1302 931 1306 2038 255 2046 255 941"/></Shape>
          <TextLine ID="line_15"
                    TAGREFS="LT8"
                    BASELINE="259 973 1294 976" 
                    HPOS="257"
                    VPOS="930"
                    WIDTH="1037"
                    HEIGHT="62">
            <Shape><Polygon POINTS="259 973 257 981 308 991 309 991 744 984 797 991 799 991 986 985 1023 992 1024 992 1025 992 1027 992 1038 985 1116 992 1118 992 1176 985 1219 992 1221 992 1222 992 1241 985 1275 992 1276 992 1278 992 1293 984 1294 976 1294 943 1268 931 1267 931 1266 931 1264 931 1240 939 1196 931 1195 931 1194 931 1192 931 1180 942 1179 943 975 943 964 939 944 931 943 931 941 931 940 931 939 931 930 938 925 943 860 943 852 937 845 931 844 931 842 931 796 931 795 931 793 931 792 931 787 937 781 941 761 937 732 930 731 930 730 930 711 935 693 941 674 935 659 930 658 930 656 930 655 930 643 934 625 941 584 934 561 930 560 930 559 930 557 930 553 933 544 942 461 942 439 931 434 930 432 930 431 930 430 930 426 931 404 941 385 931 382 930 381 930 379 930 378 930 375 931 356 942 308 942 294 930 293 930 291 930 259 930 259 973"/></Shape>
	    <String CONTENT="Le pol. Ie me ſouuien fort bien de ce temps-là &amp;"
                    HPOS="257"
                    VPOS="930"
                    WIDTH="1037"
                    HEIGHT="62"
                    WC="0.9966533001588316"></String>
          </TextLine>
          <TextLine ID="line_16"
                    TAGREFS="LT8"
                    BASELINE="257 1030 1291 1034" 
                    HPOS="256"
                    VPOS="989"
                    WIDTH="1035"
                    HEIGHT="63">
            <Shape><Polygon POINTS="257 1030 256 1040 378 1049 379 1049 550 1042 948 1052 949 1052 1290 1044 1291 1034 1290 1004 1092 1004 1091 1003 1070 992 1069 992 1067 992 907 1002 890 991 888 991 887 991 886 991 884 991 861 998 854 991 853 991 852 991 799 991 797 991 796 991 766 1002 749 991 747 991 746 991 713 991 712 991 711 991 686 1002 685 1002 656 991 655 991 654 991 652 991 651 991 637 1002 636 1003 612 1003 607 1002 568 989 567 989 565 989 564 989 525 1000 493 992 492 992 491 992 489 992 466 1000 465 1002 313 1002 312 1000 299 989 298 989 297 989 295 989 294 989 257 999 257 1030"/></Shape>
	    <String CONTENT="de ce que tu viens de dire. Mais quãt à la conuocz"
                    HPOS="256"
                    VPOS="989"
                    WIDTH="1035"
                    HEIGHT="63"
                    WC="0.9847806130464261"></String>
          </TextLine>
          <TextLine ID="line_17"
                    TAGREFS="LT8"
                    BASELINE="260 1090 1289 1094" 
                    HPOS="259"
                    VPOS="1046"
                    WIDTH="1030"
                    HEIGHT="57">
            <Shape><Polygon POINTS="260 1090 259 1099 1286 1103 1289 1094 1286 1056 1232 1059 1219 1056 1200 1049 1199 1049 1198 1049 1196 1049 1184 1056 1177 1059 1165 1056 1145 1049 1143 1049 1142 1049 1141 1049 1139 1049 1133 1056 1127 1060 1040 1060 1035 1056 1028 1049 1027 1049 1025 1049 987 1049 986 1049 985 1049 963 1056 951 1059 925 1056 871 1048 869 1048 868 1048 867 1048 857 1056 854 1059 740 1059 735 1056 716 1048 715 1048 713 1048 712 1048 711 1048 700 1056 697 1057 692 1056 667 1048 666 1048 664 1048 663 1048 662 1048 652 1056 650 1059 618 1059 616 1056 605 1046 603 1046 602 1046 560 1046 559 1046 557 1046 556 1046 544 1056 542 1057 495 1057 493 1056 483 1046 481 1046 480 1046 430 1046 428 1046 378 1056 374 1056 373 1056 355 1046 354 1046 352 1046 351 1046 333 1056 322 1046 321 1046 320 1046 289 1046 287 1046 286 1046 260 1055 260 1090"/></Shape>
	    <String CONTENT="tiõ des Eſtats faite deda part de meſtieurs de Lor"
                    HPOS="259"
                    VPOS="1046"
                    WIDTH="1030"
                    HEIGHT="57"
                    WC="0.963113989315781"></String>
          </TextLine>
          <TextLine ID="line_18"
                    TAGREFS="LT8"
                    BASELINE="257 1148 1290 1152" 
                    HPOS="256"
                    VPOS="1106"
                    WIDTH="1034"
                    HEIGHT="62">
            <Shape><Polygon POINTS="257 1148 256 1160 265 1166 267 1166 268 1166 270 1166 555 1160 945 1168 947 1168 1289 1162 1290 1152 1290 1122 1264 1109 1263 1109 1262 1109 1260 1109 1230 1117 1221 1109 1219 1109 1218 1109 1217 1109 1176 1116 1148 1109 1146 1109 1145 1109 1143 1109 1119 1121 1104 1121 945 1114 944 1114 906 1120 902 1120 899 1120 861 1107 860 1107 858 1107 770 1118 757 1107 755 1107 754 1107 753 1107 711 1117 667 1107 666 1107 664 1107 663 1107 651 1118 648 1120 545 1120 541 1117 525 1106 523 1106 522 1106 521 1106 519 1106 489 1117 483 1118 455 1118 454 1117 442 1106 441 1106 439 1106 415 1106 413 1106 412 1106 411 1106 398 1116 394 1118 257 1116 257 1148"/></Shape>
	    <String CONTENT="raine, ſous le nom du Roy François, ce n&#x27;eſtoit"
                    HPOS="256"
                    VPOS="1106"
                    WIDTH="1034"
                    HEIGHT="62"
                    WC="0.9892345815896988"></String>
          </TextLine>
          <TextLine ID="line_19"
                    TAGREFS="LT8"
                    BASELINE="261 1206 1289 1209" 
                    HPOS="260"
                    VPOS="1170"
                    WIDTH="1029"
                    HEIGHT="61">
            <Shape><Polygon POINTS="261 1206 260 1221 267 1228 267 1229 268 1229 270 1229 271 1231 306 1231 306 1229 308 1229 309 1229 324 1219 325 1219 341 1219 514 1229 515 1229 517 1229 518 1229 530 1219 531 1219 652 1219 655 1219 670 1225 671 1225 673 1225 736 1219 749 1219 759 1219 882 1231 883 1231 884 1231 907 1220 991 1231 993 1231 994 1231 1017 1220 1072 1220 1088 1231 1089 1231 1091 1231 1092 1231 1093 1231 1127 1221 1199 1231 1200 1231 1202 1231 1203 1231 1214 1221 1287 1219 1289 1209 1287 1179 1156 1171 1154 1171 1078 1178 1074 1178 1067 1178 993 1171 991 1171 990 1171 971 1178 970 1178 968 1178 944 1171 943 1171 941 1171 689 1177 681 1177 679 1177 645 1170 644 1170 643 1170 628 1177 626 1177 587 1170 586 1170 536 1177 533 1177 530 1177 492 1170 491 1170 261 1175 261 1206"/></Shape>
	    <String CONTENT="qu’vn maſque &amp;couuerture qu’ils prenoyẽt:pour"
                    HPOS="260"
                    VPOS="1170"
                    WIDTH="1029"
                    HEIGHT="61"
                    WC="0.9926999833272852"></String>
          </TextLine>
          <TextLine ID="line_20"
                    TAGREFS="LT8"
                    BASELINE="260 1269 1290 1265" 
                    HPOS="259"
                    VPOS="1246"
                    WIDTH="1031"
                    HEIGHT="40">
            <Shape><Polygon POINTS="1276 1262 1263 1262 1249 1262 1236 1262 1222 1262 1209 1262 1195 1262 1181 1262 1168 1262 1154 1262 1141 1262 1127 1262 1114 1262 1100 1262 1086 1262 1073 1262 1059 1262 1046 1262 1032 1262 1019 1262 1005 1262 991 1262 978 1262 964 1262 951 1262 937 1262 924 1262 910 1262 896 1262 883 1262 869 1262 856 1262 842 1262 829 1262 815 1262 801 1262 788 1262 774 1262 761 1262 747 1262 734 1262 720 1262 707 1262 693 1262 679 1262 666 1262 652 1262 639 1262 625 1262 612 1262 598 1262 584 1262 571 1262 557 1262 544 1262 530 1262 517 1262 503 1262 489 1262 476 1262 462 1262 449 1262 435 1262 422 1262 408 1262 394 1262 381 1262 367 1262 354 1262 350 1250 259 1246 260 1269 260 1280 464 1280 466 1280 512 1286 514 1286 515 1286 529 1280 533 1280 702 1285 704 1285 810 1278 814 1278 819 1278 921 1285 922 1285 924 1285 955 1277 959 1277 1122 1277 1129 1277 1264 1284 1266 1284 1267 1284 1290 1276 1290 1265 1289 1262 1276 1262"/></Shape>
	    <String CONTENT="mionntrer qu&#x27;hseſtojeuc couteus que les aucieu¬"
                    HPOS="259"
                    VPOS="1246"
                    WIDTH="1031"
                    HEIGHT="40"
                    WC="0.9788424334627517"></String>
          </TextLine>
          <TextLine ID="line_21"
                    TAGREFS="LT8"
                    BASELINE="259 1324 1290 1327" 
                    HPOS="257"
                    VPOS="1284"
                    WIDTH="1033"
                    HEIGHT="53">
            <Shape><Polygon POINTS="259 1324 257 1334 1287 1337 1290 1327 1290 1297 1272 1289 1271 1289 1270 1289 1167 1296 1131 1285 1130 1285 1129 1285 1127 1285 1107 1296 1043 1285 1042 1285 1040 1285 1013 1296 1013 1297 865 1297 860 1296 773 1284 726 1284 724 1284 723 1284 692 1295 548 1295 536 1284 534 1284 533 1284 506 1284 504 1284 503 1284 502 1284 488 1295 468 1284 466 1284 465 1284 464 1284 431 1295 428 1296 385 1296 384 1295 362 1284 360 1284 359 1284 358 1284 329 1295 327 1295 259 1295 259 1324"/></Shape>
	    <String CONTENT="nes loix du Royaume fuſſent remiſes ſus, &amp; entre"
                    HPOS="257"
                    VPOS="1284"
                    WIDTH="1033"
                    HEIGHT="53"
                    WC="0.9839107915759087"></String>
          </TextLine>
          <TextLine ID="line_22"
                    TAGREFS="LT8"
                    BASELINE="260 1385 1290 1385" 
                    HPOS="260"
                    VPOS="1345"
                    WIDTH="1030"
                    HEIGHT="58">
            <Shape><Polygon POINTS="260 1385 260 1396 274 1403 275 1403 276 1403 309 1396 564 1396 743 1396 759 1403 761 1403 762 1403 846 1396 852 1396 854 1396 895 1403 896 1403 1290 1396 1290 1385 1290 1354 1164 1345 1162 1345 1161 1345 1160 1345 1152 1353 1086 1353 1046 1345 1044 1345 1043 1345 1042 1345 1031 1353 983 1345 982 1345 981 1345 959 1354 827 1354 759 1345 758 1345 757 1345 726 1353 693 1345 692 1345 690 1345 689 1345 688 1345 677 1354 610 1354 568 1345 567 1345 565 1345 564 1345 553 1354 507 1354 473 1345 472 1345 470 1345 469 1345 436 1354 260 1354 260 1385"/></Shape>
	    <String CONTENT="tenues en leur force &amp; vigueur par l’aduis cõmun"
                    HPOS="260"
                    VPOS="1345"
                    WIDTH="1030"
                    HEIGHT="58"
                    WC="0.9985177529101469"></String>
          </TextLine>
          <TextLine ID="line_23"
                    TAGREFS="LT8"
                    BASELINE="261 1444 1289 1441" 
                    HPOS="260"
                    VPOS="1400"
                    WIDTH="1029"
                    HEIGHT="55">
            <Shape><Polygon POINTS="261 1444 261 1455 1287 1453 1289 1441 1286 1413 1195 1413 1177 1400 1176 1400 1175 1400 1173 1400 1172 1400 1145 1411 1054 1400 1053 1400 1051 1400 1050 1400 1031 1413 977 1413 944 1400 943 1400 941 1400 940 1400 939 1400 925 1411 846 1402 845 1402 844 1402 823 1413 772 1413 688 1406 686 1406 605 1413 587 1402 586 1402 584 1402 583 1402 538 1410 506 1402 504 1402 503 1402 502 1402 500 1402 484 1414 461 1414 420 1402 419 1402 348 1402 347 1402 346 1402 321 1411 310 1402 309 1402 308 1402 276 1402 275 1402 274 1402 272 1402 260 1411 261 1444"/></Shape>
	    <String CONTENT="des Eſtats (iadis cerueau, yeux, &amp; oreilles de nos"
                    HPOS="260"
                    VPOS="1400"
                    WIDTH="1029"
                    HEIGHT="55"
                    WC="0.9916747808456421"></String>
          </TextLine>
          <TextLine ID="line_24"
                    TAGREFS="LT8"
                    BASELINE="261 1503 1290 1499" 
                    HPOS="260"
                    VPOS="1455"
                    WIDTH="1030"
                    HEIGHT="58">
            <Shape><Polygon POINTS="261 1503 261 1513 1290 1509 1290 1499 1287 1467 1256 1467 1243 1455 1241 1455 1240 1455 1238 1455 1237 1455 1214 1465 1202 1455 1200 1455 1199 1455 1198 1455 1196 1455 1181 1463 1172 1455 1171 1455 1169 1455 1103 1455 1101 1455 1100 1455 1072 1465 1044 1455 1043 1455 1042 1455 1040 1455 1019 1465 981 1457 979 1457 978 1457 945 1465 934 1456 933 1456 932 1456 930 1456 929 1456 928 1456 917 1464 905 1456 903 1456 902 1456 901 1456 899 1456 898 1456 886 1467 861 1456 860 1456 858 1456 857 1456 830 1467 811 1457 810 1457 808 1457 807 1457 782 1467 761 1457 759 1457 758 1457 757 1457 734 1467 721 1456 720 1456 719 1456 679 1456 678 1456 677 1456 675 1456 659 1467 637 1456 636 1456 635 1456 633 1456 601 1470 415 1470 398 1457 397 1457 396 1457 394 1457 393 1457 369 1467 343 1457 341 1457 340 1457 339 1457 314 1468 301 1457 299 1457 298 1457 274 1457 272 1457 271 1457 270 1457 270 1459 260 1465 261 1503"/></Shape>
	    <String CONTENT="Rois les mieux aduiſez&amp; la bride &amp; chaſtifol des"
                    HPOS="260"
                    VPOS="1455"
                    WIDTH="1030"
                    HEIGHT="58"
                    WC="0.9878133994837602"></String>
          </TextLine>
          <TextLine ID="line_25"
                    TAGREFS="LT8"
                    BASELINE="260 1560 1289 1560" 
                    HPOS="260"
                    VPOS="1518"
                    WIDTH="1029"
                    HEIGHT="57">
            <Shape><Polygon POINTS="260 1560 260 1570 1287 1575 1289 1560 1289 1529 1124 1529 1072 1518 1070 1518 1069 1518 1067 1518 1055 1529 986 1529 972 1518 971 1518 970 1518 939 1518 937 1518 936 1518 913 1528 867 1518 865 1518 864 1518 863 1518 852 1528 825 1520 823 1520 822 1520 777 1528 754 1518 753 1518 675 1518 674 1518 673 1518 651 1529 576 1529 542 1518 541 1518 540 1518 538 1518 537 1518 522 1528 491 1518 489 1518 488 1518 487 1518 485 1518 473 1529 403 1529 390 1518 389 1518 388 1518 339 1518 337 1518 336 1518 318 1528 274 1520 272 1520 271 1520 270 1520 260 1525 260 1560"/></Shape>
	    <String CONTENT="meſchans &amp; des mal ſaiges) afin d’arracher par ce"
                    HPOS="260"
                    VPOS="1518"
                    WIDTH="1029"
                    HEIGHT="57"
                    WC="0.9966266556661956"></String>
          </TextLine>
          <TextLine ID="line_26"
                    TAGREFS="LT8"
                    BASELINE="261 1621 1289 1617" 
                    HPOS="260"
                    VPOS="1575"
                    WIDTH="1029"
                    HEIGHT="65">
            <Shape><Polygon POINTS="261 1621 261 1631 314 1631 317 1631 328 1640 329 1640 331 1640 332 1640 381 1631 388 1631 398 1631 485 1640 487 1640 536 1631 542 1631 553 1631 622 1639 624 1639 625 1639 641 1631 647 1630 726 1631 886 1636 887 1636 928 1631 958 1628 978 1631 1010 1638 1012 1638 1048 1631 1069 1628 1076 1631 1086 1638 1088 1638 1089 1638 1287 1631 1289 1617 1286 1588 1161 1588 1139 1575 1138 1575 1137 1575 1135 1575 1095 1588 951 1588 918 1577 917 1577 915 1577 914 1577 913 1577 901 1586 888 1577 887 1577 886 1577 884 1577 838 1585 822 1577 820 1577 819 1577 763 1583 755 1577 754 1577 753 1577 696 1577 694 1577 693 1577 692 1577 679 1585 670 1577 669 1577 667 1577 617 1577 616 1577 614 1577 613 1577 602 1586 541 1590 480 1590 436 1578 435 1578 434 1578 432 1578 431 1578 419 1588 270 1582 268 1582 267 1582 265 1582 265 1583 260 1588 261 1621"/></Shape>
	    <String CONTENT="moyen du poing à la Nobleſſe &amp; au peuple, tout"
                    HPOS="260"
                    VPOS="1575"
                    WIDTH="1029"
                    HEIGHT="65"
                    WC="0.9970177640306189"></String>
          </TextLine>
          <TextLine ID="line_27"
                    TAGREFS="LT8"
                    BASELINE="263 1680 1286 1674" 
                    HPOS="261"
                    VPOS="1639"
                    WIDTH="1025"
                    HEIGHT="60">
            <Shape><Polygon POINTS="263 1680 263 1699 312 1689 1285 1689 1286 1674 1282 1646 1017 1646 997 1639 996 1639 994 1639 956 1646 917 1639 915 1639 914 1639 913 1639 905 1646 584 1642 583 1642 517 1649 462 1642 461 1642 460 1642 445 1649 438 1642 436 1642 435 1642 434 1642 432 1642 431 1642 420 1649 384 1642 382 1642 297 1649 274 1643 272 1643 271 1643 270 1643 268 1643 261 1647 263 1680"/></Shape>
	    <String CONTENT="pretexte de murmurer contre le gouuernement"
                    HPOS="261"
                    VPOS="1639"
                    WIDTH="1025"
                    HEIGHT="60"
                    WC="0.9878165403077769"></String>
          </TextLine>
          <TextLine ID="line_28"
                    TAGREFS="LT8"
                    BASELINE="261 1738 1289 1733" 
                    HPOS="260"
                    VPOS="1692"
                    WIDTH="1029"
                    HEIGHT="65">
            <Shape><Polygon POINTS="261 1738 261 1749 422 1757 423 1757 424 1757 453 1749 454 1749 485 1754 487 1754 534 1748 541 1748 546 1748 584 1756 586 1756 587 1756 606 1748 607 1748 759 1748 762 1748 854 1754 856 1754 902 1746 905 1746 909 1746 987 1754 989 1754 990 1754 991 1754 1001 1746 1145 1753 1146 1753 1148 1753 1167 1745 1168 1745 1172 1745 1252 1752 1253 1752 1287 1743 1289 1733 1286 1703 1161 1692 1160 1692 1158 1692 1137 1703 1069 1703 1035 1692 1034 1692 1032 1692 968 1703 939 1693 937 1693 911 1693 910 1693 909 1693 907 1693 896 1703 864 1693 863 1693 861 1693 860 1693 839 1703 792 1693 791 1693 789 1693 788 1693 769 1705 508 1705 499 1696 498 1696 496 1696 465 1696 464 1696 462 1696 434 1705 400 1696 398 1696 397 1696 396 1696 377 1707 309 1707 274 1696 272 1696 271 1696 270 1696 268 1696 268 1697 260 1704 261 1738"/></Shape>
	    <String CONTENT="Lorrain: Car quant au reſte, ie ſcay bien qu’ils ne"
                    HPOS="260"
                    VPOS="1692"
                    WIDTH="1029"
                    HEIGHT="65"
                    WC="0.9845560309933681"></String>
          </TextLine>
          <TextLine ID="line_29"
                    TAGREFS="LT8"
                    BASELINE="263 1796 1289 1791" 
                    HPOS="261"
                    VPOS="1750"
                    WIDTH="1028"
                    HEIGHT="64">
            <Shape><Polygon POINTS="263 1796 263 1807 442 1814 443 1814 542 1807 561 1806 578 1807 651 1813 652 1813 784 1806 818 1804 826 1806 852 1811 853 1811 1287 1803 1289 1791 1286 1762 1240 1761 1228 1750 1226 1750 1225 1750 1146 1750 1145 1750 1143 1750 1142 1750 1129 1762 1086 1762 1032 1750 1031 1750 1029 1750 989 1761 956 1752 955 1752 953 1752 952 1752 951 1752 937 1764 865 1764 834 1752 833 1752 831 1752 830 1752 829 1752 814 1762 778 1752 777 1752 776 1752 774 1752 773 1752 773 1753 759 1765 563 1765 527 1753 526 1753 525 1753 523 1753 488 1764 430 1758 428 1758 392 1765 352 1754 351 1754 350 1754 348 1754 347 1754 336 1762 276 1758 275 1758 274 1758 272 1758 261 1764 263 1796"/></Shape>
	    <String CONTENT="vouloyent rien quitter de leurs deſſeins, faiſans"
                    HPOS="261"
                    VPOS="1750"
                    WIDTH="1028"
                    HEIGHT="64"
                    WC="0.9952619659657381"></String>
          </TextLine>
          <TextLine ID="line_30"
                    TAGREFS="LT8"
                    BASELINE="260 1856 1290 1852" 
                    HPOS="259"
                    VPOS="1811"
                    WIDTH="1031"
                    HEIGHT="55">
            <Shape><Polygon POINTS="260 1856 260 1866 1289 1863 1290 1852 1287 1822 1255 1822 1236 1811 1234 1811 1233 1811 1179 1822 1120 1822 1112 1814 1111 1814 1110 1814 1108 1814 1107 1814 1105 1814 1096 1821 1024 1811 1023 1811 1021 1811 1020 1811 1005 1822 727 1822 652 1813 651 1813 650 1813 622 1822 605 1813 603 1813 602 1813 560 1823 481 1823 430 1814 428 1814 379 1823 366 1814 365 1814 363 1814 362 1814 360 1814 336 1825 259 1825 260 1856"/></Shape>
	    <String CONTENT="pour ceſte cauſe elire aux conuocations particu"
                    HPOS="259"
                    VPOS="1811"
                    WIDTH="1031"
                    HEIGHT="55"
                    WC="0.996007372724249"></String>
          </TextLine>
          <TextLine ID="line_31"
                    TAGREFS="LT8"
                    BASELINE="257 1912 1286 1909" 
                    HPOS="256"
                    VPOS="1868"
                    WIDTH="1030"
                    HEIGHT="59">
            <Shape><Polygon POINTS="257 1912 257 1924 1283 1927 1286 1909 1282 1879 1120 1879 1118 1879 1088 1868 1086 1868 1085 1868 1032 1876 1000 1868 998 1868 997 1868 996 1868 994 1868 981 1879 981 1880 910 1880 910 1879 872 1868 871 1868 869 1868 868 1868 867 1868 853 1879 853 1880 758 1880 757 1880 744 1870 743 1870 742 1870 716 1870 715 1870 713 1870 712 1870 700 1880 698 1882 639 1882 636 1880 597 1870 595 1870 518 1870 517 1870 515 1870 514 1870 507 1875 500 1870 499 1870 498 1870 446 1870 445 1870 443 1870 442 1870 426 1880 426 1882 417 1882 317 1882 282 1870 280 1870 279 1870 278 1870 256 1879 257 1912"/></Shape>
	    <String CONTENT="lieres qui ſe faiſoyent és prouinces du Royaume,"
                    HPOS="256"
                    VPOS="1868"
                    WIDTH="1030"
                    HEIGHT="59"
                    WC="0.9992210220317451"></String>
          </TextLine>
          <TextLine ID="line_32"
                    TAGREFS="LT8"
                    BASELINE="259 1970 1287 1966" 
                    HPOS="257"
                    VPOS="1928"
                    WIDTH="1030"
                    HEIGHT="62">
            <Shape><Polygon POINTS="259 1970 259 1981 358 1981 365 1981 431 1990 432 1990 525 1981 527 1981 530 1981 610 1986 612 1986 613 1986 629 1979 631 1979 632 1979 643 1988 644 1988 645 1988 647 1988 648 1988 659 1982 806 1989 807 1989 963 1982 986 1988 987 1988 989 1988 990 1988 991 1988 1002 1978 1004 1978 1048 1978 1067 1978 1078 1988 1080 1988 1081 1988 1082 1988 1286 1977 1287 1966 1286 1940 1256 1928 1255 1928 1253 1928 1179 1939 1118 1928 1116 1928 1067 1939 1009 1928 1008 1928 1006 1928 1005 1928 991 1940 910 1940 884 1932 883 1932 882 1932 880 1932 879 1932 868 1941 734 1941 659 1929 658 1929 656 1929 635 1941 560 1943 431 1943 363 1931 362 1931 360 1931 339 1941 272 1931 271 1931 270 1931 268 1931 268 1932 257 1940 259 1970"/></Shape>
	    <String CONTENT="des deputez aux eſtats generaux, les plus affe¬"
                    HPOS="257"
                    VPOS="1928"
                    WIDTH="1030"
                    HEIGHT="62"
                    WC="0.9978120986451494"></String>
          </TextLine>
          <TextLine ID="line_33"
                    TAGREFS="LT8"
                    BASELINE="257 2031 1289 2026" 
                    HPOS="256"
                    VPOS="1985"
                    WIDTH="1033"
                    HEIGHT="65">
            <Shape><Polygon POINTS="257 2031 257 2045 606 2043 618 2043 721 2050 723 2050 834 2042 848 2042 861 2042 981 2049 982 2049 1287 2039 1289 2026 1285 1994 1162 1996 1157 1994 1126 1985 1124 1985 1123 1985 1122 1985 1101 1996 1099 1997 1002 1997 998 1996 970 1986 968 1986 967 1986 966 1986 947 1996 947 1997 896 1997 894 1997 864 1986 863 1986 861 1986 860 1986 858 1986 845 1997 844 1998 762 1998 759 1998 731 1988 730 1988 728 1988 727 1988 690 1998 688 2000 628 2000 625 1998 523 1988 522 1988 521 1988 519 1988 503 2000 488 1989 487 1989 485 1989 484 1989 439 1998 270 1989 268 1989 267 1989 265 1989 265 1990 256 1997 257 2031"/></Shape>
	    <String CONTENT="ctionnez de leurs partizans &amp; amis: mais la mort"
                    HPOS="256"
                    VPOS="1985"
                    WIDTH="1033"
                    HEIGHT="65"
                    WC="0.9965660919745764"></String>
          </TextLine>
        </TextBlock>
        <TextBlock HPOS="1125.0"
                   VPOS="2040.0"
                   WIDTH="166.0"
                   HEIGHT="70.0"
                   ID="block_0"
                   TAGREFS="BT17">
          <Shape><Polygon POINTS="1291 2040 1291 2110 1125 2110 1125 2040"/></Shape>
          <TextLine ID="line_34"
                    TAGREFS="LT8"
                    BASELINE="1120 2087 1285 2084" 
                    HPOS="1119"
                    VPOS="2038"
                    WIDTH="166"
                    HEIGHT="66">
            <Shape><Polygon POINTS="1120 2087 1120 2097 1282 2104 1285 2084 1281 2051 1234 2051 1203 2038 1202 2038 1200 2038 1199 2038 1169 2053 1143 2039 1142 2039 1141 2039 1139 2039 1138 2039 1119 2051 1120 2087"/></Shape>
	    <String CONTENT="du Roy"
                    HPOS="1119"
                    VPOS="2038"
                    WIDTH="166"
                    HEIGHT="66"
                    WC="0.9982704122861227"></String>
          </TextLine>
        </TextBlock>
        <TextBlock HPOS="875.0"
                   VPOS="2332.0"
                   WIDTH="336.0"
                   HEIGHT="69.0"
                   ID="eSc_textblock_d07d4f9f"
                   TAGREFS="BT9">
          <Shape><Polygon POINTS="875 2332 875 2401 1211 2401 1211 2332"/></Shape>
        </TextBlock>
      </PrintSpace>
    </Page>
  </Layout>
</alto>
