1474 2439
288 71 90 63 14,

298 147 1036 65 ny de ſes ſemblables ou diſciples, n’ont aueune va

298 222 1039 51 leur. Que pour les deralllans, les autres ne laifent

296 268 1039 62 à ſa faire: & ſi du tout elle ne ſe peut, ceux auſquels

298 327 1033 61 Dieu aura reſerué la plus ſaine volonté & zele,

296 390 1038 61 s’employent autant que leurs moyens ſe pour¬

292 445 1042 63 rõt eſtendre, à donner teſmoignage de leur pieté:

294 504 1040 61 ſachans que (ſans rompre la liaiſon de ce baſſi¬

294 560 1040 64 ment de l’Egliſe, ſans offenſer la ſymmetrie de ce

296 623 1036 61 corps eſleu & precieux, ſans en ſomme commet¬

291 678 1043 57 tre vne horrible laſcheté) ils ne peuuent differér

291 738 1040 57 de donner à leurs freres, le ſecours qu’ils voudroy

291 800 1047 60 ent en pareil cas leur eſtre donné. Et ſi le commã

292 856 1045 57 dement qui leur eſt fait d’aſsiſter principalement

291 915 1046 64 aux domeſtiques de la foy, & les exemples des an

286 976 1048 53 ciens, & de ceux qui en moindre neceſsité ont ſe¬

291 1036 1040 58 couru aux guerres paſſees les fideles de la France,

288 1092 1042 61 ne les eſmeuuent : qu’ils ſe ſouuiennent des me¬

292 1150 1039 60 naces qui ſõt faites en l’Eſcriture,cõtre les froids

288 1208 1043 56 & contre les tiedes. Qui fera l’oreille ſourde à la

288 1268 1039 62 clameur du poure (dit l’Eſcriture) il criera au iour

288 1327 1043 55 de la tribulation, & ne ſera point exaucé. Allez

294 1387 1037 60 (dira ce grand Roy au dernier iour) maudirs de

290 1447 1040 61 Dieu mon Pere, au feu eternel qui vous eſt prepa

290 1499 1037 67 ré: I'ay eu ſoif, i’ay eu faim, i’ay eſté nud, vous ne

288 1558 1039 72 m’auez point ſoulagé, &c. Qu’ils ſachent, qu’ou¬

288 1623 1040 59 tre la ruine qu’ils en peuuent receuoir en leurs e¬

286 1680 1037 61 ſtats & en leurs maiſons priuees, le Seigneur leur

287 1739 1039 65 redemandera tout le ſang de leurs freres qui aur a

287 1795 1037 62 eſté reſpandu deuant leurs yeux, faute d’aide & de

286 1854 1034 64 ſecours,par leur nonchallance, dés l’heure qu’ils

286 1914 1032 64 ont ſceu l’affliction de leurs freres,y ont peu teme

286 1972 495 67 dier & ne l’ont pas fait.

561 81 561 51 DTALOGVE I.

1162 2033 154 71 Quant
