1410 2412
121 131 1027 71 terre: Vueilles, grand Dieu, auoir eſgard aux cris

123 191 1024 71 & gemiſſemens de tant de poures vefues, & de po

119 250 1028 70 ures enfans orphelins. Souuienne-toy des plain¬

120 305 1024 74 ctes des priſonniers. Reſerue en vie ſelon la gran

119 364 1026 68 deur de ta force, tes enfans deſtinez à la mort. Et

117 424 1024 74 rends à nos voiſins ſept fois au double, l’outrage

116 481 713 69 duquel ils t’ont diffamé, Seigneur.

318 71 578 48 DIALGVE I.

119 540 277 50 Phil. Amen.

112 596 1024 72 L’hiſt. Encore n’eſt-ce pas tout: Car comme ie di

112 660 1021 72 ſois tantoſt (lors que tu m’as interrompu) quel¬

113 722 1019 67 que grande tuerie qu’il y ait eu en France, la cho¬

115 775 1017 75 lere du Roy ne paſſera iamais, pendant qu’il y au

108 837 1024 68 ra vn Huguenot en vie. Encore iure-il par le ven¬

108 892 1019 74 tre Dieu, qu’ils ont beau faire, que la Meſſe ne les

109 952 250 51 ſauuera-ia.

105 1006 1019 76 Ali. Iamais en ſa vie il n’a dit parole plus verita¬

103 1067 852 70 ble: Mais comment l’entend il ie te prie?

1088 78 62 56 79

101 1125 1020 74 L’hiſt. Il n’a garde de l’entendre comme les Hu¬

101 1192 1026 67 guenots l’entendent, qui maintienent que le Pau¬

104 1248 1007 66 pe, noſtre bonne intention, nos bonnes œuures,

96 1301 1024 71 les merites des Saincts, le bois de là ſaincte croix,

95 1365 1026 72 les grans pelerinages, l’eau beniſte, la ſaincte & di

97 1423 1020 71 gne meſſe, & tout cela enſemble, & chacun d’eux

93 1480 1030 73 ſeul & pour le tout, ne nous peut ſauuer:ains ſeu¬

93 1541 1022 72 lement Dieu par ſa pure grace, & par la miſeri¬

92 1595 1021 78 corde qu’il fait à ceux qui eſperẽt en luy, deſpouil

92 1653 1021 71 lez de toute arrogance & fierté, humiliez & abba

91 1716 1017 75 tus par le ſentimẽt de leurs fautes, & appuyez ſur

87 1768 1021 81 le ſeul merite de la mort & paſsion de noſtre Sei¬

89 1829 1022 84 gneur Ieſus Chriſt. Il n’a di-ie, garde de parler de

85 1888 566 69 ce ſalut-là, il n’y penſe pas.

87 1948 1020 83 Ali. Ie le croy. Il appert euidemment par ſes
