1439 2430
149 156 1034 69 ge, chaudement & à bon eſcient: & pluſieurs au¬

148 221 1036 63 tres, qu’il ſeroit long à deduire. Voila quant au

152 279 326 66 roy d’Eſpagne.

185 336 999 63 Maintenant la royne d’Angleterre, laquelle tiẽt

145 395 1034 65 la meſme religion en ſon Royaume, que les Hu¬

148 456 1034 62 guenots de France: qui a tant de priſes nouuelles

145 515 1034 61 ſur le Roy (afin que ie taiſe les priſes ancienes,

145 573 1031 65 que la ligue d’entre elle & le Roy auoit aſſopies,

145 634 1034 59 comme ceſte tuerie les peut auoir reſueillees) la¬

145 692 1037 62 quelle peut bien cognoiſtre auiourd’huy, que ce¬

145 749 1034 65 ſte ligue ne ſe fit, que pour esblouir les yeux à l’A

145 810 1035 54 miral, & aux autres Huguenots de la France, afin

148 865 1034 67 qu’ils ſe laiſſaſſẽt mieux prẽdre à la pipee. Laquel

147 928 1032 61 le cognoiſt maintenant, comme c’eſt que le Roy

145 984 1037 62 ſcait garder ſa foy promiſe. Laquelle ſcait que

147 1044 1033 61 deux eſtats voiſins ayans quelque cõtrepoids l’vn

147 1104 1032 61 auec l’autre, ne peuuent auoir amitié ne ligue en¬

147 1161 1032 60 ſemble autre, que celle que la neceſsité ou la for¬

148 1223 1027 59 ce y entretient: & que l’vne ou l’autre y defaillãt,

145 1279 1033 61 il ne faut pas qu’elle s’attende aux promeſſes de

147 1337 1032 61 ſon voiſin. Elle qui ſcait bien, que le Roy deman

147 1393 1027 63 doit les Myllords ſes plus ſpeciaux conſeillers,

154 1459 1025 58 pour les ſeſtoyer (comme vous pouuez penſer)en

145 1516 1033 64 ſa cour. Laquelle doit auoir cognu, que tout ainſi

148 1574 1030 62 que par les nopces de la ſœur en France, auſsi par

147 1632 1031 63 celles du frere en Angleterre (s’il y euſt peu par¬

149 1688 1031 62 uenir) on ſe fuſt efforcé d’y mettre bas le parti de

148 1749 1035 65 la Religion, & par conſequent ſon Royaume en

148 1809 1030 62 ruine. Qui ſcait bien que le Roy a renu & tient

147 1865 1031 61 iournellement la main à la royne d’Eſcoſſe ſa bel

149 1925 1025 55 le ſœur, non ſeulement pour la faire euader, mais

154 1981 1020 76 poſsible pour plus haut deſſein & affaire. Que le

358 99 595 49 DIALOOVE T..

1103 118 80 26 101

886 2043 131 57 G.iii.
