1431 2424
123 149 306 69 Dieu aidant.

123 214 1031 67 L'egl. Que dis-tu de l’arreſt contre l’Amiral, &

123 276 894 63 de celuy contre Briquemaut & Cauagnes?

123 335 1026 63 Ie ne t’entens pas:y a-il quelque arreſt donné cõ¬

123 393 161 59 ti' eux?

323 98 573 48 DIALOGVE I.

121 447 784 59 L'uiſt. N’en ſcauez-vous autre choſe?

123 506 254 63 L'egl. Non.

122 562 1021 69 L'hiſt. Ie vous le diray. Apres la mort de l’Ami¬

122 626 1026 58 ral, & le maſſacre fait ſur les Huguenots dans Pa

123 686 1025 64 ris le 24. d’Aouſt: le 26.enſuyuant, le Roy (com¬

123 768 1023 37 me le vous ay dityj alla ad palais de Paris, & la ſe¬

125 805 1018 52 ant, aduoua tout le maſſacre auoir eſté fait par

123 864 1022 53 ſon aduis & propre mouuement, commandant

123 919 1023 55 que lon informaſt de la conſpiration qu’il auoit

123 977 1022 61 fait mettre à ſus à l’Amiral, auec les teſmoins qui

123 1039 1025 62 ſetoyent trouuez les plus propres. Ce comman¬

122 1096 1027 59 dement & arreſt fait, la cour de Parlement (apres

122 1156 1021 54 auoir dit que le Roy auoit bien & vertueuſement

123 1214 1020 62 fuit, en faiſant meurtrir les Huguenots) deputa

122 1269 1021 65 commiſſaires, fit informer parmi les tueurs, for¬

123 1333 1019 60 ma le procez au meurtri, & pareillement à Brique

126 1391 1017 53 maut & à Cauagnes (qui furent faits priſonniers

123 1451 1019 57 en ces iours-la de maſſacre, & reſeruez pour ſer¬

125 1508 1018 58 uir de bonne couuerture à quelque ſolennelle exe

123 1564 1018 62 cution, qu’il leur ſembloit deuoir eſtre faite par

123 1622 1019 58 les voyes de iuſtice ordinaires.) Il s’enſuyuit en fin

123 1683 1018 62 arreſt,par lequel (veues par la chambre ordõnee

126 1741 1015 66 par le Roy en temps de vacations, les inſormati¬

125 1801 1017 61 ons faites apres la mort, interrogatoires, confeſ¬

128 1862 1018 62 ſions & denegations de quelques priſonniers, &

126 1923 1015 56 les autres papiers qu’ils voulurẽt dire auoir veus)

128 1975 1014 59 ledict Amiral fut declaré auoir eſté crimineux de

1073 115 69 39 117

820 2033 131 58 H.iii.
