1429 2392
195 139 645 62 Et que Catin aura ſes Eſtalons,

194 203 909 60 Vn Diable au ventre, vn Preſtre a ſes talons.

363 73 479 54 DIALOGISME.

166 372 870 66 VERS AV CHASSEUR

499 431 193 68 Déloyal.

87 551 859 66 Ie ne ſcauroy penſer lieu où tu pourrois eſtre

86 612 904 63 Charles en ſeureté auecques quelque honneur:

85 671 857 65 Le peuple Francois t’a ſi fort à coutre cœur,

91 729 1008 72 Qu’il te veut auſſi peu pour valet que pour maiſtre:

85 792 838 59 L’accort Italien tes ruſes ſcait cognoiſtre,

87 847 846 64 L’Heſpagnol politic ſe rit de ton malheur:

87 907 855 61 Le More ne pourroit ſouffrir ta Barbarie:

82 963 953 69 L’Anglois & l’Eſcoſſois ne veulent point de toy,

82 1027 807 61 LAllemaigne maudit vn ſi barbare Roy:

81 1081 779 65 Le Turc & le Sophi deteſtent ta furie,

79 1142 945 64 Ils ſont Mahumetains, & tu n’as point de Foy:

82 1205 857 61 Sans Foy lon ne va point en la celeſte gloire:

82 1262 901 56 Les Diables en Enfer craindront te receuoir,

85 1323 818 59 Et apres le Concil, que nous deuons auoir

78 1380 831 61 Les Proteſtans feront raſer le Purgatoire:

83 1439 870 63 Tu euſſes doncques bien à tes ſuiets pourueu

79 1497 834 61 Si mort-né le Soleil iamais tu n’euſſes veu:

82 1554 996 69 Mais qu’on t’euſt droit porté dedans la foſſe noire,

79 1617 866 65 Et qu’aux Limbes Papaux tu te fuſſes tenu.
