1455 2437
283 119 67 67 44

277 185 1042 62 uer le prince de Condé, pour ſe conſeruer auec

279 253 1020 54 luy. Entre autres Ieanne d’Albret royne de Na¬

279 304 1043 60 uarre, vint auſsi trouuer le prince de Condé ſon

280 361 1025 62 beau frere, auec ſõ fils le prince de Nauarre, q’uel

277 423 1046 54 le voua tout ieune qu’il eſtoit à ceſte guerre, auec.

279 480 1026 66 ſes bagues & ioyaux, leſquels depuis furont enga¬

280 541 1028 58 gez pour aider aux fraix de l’armee. Le duc de

281 598 1042 62 Deux-ponts prince de l’Empire, entendant que!

281 656 1034 53 la foy auoit eſté de nouueau violee en France aux

280 713 1027 64 Huguenots, eſmeu de la grauité du faict, s’achemi

280 775 1024 61 na en France, & auec luy le prince d’Otenge, le

277 831 1041 58 compte Ludouic ſon frere, le comte de Mansfeld

281 892 1033 59 & pluſieurs autres Seigneurs & Comtes Allemãs,

280 949 1035 61 anec ſept ou huict mille Reyſtres, & autant de

281 1007 1031 61 Lanſque nets. Cependant le prince de Condé me¬

280 1066 1023 60 noit les mains, aſsiegeoit villes & chaſteaux, fai¬

288 1126 1016 60 ſant tout ce qui pouuoit ſeruir à ſe deſendre, & en

284 1184 1017 58 dommager l’ennemy: quand le duc d’Aniou frere

288 1241 1017 60 du roy Charles, & ſon ſieutenant general, condui

285 1302 1019 58 ſant vne puiſſante armee contre le prince de Con

287 1360 1020 61 dé (qui n’auoit alors que bien peu de ſes forces).

285 1417 1018 61 luy donna vne bataille pres de Iarnac, où le Prin¬

285 1478 1018 62 ce perdit, & y fut fiit priſonnier, & peu apres par

283 1532 1018 64 commandemẽt du duc d’Aniou tué, à ſang froid,

288 1596 1015 59 par vn nommé Monteſquiou, dela maiſon du duc

284 1650 210 53 d’Aniou.

535 121 546 53 DIAIE

285 1707 1019 58 Ali. Le prince de Condé ſe hazardant ainſi, mon¬

284 1770 1021 60 ſtra euidemment combien peu il aſpiroit à latou

284 1831 1023 59 ronne, deſneentant ouuertement ceux qui le dlõ¬

284 1887 348 58 nioyent de cela.

292 1942 1016 64 Phi. Il eſt bien vray : Mais auſsi fit-il vne grinde

285 2005 1022 67 faute, hazardant auec peu de forces, tous ceut qui

1095 2063 215 68 s’eſtoyent
