1448 2426
139 125 1054 54 & par ta bõté ſauue moy: Car Seigneur, ie remets

152 180 1043 62 en toy & moy & mon affaire, n’ayant eſperance

157 238 1036 63 qu’en ta bonté, & attendant ta iuſtice ſur les per¬

153 296 1037 65 uers & iniques. Accompli & parfay ton œuure,

146 354 1044 66 Seigneur. Mets en veuë la preud’hõmie des tiens,

153 415 1036 63 afin que leur innocence & bonne vie reluiſe & ap

148 473 1043 59 paroiſſe comme tu l’as promis, Que ſi (comme il

152 532 1041 66 peut eſtre, & toy ſeul le cognois Seigneur) il y a

152 591 1038 65 quelques vns de tes enfans meſlez parmi ces deſ¬

151 653 1043 61 loyaux, comme nous auons iadis veu Paul tõ vaiſ

148 707 1039 62 ſeau eſleu perſecuter les tiens auant ſa conuerſiõ:

148 766 1042 66 Abbrege les iours, Seigneur, haſte le tẽps de leur

151 830 1039 58 vocation, afin que parauenture ils ne ſoyent com

146 885 1039 63 prins ſous meſmes iugemens, & periſſent parmi

145 939 1041 66 les faux vieillards de Suſanne. Suſcite tõ Daniel,

148 1002 1041 64 Seigneur, pour la iuſtification de ta ſeruante, &

144 1062 1042 66 nous exauce pour l’amour de Ieſus Chriſt tõ Fils

142 1118 370 65 noſtre Seigneur.

359 55 569 52 DIAEOGVEI.

1112 68 86 51 129

144 1176 795 65 Ali.Adonc tous pleins d’eſiouiſſance

213 1235 639 68 Tes enfans qu’on a oppreſſez,

208 1293 614 66 Voyans de ſrompus & caſſez

198 1357 699 58 Les peruers par iuſte vengeance,

202 1411 637 66 Dedans le ſang ſe baigneront

203 1471 694 62 De ces meſchans, & puis diront:

273 1532 720 63 L’innocent ne perd point ſa peine,

207 1584 669 69 C’eſt vn poinct du tout arreſté,

207 1646 618 69 Quoy que le iuſte ait enduré,

204 1706 634 60 C’eſt vne choſe bien certaine

203 1761 657 76 Qu’il eſt vn Dieu, qui iuge icy,

203 1823 635 61 Les bons & les mauuais auſsi,

151 1880 1027 71 Dan. Ie ſuis innocẽt de ce ſang reſpandu: Et pour

151 1939 1030 73 dire ce qu’il me ſemble d’vne telle perfidie &

989 2008 18 62 I
