1430 2434
147 123 1046 63 ral & aux autres Huguenots, & qu’il y voudra em

154 183 1041 61 ployer ſeulemẽt le comte de Mãsfeld (auquel, &

150 237 1041 64 à ſes Reiſtremaiſtres eſt deuë grãde ſõme de de¬

148 300 1045 56 niers par le Roy) le faiſant auec vne mediocre ar¬

148 359 1045 61 mee (ſous couleur d’aller querir leur argẽt) entrer

151 419 1039 59 vn peu auant en France (cõme la choſe luy eſt aï¬

150 475 1045 63 ſee)on ne vit iamais telle cõfuſion qu’il y auroit:

152 536 1042 53 tout le mõde crietoit le haro & au meurtre, cõtre

151 592 1040 63 ceux qui sõt cauſe de ces maux. Voila quãt aux prĩ

151 651 1047 64 ces eſtrãgers, leſquels me ſemblẽt auoir vn beau ſu

152 712 1046 62 iet d’ent rer en Frãce. Mais ce que i’apperçoy au

152 769 1056 59 de dans, eſt ce qui me trouble le plus. Ie ne doute

159 826 1032 67 point que la maiſõ de Mõtmorẽcy, leurs parẽs, a¬

156 884 1034 61 mis, alliez, & partizãs, qui ſe ſentẽt vilainemẽt in¬

156 942 1038 62 tereſſez en la mort de l’Amiral, & de pluſicurs au

156 1004 1034 61 tres ſeigneuts & gẽtils hommes qui leur apparte¬

152 1060 1041 62 noyẽt de ſang, d’alliãce, ou d’amitié:ne taſchẽt de

152 1119 1039 61 ſe venger en vne façõ ou en l’autre, du Roy, de ſa

152 1176 1041 63 mere, de sõ frere, de ceux de la maisõ de Guyſe, &

154 1235 1040 61 des autres cõſeillers, qui ont dreſſé & fait execu¬

156 1292 1038 62 ter ceſte tragedie en la Frãce: ou s’ils ne le fõt, ils

156 1350 1042 67 ſõt les plus ladres, les plus couards, & les plus deſ

155 1411 1034 68 loyaux à leur ſang (afin que ie ne parle de leut pa¬

155 1472 1035 61 trie) que gẽtilshõmes furẽt onques. De moins ne

158 1529 1031 65 peuuẽt-ils faire, que de ſe ioindre eux & leurs par

155 1588 1035 63 tizans, au premier Prince eſtranger qui branſlera

158 1648 1031 61 pour entrer en France: auſsi bien ſcauent-ils que

155 1701 1034 62 c’eſt fait d’eux, & de leur maiſon à iamais, celle de

156 1763 1037 61 Guyſe ne la lairra ia debout: le Roy meſmes à ce

158 1824 1032 62 que i’ay entendu, parlant ces iours paſſez à ſa me¬

158 1882 1037 61 re, a biẽ ſceu dire, que par le corps. Dieu il n’a'riẽ

159 1940 1038 63 fait, s’il n’a les quatre fils Aymon, parlant des qua

160 1997 1031 63 tre freres de Montmorency. Ils ont beau fe tenir

347 66 591 51 DIRLOGVEd.x

1105 78 78 43 103

930 2059 127 58 G.iiii
