1418 2399
142 169 1043 32 Dovenoedeuomon n pouseue

144 199 424 60 ma vie plus brieue.

198 255 983 56 On ne pardonna à pas vn de ceux de la maiſon

141 343 1036 34 de TAmita;quine Merein dounei, que sousne

144 374 272 56 fuſſent tuez.

377 75 555 50 DIALOGVE I.

165 430 1016 65 Le corps mort de l’Amiral ſut ietté par Sar¬

137 491 1050 56 laboux par les feneſtres de ſa chambre, en la cour

137 574 1044 37 de ion Ins, par le commamdemenc do due de.

138 607 1041 63 Guyſe, & du duc d’Aumale (qui y eſtoit auſsi ac¬

136 670 1039 61 couru) & le voulurent voir mort deuant que par¬

137 725 228 58 tir de là.

178 779 1007 64 Le iour de la bleſſure de l’Amiral, le Roy auoit

137 840 1040 56 baillé aduis à ſon beau-frere le roy de Nauarre,

134 900 1045 56 de faire coucher dans ſa chambre dix ou douze de

134 959 1041 63 ſes plus fauoris, pour ſe garder des deſſeins du

133 1032 1042 52 duc de Guyſe, qu’il diſoit eſtre vn mauuais gar¬

134 1080 1041 62 çon.Or ces gentils-hommes là, &quelques autres

133 1138 1042 61 qui couchoyent en l’antichambre du roy de Na¬

133 1196 1043 56 uarre, furent menez hors deſdictes chambres, a¬

136 1255 1040 63 pres la mort de l’Amiral, & deſarmez de l’eſpee

132 1314 1040 66 & dague qu’ils portoyent, par les mains de Nan¬

134 1374 1042 61 cé, & des ſoldats de la garde du Roy, & menez iuſ

136 1431 1035 64 ques à la porte du Louure: là (le Roy les regar¬

137 1491 1035 61 dant par vne ſeneſtre) furent tuez en ſa preſence:

137 1550 1035 59 Entre ceux là eſtoyent le baron de Pardillan, le

136 1609 1036 55 capitaine Pilles, ſainct Martin-Bourſes, & autres

137 1669 487 59 dont ie ne ſcay le nom.

1134 83 42 56 57

186 1725 985 62 Alors on amena le roy de Nauarre, & le prin¬

138 1784 1033 63 ce de Condé au Roy, lequel les voyant leur dit,

141 1844 1031 61 qu’il n’entendoit ſupporter doreſenauant en ſon

144 1905 1028 60 Royaume, plus d’vne religion: partant il vouloit

141 1959 1026 72 qu’ils veſquiſſent à la façon de ſes predeceſſeurs,

189 2040 84 39 *21.

887 2020 116 59 D.V.
