1433 2423
164 137 1019 64 Tirons, mort-Dieu, ils s’enfuyent. A ce ſpecta¬

154 199 1031 63 cle ne ſachãs les Huguenots des fauxbourgs que

154 259 1035 57 croire, furent contrains qui à pied, qui à cheual,

156 319 1030 61 qui botté, & qui ſans bottes & eſperons, laiſſans

156 378 1030 63 tout ce qu’ils auoyent de plus precieux, s’enfuir

157 434 1032 62 pour ſauuer leur vie, là où ils cuidoyẽt auoir lieu

154 495 1032 64 de refuge plus aſſeuré. Ils ne furent pas partis que

158 550 1025 66 les ſoldats, les Suyſſes de la garde du Roy, & au¬

154 613 1029 57 euns des courtiſans, ſaccagerent leurs logis, tuanr

149 671 777 55 tous ceux qu’ils trouuerent de reſte.

369 61 571 66 DIALOGVE I.

210 730 977 61 Encores vint-il bien à propos, que le duc de

156 786 1031 64 Guyſe voulãt ſortir par la porte de Buſſy, ſe trou

156 844 1027 65 ua auoir eſté pris vne clef pour l’autre, ce qui dõ¬

153 904 1033 63 na tant plus de loiſir de monter à cheual aux pa¬

153 962 1029 62 reſſeux. Et ne laiſſerent pourtant d’eſtre pour¬

154 1021 1029 65 ſuyuis par le duc de Guyſe, le duc d’Aumale, le

154 1079 1031 69 cheualier d’Angouleſme, & par pluſieurs gentils¬

153 1141 1030 54 hommes tueurs, enuiron huict lieues loin de Pa¬

156 1195 1029 68 ris, le duc de Guyſe fut iuſques à Montfort, où il

158 1258 1023 65 s’arreſta, & manda à ſainct Cegier & autres gen¬

157 1317 1026 56 tils-hommes d’alentour, de ſon humeur & parti¬

156 1375 1026 55 ſans ſiens, de faire en ſorte, que leſdicts ſeigneurs

156 1436 1029 62 & gentils-hommes qui ſe ſauuoyent de viſteſſe¬

156 1495 1030 61 n’eſchappaſſent point: autant en enuoya-il dire à

156 1549 1029 59 ceux de Houdã & de Dreux. En ceſte chaſſe d’hõ

158 1611 1028 64 mes, il y en eut quelques vns de bleſſez, & biẽ peu

157 1673 373 58 ou point de tuez.

1135 74 34 63 6.

216 1725 969 65 Les ducs de Guyſe & d’Aumale, quelque ſem¬

158 1784 1025 66 blant qu’ils fiſſent, s’y deporterẽtaſſez doucemẽt,

161 1845 1024 63 & comme ſi leur cholere fuſt appaiſee apres la

158 1903 1024 66 mort de l’Amiral:ils ſauuerent à beaucoup la vie,

160 1963 1023 68 meſmes en leur maiſon de Guyſe, où le ſeigneur
