1403 2398
141 157 807 33 coacolees (iPulastx poqun (douo.

202 189 979 58 Seigneur, nous auons ouy de nos oreilles, nos.

141 247 1040 59 peres nous ont raconté les œuures que tu as fai¬

141 307 1040 59 tes en leurs iours en Egypte, aux deſerts, en la ter

139 365 1032 51 re où tu les auois introduits: comment tu as de ta

141 420 1027 63 main dechaſſé les nations, & abbatu les plus grãs

141 480 1039 64 qui empeſchoyent les tiens de iouyr du repos pro¬

143 546 108 45 mis.

357 62 571 52 DIALOGVEI.

183 598 981 60 Ils ne conqueſterent point la terre par, leur

142 647 1039 65 glaiue, leur bras ne les a point ſauuez: mais ta dex:

142 714 1031 53 tre, ton bras; & la lumiere de ta face les deliura,

143 788 1036 44 pourtant que tu les auois pausen mnour. Il eit.

141 831 1035 64 bien vray Seigneur, que par leur deffiance t’ayans

141 891 1043 57 irrité grandement, pluſieurs d’entr' eux moururẽt

141 949 1032 59 au deſert, voire ton ſeruiteur Moyſe, que tu leur

145 1008 1027 52 auois donnè pour liberapeur emais tu ne laiſſas

142 1065 1034 63 pourtant dlaccomplir en leurs enſans par Ioſué,

141 1129 1038 59 tout ce que tu auois promis à leurs peres par

145 1179 201 63 Moyſe.

1108 86 43 39 Oj

179 1241 1005 60 O Seigneur, nous auons pechí, nous t’auons

141 1298 1028 54 offenſé: tu nous as auſsi deboutez, tu nous as diſ¬

141 1362 1026 50 ſipez & t’es courroucé amerement, nous mettant

139 1418 1032 56 comme en vn train de ruine irreparable. Tu as

139 1473 1028 63 traité ton peuple rudement, & l’as abbreuué de

141 1532 1024 61 vin d’eſtourdiſſement: mais depuis, tu as donné v¬

139 1593 1028 60 ne baniere a ceux qui te craignent, afin de l’eſle¬

139 1659 1025 51 uer en haut, pour l’amour de ta verité. Fay Sei¬

139 1710 1029 61 gneur, que tes Iſraelites n’eſperent plus au bras de

139 1770 1032 59 la chair, en leurs armes, oũ autre puiſſance humai

141 1829 1032 52 ne, ains en toy ſeul, Dieu des armees, le fort des

139 1885 1032 61 forts: ſachant que c’eſt en vain qu’on edifie la

141 1945 1046 63 maiſon ſi tu n’y mets la main, & que c’eſt en vain

875 1998 129 61 F.iiii.
