1487 2437
327 97 22 65 8

285 176 1038 70 pluſieurs. Là deſſus, ie ſcay que le roy d’Eſpagne

281 247 1043 45 entre autres Princes voiſins, a de ſi bonnes intel¬

281 297 1044 61 ligences en la France: il y a de longue main, de ſi

283 354 1042 56 bons ſeruiteurs: ſes ducats de Caſtille luy ont tãt

284 419 1039 56 acquis de partizans & ſeruiteurs en France, voire

283 475 1038 59 meſme au conſeil du Roy (ie ne veux pas dire que

281 532 1035 59 le cointe de Rets, Lanſac, Moruilliers, Limoges,

281 594 1039 57 & Villeroy, en ayent penſion ordinaire, car on les

281 657 1040 53 cognoiſt bien: ne que la maiſon de Gonzague ne

280 706 1040 68 fut iamais qu’Eſpagnole) Que s’il veut ſeulement

278 766 1041 63 employer le prince d’Orenge & le comte Ludo¬

280 825 1040 55 uic ſon frere, auec leur cred it & leur force (com¬

280 881 1040 57 me il luy ſera bien aiſé de les auoir à commande¬

278 942 1041 59 ment, autãt fideles ſeruiteurs qu’ils luy furent on¬

280 1000 1035 62 ques, en leur laiſſant & à ſes autres ſuiets la liber¬

280 1062 1037 52 té de leur conſcience, & les remettant en leurs

280 1119 1037 61 biens, priuileges & eſtats) ie m’aſſeure que non

280 1177 1039 61 ſeu lement ils luy rendroyent tous les pays bas raſ

278 1234 1035 56 fermis & paiſibles, mais auſsi en moins d’vn an la

281 1294 1032 62 France (diſtraicte & alienee pour le iourd huy de

280 1351 1029 65 I’amitié de ſon Roy) toute paiſible & à ſa deuo¬

281 1421 121 50 tion.

551 111 568 47 DIAEUUVE I.

333 1470 971 65 Et ne faut ia douter que le prince d’Orenge,

277 1529 1031 57 & ſon frere, ne s’y employaſſent volontiers, tant

287 1590 1021 59 pour le tour que le Roy leur a ioué les mettanten

283 1643 1023 69 beſongne ſur ſa parole, & les laiſſant apres au dã¬

278 1707 1028 63 ger, que pour l’enuie qu’ils doyuent auoir de ren¬

276 1768 1030 59 trer en grace par quelque bonne occaſion auec

277 1823 1028 62 leur prince niturel, & pour le bien & honneur qui

274 1881 1031 61 leur reuiendroit d’vne ſi belle entrepriſe. Quant

276 1938 1026 64 au roy d’Eſpagne, il a occaſion de ſe les reconci¬

277 1996 1023 70 lier, non ſeulement pour attraper ceſte belle ter¬

1240 2067 57 42 re
