1424 2409
124 136 948 58 le de l’ennemi, ou autre neceſsité occurrente.

151 190 1012 70 30 Que les cheſs, & principalement le Gene.

124 250 1045 68 ral,harengue ſouuent l’armee & les particulieres

124 310 1039 68 compagnies, pour encourager, retenir, louer,blaſ

124 369 1037 61 mer, ou autrement renger le ſoldar, ſelon l’occa¬

127 429 469 67 ſion qui ſe preſentera.

338 74 582 53 DIIALOGVE T.

160 480 1005 74 31 Que les ſoldats Chreſtiens ayent honte

127 543 1045 69 qu’il ſe trouue entr' eux querelles, brigues, & de¬

127 600 1041 66 bars, n’ayans iamais eſté trouuez entre les foldats

131 659 1041 70 (quoy que prophanes) de l’armee de Annibal, en¬

129 721 1040 67 vn ſi long temps qu’il fit la guerre aux Romains,

128 774 1033 63 bien que lon armee ſuſt compaſeè de ſoidats de

128 833 1047 71 diuerſes natiõs, & langues: qu’ils conſiderẽt quel

127 892 1049 71 le vergougne ce ſeroit à vn homme, ſi ſes mẽbres.

128 952 1047 71 s’entrequereloyent l’vn l’autre. Quel eproche ce:

127 1006 1048 76 ſeroit à vn perc de, ſamille, ſi on voyoit ſes enfansi

129 1069 1046 69 s’entrepicquer: Et partant, qu’ils aduiſent de com

129 1130 1046 62 batre en toute vnion & concorde la querelle du

132 1184 693 68 Seigneur, comme deuant ſa ſace.

1105 93 47 40 35

180 1243 992 75 32 Et pource qu’il a eſté enſeigné tant par¬

131 1304 1044 71 theorique, que par pratique & expeuiencetque des

131 1365 1045 64 trois voyes du traictemẽt qu’on peut ſaine aux en.

131 1419 1048 71 nemis,la moyene eſt touſiours domuagcable, cã

132 1480 1047 71 me celle qui n’acquiert point d’amia; d ne priue

133 1537 1043 71 point d’ennemis: que tous les cheſt & conſeils ſe

133 1596 1042 67 reſoluent, à ſaire pratiquer exactement ces deux

133 1674 1046 51 ercremes: ſçauoir eſt, toute rigueur cnuers les trai¬

133 1715 1038 64 ſtres & ſeditieux armez, & toute la dunceur qu'il

133 1771 959 71 ſera poſsible enuers les catholiques paiſibles.

283 1828 896 76 Que de ćeux-là, nul ne ſoit eſpargné: &

136 1896 1047 63 qu’à ceux cy, ne ſoit fait aucun outrage ne force,

135 1949 1037 69 en leur couſciencé, honneur. 2vie, & biens, ains

901 2015 79 50 A.v
