<?xml version="1.0" encoding="UTF-8"?>
<alto xmlns:xsi="http://www.w3.org/2001/XMLSchema-instance"
      xmlns="http://www.loc.gov/standards/alto/ns-v4#"
      xsi:schemaLocation="http://www.loc.gov/standards/alto/ns-v4# http://www.loc.gov/standards/alto/v4/alto-4-2.xsd">
  <Description>
    <MeasurementUnit>pixel</MeasurementUnit>
    <sourceImageInformation>
      <fileName>page_00031.png</fileName>
      <fileIdentifier>mets//page_00002.zip/page_00031.png</fileIdentifier>
    </sourceImageInformation>
  </Description>
  <Tags>
    <OtherTag ID="BT7" LABEL="CustomZone" DESCRIPTION="block type CustomZone"/><OtherTag ID="BT8" LABEL="DamageZone" DESCRIPTION="block type DamageZone"/><OtherTag ID="BT9" LABEL="DigitizationArtefactZone" DESCRIPTION="block type DigitizationArtefactZone"/><OtherTag ID="BT10" LABEL="DropCapitalZone" DESCRIPTION="block type DropCapitalZone"/><OtherTag ID="BT11" LABEL="GraphicZone" DESCRIPTION="block type GraphicZone"/><OtherTag ID="BT12" LABEL="MainZone" DESCRIPTION="block type MainZone"/><OtherTag ID="BT13" LABEL="MarginTextZone" DESCRIPTION="block type MarginTextZone"/><OtherTag ID="BT14" LABEL="MusicZone" DESCRIPTION="block type MusicZone"/><OtherTag ID="BT15" LABEL="NumberingZone" DESCRIPTION="block type NumberingZone"/><OtherTag ID="BT17" LABEL="QuireMarksZone" DESCRIPTION="block type QuireMarksZone"/><OtherTag ID="BT18" LABEL="RunningTitleZone" DESCRIPTION="block type RunningTitleZone"/><OtherTag ID="BT19" LABEL="SealZone" DESCRIPTION="block type SealZone"/><OtherTag ID="BT20" LABEL="StampZone" DESCRIPTION="block type StampZone"/><OtherTag ID="BT21" LABEL="TableZone" DESCRIPTION="block type TableZone"/><OtherTag ID="BT22" LABEL="TitlePageZone" DESCRIPTION="block type TitlePageZone"/><OtherTag ID="BT100001" LABEL="MainZone-Head" DESCRIPTION="block type MainZone-Head"/><OtherTag ID="BT100005" LABEL="MainZone-P" DESCRIPTION="block type MainZone-P"/><OtherTag ID="BT100006" LABEL="MainZone-Continued" DESCRIPTION="block type MainZone-Continued"/><OtherTag ID="BT100008" LABEL="MainZone-Sp" DESCRIPTION="block type MainZone-Sp"/><OtherTag ID="BT100002" LABEL="MainZone-Lg" DESCRIPTION="block type MainZone-Lg"/><OtherTag ID="BT100014" LABEL="MainZone-ListItem" DESCRIPTION="block type MainZone-ListItem"/>
    <OtherTag ID="LT7" LABEL="CustomLine" DESCRIPTION="line type CustomLine"/><OtherTag ID="LT8" LABEL="DefaultLine" DESCRIPTION="line type DefaultLine"/><OtherTag ID="LT9" LABEL="DropCapitalLine" DESCRIPTION="line type DropCapitalLine"/><OtherTag ID="LT10" LABEL="HeadingLine" DESCRIPTION="line type HeadingLine"/><OtherTag ID="LT11" LABEL="InterlinearLine" DESCRIPTION="line type InterlinearLine"/><OtherTag ID="LT12" LABEL="MusicLine" DESCRIPTION="line type MusicLine"/><OtherTag ID="LT765" LABEL="default" DESCRIPTION="line type default"/>
  </Tags>
  <Layout>
    <Page WIDTH="1440"
          HEIGHT="2442"
          PHYSICAL_IMG_NR="30"
          ID="eSc_dummypage_">
      <PrintSpace HPOS="0"
                  VPOS="0"
                  WIDTH="1440"
                  HEIGHT="2442">
        <TextBlock HPOS="281.0"
                   VPOS="197.0"
                   WIDTH="993.0"
                   HEIGHT="362.0"
                   ID="eSc_textblock_e9241181"
                   TAGREFS="BT100006">
          <Shape><Polygon POINTS="281 197 281 559 1274 559 1274 197"/></Shape>
          <TextLine ID="line_1"
                    TAGREFS="LT8"
                    BASELINE="375 244 1135 241" 
                    HPOS="374"
                    VPOS="195"
                    WIDTH="761"
                    HEIGHT="62">
            <Shape><Polygon POINTS="375 250 538 257 540 257 541 257 542 257 542 256 546 252 549 250 587 253 640 256 641 256 720 253 860 249 894 255 903 256 905 256 906 256 907 256 907 255 917 249 956 256 964 256 966 256 971 256 1000 249 1017 256 1019 256 1020 256 1021 256 1023 256 1024 256 1032 250 1039 256 1040 256 1042 256 1043 257 1134 257 1135 241 1133 210 1054 210 1024 196 1023 196 1021 196 1020 196 992 208 981 198 981 196 979 196 978 196 945 195 944 195 943 195 918 208 869 208 846 195 845 195 844 195 842 195 841 195 840 195 840 196 826 210 772 210 730 196 728 196 727 196 726 196 724 196 724 198 713 207 703 198 703 196 701 196 700 196 671 196 670 196 669 196 643 208 624 196 622 196 621 196 620 196 618 196 617 196 617 198 603 210 572 196 571 196 570 196 568 196 567 196 567 198 553 211 464 211 445 196 443 196 442 196 397 196 396 196 394 196 393 196 374 208 375 244"/></Shape>
	    <String CONTENT="Nourry du laict d’vne horrible Furie,"
                    HPOS="374"
                    VPOS="195"
                    WIDTH="761"
                    HEIGHT="62"
                    WC="0.9857067256360441"></String>
          </TextLine>
          <TextLine ID="line_2"
                    TAGREFS="LT8"
                    BASELINE="381 298 1161 302" 
                    HPOS="380"
                    VPOS="260"
                    WIDTH="781"
                    HEIGHT="61">
            <Shape><Polygon POINTS="894 260 893 260 883 260 869 260 856 260 853 260 852 260 850 260 849 260 849 261 838 271 837 274 822 274 821 271 810 261 810 260 808 260 807 260 802 260 788 260 783 260 781 260 780 260 779 260 779 261 770 269 749 260 747 260 746 260 745 260 743 260 727 271 723 272 694 271 602 265 601 265 575 271 574 271 561 260 557 260 551 260 502 271 498 272 450 272 447 271 431 260 430 260 428 260 427 260 381 269 381 298 380 314 475 320 476 320 477 320 479 320 487 314 494 310 534 314 546 314 548 314 549 314 551 314 551 313 557 307 563 313 570 318 570 320 571 320 572 320 574 321 608 321 608 320 609 320 610 320 621 313 632 306 644 313 652 317 654 317 655 317 656 317 674 313 693 307 698 313 700 314 701 314 703 314 704 314 774 312 883 307 893 310 901 314 902 314 903 314 964 310 990 309 998 310 1026 316 1027 316 1028 316 1050 309 1054 309 1065 309 1146 317 1148 317 1149 317 1150 317 1160 309 1161 302 1160 272 1108 261 1107 261 1106 261 1104 261 1089 271 1088 272 1080 271 1032 265 1031 265 975 271 952 274 950 271 940 263 940 261 939 261 937 261 936 261 935 261 903 269 897 261 895 261 895 260 894 260"/></Shape>
	    <String CONTENT="Qu&#x27;vn Pape au col des Valois attacha"
                    HPOS="380"
                    VPOS="260"
                    WIDTH="781"
                    HEIGHT="61"
                    WC="0.9952937463919321"></String>
          </TextLine>
          <TextLine ID="line_3"
                    TAGREFS="LT8"
                    BASELINE="377 360 1102 360" 
                    HPOS="377"
                    VPOS="320"
                    WIDTH="725"
                    HEIGHT="58">
            <Shape><Polygon POINTS="377 360 377 369 548 369 552 370 574 377 575 377 576 378 659 378 659 377 660 377 662 377 669 371 673 369 1100 374 1102 360 1102 332 1069 332 1058 321 1058 320 1057 320 1055 320 1054 320 1053 320 1017 332 958 332 925 320 924 320 922 320 921 320 920 320 920 321 909 332 868 332 827 320 826 320 825 320 823 320 822 320 822 321 811 332 734 332 722 321 722 320 720 320 719 320 698 320 697 320 696 320 674 331 613 320 612 320 610 320 589 331 563 320 561 320 560 320 559 320 532 331 468 320 466 320 465 320 464 320 464 321 453 332 424 332 397 320 396 320 394 320 393 320 392 320 377 329 377 360"/></Shape>
	    <String CONTENT="Et dans le ſein de nos Roys la cacha,"
                    HPOS="377"
                    VPOS="320"
                    WIDTH="725"
                    HEIGHT="58"
                    WC="0.9990207665675396"></String>
          </TextLine>
          <TextLine ID="line_4"
                    TAGREFS="LT8"
                    BASELINE="380 419 1126 419" 
                    HPOS="380"
                    VPOS="381"
                    WIDTH="746"
                    HEIGHT="57">
            <Shape><Polygon POINTS="380 419 380 427 472 436 473 438 510 438 510 436 511 436 513 436 513 435 519 430 521 428 675 428 688 431 708 436 709 436 711 436 795 432 872 428 1125 435 1126 419 1126 392 1034 392 1017 381 1016 381 1015 381 1013 381 969 390 903 381 902 381 856 390 736 381 735 381 734 381 732 381 732 382 722 390 686 381 685 381 684 381 682 381 681 381 681 382 673 390 443 390 394 381 393 381 392 381 390 381 380 388 380 419"/></Shape>
	    <String CONTENT="Pour y nourrir la flamme che allumee,"
                    HPOS="380"
                    VPOS="381"
                    WIDTH="746"
                    HEIGHT="57"
                    WC="0.9893820769078022"></String>
          </TextLine>
          <TextLine ID="line_5"
                    TAGREFS="LT8"
                    BASELINE="377 478 1039 477 1211 482" 
                    HPOS="377"
                    VPOS="438"
                    WIDTH="834"
                    HEIGHT="58">
            <Shape><Polygon POINTS="377 478 377 487 743 487 769 491 796 495 798 495 887 492 1030 487 1053 493 1057 495 1058 495 1059 496 1210 496 1211 482 1210 450 1118 449 1092 438 1091 438 1089 438 1088 438 1087 438 1087 439 1077 449 921 449 895 438 894 438 826 438 825 438 823 438 822 438 822 439 812 449 571 449 552 438 551 438 549 438 518 438 517 438 515 438 514 438 498 449 393 438 392 438 390 438 389 438 377 446 377 478"/></Shape>
	    <String CONTENT="Dont France vn iour fuſt toute conſumee,"
                    HPOS="377"
                    VPOS="438"
                    WIDTH="834"
                    HEIGHT="58"
                    WC="0.9979532018303872"></String>
          </TextLine>
          <TextLine ID="line_6"
                    TAGREFS="LT8"
                    BASELINE="375 538 1127 535" 
                    HPOS="374"
                    VPOS="493"
                    WIDTH="753"
                    HEIGHT="61">
            <Shape><Polygon POINTS="375 538 375 548 441 548 450 554 451 554 453 554 454 554 498 548 500 548 665 548 667 548 677 554 678 554 679 554 681 554 765 549 800 546 1126 549 1127 535 1121 493 1097 508 1035 508 1023 496 1023 495 1021 495 1020 495 996 495 994 495 993 495 992 495 990 496 974 508 916 508 895 499 887 495 886 495 884 495 883 495 882 495 882 496 878 499 869 507 743 506 741 501 735 497 735 496 734 496 732 496 713 496 712 496 711 496 709 496 709 497 704 503 697 510 564 510 561 506 552 497 552 496 551 496 549 496 527 496 526 496 525 496 523 496 523 497 514 506 504 497 504 496 503 496 502 496 500 496 446 506 393 496 392 496 390 496 389 496 374 504 375 538"/></Shape>
	    <String CONTENT="Cauſe de maux, ſemence de malheurs!"
                    HPOS="374"
                    VPOS="493"
                    WIDTH="753"
                    HEIGHT="61"
                    WC="0.995957727091653"></String>
          </TextLine>
        </TextBlock>
        <TextBlock HPOS="542.0"
                   VPOS="119.0"
                   WIDTH="497.0"
                   HEIGHT="54.0"
                   ID="block_1"
                   TAGREFS="BT18">
          <Shape><Polygon POINTS="1039 119 1039 173 542 173 542 119"/></Shape>
          <TextLine ID="line_0"
                    TAGREFS="LT10"
                    BASELINE="545 163 1034 160" 
                    HPOS="543"
                    VPOS="120"
                    WIDTH="489"
                    HEIGHT="57">
            <Shape><Polygon POINTS="543 162 543 177 1030 177 1032 158 1026 120 560 120 543 162"/></Shape>
	    <String CONTENT="DIALOGISME."
                    HPOS="543"
                    VPOS="120"
                    WIDTH="489"
                    HEIGHT="57"
                    WC="0.9994632222435691"></String>
          </TextLine>
        </TextBlock>
        <TextBlock HPOS="274.0"
                   VPOS="563.0"
                   WIDTH="1013.0"
                   HEIGHT="285.0"
                   ID="eSc_textblock_ccbe3ae2"
                   TAGREFS="BT100008">
          <Shape><Polygon POINTS="1287 848 1287 563 274 563 274 848"/></Shape>
          <TextLine ID="line_7"
                    TAGREFS="LT8"
                    BASELINE="282 602 686 595 1049 598" 
                    HPOS="280"
                    VPOS="553"
                    WIDTH="769"
                    HEIGHT="64">
            <Shape><Polygon POINTS="282 602 282 611 299 615 301 615 302 615 304 615 308 611 316 607 340 611 366 617 367 617 369 617 370 617 375 613 382 606 594 606 602 613 605 614 605 615 606 615 608 615 609 617 635 617 635 615 636 615 643 613 658 606 703 613 724 615 726 615 727 615 735 613 761 605 867 605 875 611 876 611 878 611 879 611 880 611 882 611 893 605 971 613 974 613 975 613 977 613 1009 603 1045 613 1049 598 1047 565 971 565 971 564 959 554 959 553 958 553 956 553 955 553 954 553 933 564 929 567 867 567 865 564 855 554 855 553 853 553 852 553 850 553 761 564 731 568 701 568 696 564 686 554 685 554 684 554 636 554 635 554 633 554 632 554 632 556 624 563 621 567 601 568 553 568 549 563 541 556 541 554 540 554 538 554 521 554 519 554 518 554 517 554 517 556 508 563 502 569 446 569 435 563 426 556 424 556 423 556 396 556 394 556 393 556 392 556 392 557 386 563 381 567 373 563 362 556 361 556 359 556 358 556 356 556 339 563 323 568 316 563 310 557 309 557 308 557 306 557 280 561 282 602"/></Shape>
	    <String CONTENT="Pol. Ce voile ainſi bigarré de couleurs,"
                    HPOS="280"
                    VPOS="553"
                    WIDTH="769"
                    HEIGHT="64"
                    WC="0.9930686994296748"></String>
          </TextLine>
          <TextLine ID="line_8"
                    TAGREFS="LT8"
                    BASELINE="377 656 1030 656" 
                    HPOS="377"
                    VPOS="614"
                    WIDTH="653"
                    HEIGHT="65">
            <Shape><Polygon POINTS="377 656 377 666 472 666 473 666 488 678 489 678 491 678 492 679 513 679 513 678 514 678 515 678 515 676 526 666 527 666 534 666 590 672 591 672 636 667 650 666 656 667 697 678 698 678 700 678 745 668 754 666 761 668 788 678 789 678 791 678 792 678 826 668 837 666 842 668 861 678 863 678 864 679 925 679 925 678 926 678 950 670 960 666 1001 668 1001 670 1009 676 1009 678 1011 678 1012 678 1013 678 1015 678 1030 670 1030 656 1030 629 932 628 910 614 909 614 907 614 890 614 888 614 887 614 886 614 886 615 872 628 812 621 811 621 741 628 726 621 724 621 723 621 722 621 703 628 689 615 689 614 688 614 686 614 670 614 669 614 667 614 666 614 666 615 652 628 624 626 613 615 613 614 612 614 610 614 609 614 608 614 572 626 560 615 560 614 559 614 557 614 506 614 504 614 503 614 502 614 479 629 449 629 428 614 427 614 426 614 396 614 394 614 393 614 392 614 377 625 377 656"/></Shape>
	    <String CONTENT="Et ceſt habit de pourpre figuree,"
                    HPOS="377"
                    VPOS="614"
                    WIDTH="653"
                    HEIGHT="65"
                    WC="0.9964679335102891"></String>
          </TextLine>
          <TextLine ID="line_9"
                    TAGREFS="LT8"
                    BASELINE="369 717 1118 714" 
                    HPOS="367"
                    VPOS="674"
                    WIDTH="751"
                    HEIGHT="58">
            <Shape><Polygon POINTS="369 717 369 724 517 724 525 725 559 732 560 732 591 725 608 723 643 727 675 729 677 729 678 729 679 729 679 728 682 727 686 723 704 727 727 732 728 732 750 728 779 721 819 728 837 731 838 732 884 732 884 731 886 731 887 731 890 729 901 721 914 728 916 728 917 728 918 728 932 723 1031 729 1032 729 1034 729 1053 721 1059 728 1059 729 1061 729 1062 729 1064 729 1065 729 1078 724 1115 731 1118 714 1115 687 1016 687 992 674 990 674 989 674 988 674 986 674 969 687 784 687 770 675 770 674 769 674 768 674 749 674 747 674 746 674 745 674 745 675 734 686 719 675 717 675 716 675 715 675 713 675 712 675 694 689 614 689 602 676 602 675 601 675 599 675 576 675 575 675 574 675 551 687 513 675 511 675 468 675 466 675 465 675 464 675 464 676 453 685 401 675 400 675 399 675 397 675 397 676 385 689 367 689 369 717"/></Shape>
	    <String CONTENT="De bleu, de verd, de rouge coulouree,"
                    HPOS="367"
                    VPOS="674"
                    WIDTH="751"
                    HEIGHT="58"
                    WC="0.9955965715485651"></String>
          </TextLine>
          <TextLine ID="line_10"
                    TAGREFS="LT8"
                    BASELINE="377 776 1064 771" 
                    HPOS="375"
                    VPOS="733"
                    WIDTH="689"
                    HEIGHT="60">
            <Shape><Polygon POINTS="377 776 377 785 476 785 484 792 484 793 485 793 487 793 488 793 489 793 514 785 518 784 593 784 594 785 603 792 605 792 606 792 608 792 651 785 654 785 658 785 719 790 720 790 722 790 723 790 730 785 736 790 736 792 738 792 739 792 741 793 769 793 769 792 770 792 796 785 808 782 822 785 837 789 838 789 840 789 841 789 842 789 846 785 853 781 1061 785 1064 771 1062 744 1038 733 1036 733 1035 733 1034 733 1032 733 1015 744 1012 747 857 747 856 746 836 733 834 733 833 733 831 733 830 733 829 733 811 747 693 747 667 740 666 740 665 740 663 740 647 747 605 735 603 735 602 735 601 735 567 748 530 736 529 736 527 736 470 744 458 736 457 736 456 736 400 736 399 736 397 736 396 736 375 747 377 776"/></Shape>
	    <String CONTENT="Monſtre-il pas, à qui le verra tel,"
                    HPOS="375"
                    VPOS="733"
                    WIDTH="689"
                    HEIGHT="60"
                    WC="0.9774559570683373"></String>
          </TextLine>
          <TextLine ID="line_11"
                    TAGREFS="LT8"
                    BASELINE="378 834 1114 830" 
                    HPOS="377"
                    VPOS="792"
                    WIDTH="737"
                    HEIGHT="64">
            <Shape><Polygon POINTS="378 834 378 842 416 854 418 854 419 856 476 856 476 854 477 854 479 854 494 842 511 849 513 849 514 849 567 842 620 854 621 854 682 841 685 841 700 841 774 842 787 853 788 853 789 853 791 854 815 854 815 853 817 853 818 853 818 851 827 843 864 853 865 853 867 853 868 853 920 839 928 846 929 846 931 846 932 846 992 842 998 847 998 849 1000 849 1001 849 1002 849 1004 849 1035 839 1043 846 1043 847 1045 847 1046 847 1047 847 1049 847 1080 839 1091 849 1092 849 1093 849 1095 849 1096 849 1097 849 1114 838 1114 830 1110 796 924 803 914 799 897 792 895 792 894 792 893 792 864 800 853 803 842 800 812 793 811 793 810 793 808 793 808 795 802 801 798 805 761 805 750 803 711 793 709 793 708 793 707 793 707 795 697 803 696 804 686 803 628 797 627 797 625 797 624 797 624 799 622 799 618 804 617 805 601 805 491 799 489 799 488 799 487 799 477 805 389 795 388 795 386 795 385 795 385 796 377 804 378 834"/></Shape>
	    <String CONTENT="Que tu n&#x27;es pas d’vn ſimple naturel?"
                    HPOS="377"
                    VPOS="792"
                    WIDTH="737"
                    HEIGHT="64"
                    WC="0.9836797548664941"></String>
          </TextLine>
        </TextBlock>
        <TextBlock HPOS="260.0"
                   VPOS="865.0"
                   WIDTH="1010.0"
                   HEIGHT="231.0"
                   ID="eSc_textblock_498877fe"
                   TAGREFS="BT100008">
          <Shape><Polygon POINTS="264 865 260 1077 1270 1096 1270 865"/></Shape>
          <TextLine ID="line_12"
                    TAGREFS="LT8"
                    BASELINE="280 898 551 891 1160 891" 
                    HPOS="279"
                    VPOS="853"
                    WIDTH="881"
                    HEIGHT="57">
            <Shape><Polygon POINTS="280 898 280 906 389 902 393 906 396 907 396 908 397 908 399 908 400 908 401 908 413 904 423 903 438 904 477 910 479 910 507 904 521 902 541 904 591 910 593 910 679 902 708 900 734 902 829 908 830 908 886 900 890 900 893 900 936 906 937 906 939 906 940 906 947 899 948 899 971 899 1146 906 1148 906 1149 906 1150 906 1160 899 1160 891 1159 865 1148 854 1148 853 1146 853 1145 853 1112 853 1111 853 1110 853 1108 853 1093 862 1083 857 1081 857 1080 857 1078 857 1077 857 1068 865 1058 858 1057 858 1055 858 1054 858 1053 858 1051 858 1040 865 967 858 966 858 964 858 963 858 963 860 958 865 944 860 943 860 941 860 891 865 878 866 875 865 857 854 856 854 855 854 829 854 827 854 826 854 825 854 825 856 815 865 812 866 796 865 747 858 746 858 745 858 734 864 728 866 722 864 705 858 704 858 703 858 678 864 665 866 651 864 618 854 617 854 616 854 591 856 590 856 589 856 589 857 582 862 578 865 575 862 571 860 570 860 568 860 567 860 545 862 525 865 519 862 506 856 504 856 503 856 470 862 461 864 453 862 432 856 431 856 430 856 428 856 427 856 427 857 422 861 413 869 343 869 327 861 314 856 313 856 312 856 279 860 280 898"/></Shape>
	    <String CONTENT="Pa. Auſsi ne ſuis-ie: ains ſuis-ie toute telle"
                    HPOS="279"
                    VPOS="853"
                    WIDTH="881"
                    HEIGHT="57"
                    WC="0.9755101152088331"></String>
          </TextLine>
          <TextLine ID="line_13"
                    TAGREFS="LT8"
                    BASELINE="380 956 518 951 1167 951" 
                    HPOS="378"
                    VPOS="910"
                    WIDTH="789"
                    HEIGHT="62">
            <Shape><Polygon POINTS="380 956 380 968 456 971 457 971 458 971 460 971 462 968 473 960 514 960 522 968 525 970 525 971 526 971 527 971 529 972 570 972 570 971 571 971 578 968 591 960 617 967 629 971 631 971 632 971 670 967 736 960 750 967 758 971 760 971 761 971 762 971 772 967 787 960 913 965 948 967 950 967 985 965 1080 960 1110 964 1150 971 1152 971 1153 971 1167 964 1167 951 1165 922 1138 910 1137 910 1112 910 1111 910 1110 910 1108 910 1088 923 1054 923 1026 910 1024 910 1023 910 1021 910 1020 910 1020 911 1008 923 950 923 925 910 924 910 922 910 921 910 920 910 899 923 799 923 774 910 773 910 772 910 770 910 769 910 751 923 730 923 656 910 655 910 654 910 652 910 637 921 632 917 632 915 631 915 629 915 628 915 582 921 568 910 567 910 565 910 564 910 563 910 537 921 496 910 495 910 494 910 492 910 491 910 491 911 479 923 461 923 405 910 404 910 403 910 378 922 380 956"/></Shape>
	    <String CONTENT="Que l’eſprit faux &amp; cauteleux de celle,"
                    HPOS="378"
                    VPOS="910"
                    WIDTH="789"
                    HEIGHT="62"
                    WC="0.9924989740053812"></String>
          </TextLine>
          <TextLine ID="line_14"
                    TAGREFS="LT8"
                    BASELINE="385 1012 1046 1009" 
                    HPOS="384"
                    VPOS="970"
                    WIDTH="662"
                    HEIGHT="62">
            <Shape><Polygon POINTS="385 1012 385 1032 457 1032 457 1031 458 1031 460 1031 460 1029 473 1020 542 1020 551 1028 553 1029 553 1031 555 1031 556 1031 557 1032 584 1032 584 1031 586 1031 599 1026 622 1018 819 1018 823 1022 831 1028 831 1029 833 1029 834 1029 836 1031 875 1031 875 1029 876 1029 878 1029 890 1020 894 1018 1001 1018 1026 1026 1027 1026 1028 1026 1030 1026 1031 1026 1046 1017 1046 1009 1043 983 960 983 940 970 939 970 937 970 918 970 917 970 916 970 914 970 914 971 902 983 704 983 646 971 644 971 643 971 641 971 641 972 631 982 614 971 613 971 612 971 610 971 527 983 507 971 506 971 504 971 503 971 450 980 408 971 407 971 405 971 404 971 384 982 385 1012"/></Shape>
	    <String CONTENT="Qui là tiſſu d’vn ouurage diuers,"
                    HPOS="384"
                    VPOS="970"
                    WIDTH="662"
                    HEIGHT="62"
                    WC="0.9910403192043304"></String>
          </TextLine>
          <TextLine ID="line_15"
                    TAGREFS="LT8"
                    BASELINE="377 1073 1235 1073" 
                    HPOS="377"
                    VPOS="1031"
                    WIDTH="858"
                    HEIGHT="52">
            <Shape><Polygon POINTS="377 1073 377 1081 1233 1083 1235 1073 1235 1043 1028 1043 964 1031 921 1031 920 1031 918 1031 917 1031 906 1039 863 1031 861 1031 860 1031 840 1041 829 1032 829 1031 827 1031 826 1031 803 1031 802 1031 800 1031 799 1031 784 1041 758 1031 757 1031 755 1031 754 1031 753 1031 736 1043 609 1043 546 1031 545 1031 544 1031 542 1031 533 1039 470 1035 469 1035 468 1035 451 1041 393 1031 392 1031 390 1031 389 1031 377 1039 377 1073"/></Shape>
	    <String CONTENT="De traiſtres ieux &amp; de ſemblants couuerts."
                    HPOS="377"
                    VPOS="1031"
                    WIDTH="858"
                    HEIGHT="52"
                    WC="0.988667056674049"></String>
          </TextLine>
        </TextBlock>
        <TextBlock HPOS="258.0"
                   VPOS="1096.0"
                   WIDTH="1014.0"
                   HEIGHT="126.0"
                   ID="eSc_textblock_3016ae9d"
                   TAGREFS="BT100008">
          <Shape><Polygon POINTS="258 1096 258 1222 1272 1222 1272 1096"/></Shape>
          <TextLine ID="line_16"
                    TAGREFS="LT8"
                    BASELINE="279 1130 1175 1127" 
                    HPOS="278"
                    VPOS="1088"
                    WIDTH="897"
                    HEIGHT="57">
            <Shape><Polygon POINTS="279 1130 279 1138 724 1145 726 1145 762 1136 765 1136 768 1136 795 1143 796 1143 798 1143 799 1143 822 1136 823 1136 846 1136 1157 1143 1159 1143 1160 1143 1175 1135 1175 1127 1171 1098 1108 1098 1106 1097 1091 1088 1089 1088 1088 1088 1062 1088 1061 1088 1059 1088 1058 1088 1046 1097 1045 1098 1042 1097 1026 1088 1024 1088 1023 1088 1021 1088 996 1097 989 1100 591 1100 564 1093 548 1089 546 1089 545 1089 544 1089 542 1089 537 1093 526 1101 449 1101 438 1092 434 1089 432 1089 431 1089 393 1089 392 1089 390 1089 389 1089 389 1090 386 1092 380 1098 371 1092 369 1090 369 1089 367 1089 366 1089 365 1089 278 1090 279 1130"/></Shape>
	    <String CONTENT="Pṏl. Et ces cheueux que tu vas nonchallante"
                    HPOS="278"
                    VPOS="1088"
                    WIDTH="897"
                    HEIGHT="57"
                    WC="0.9965298997031318"></String>
          </TextLine>
          <TextLine ID="line_17"
                    TAGREFS="LT8"
                    BASELINE="380 1189 1222 1187" 
                    HPOS="378"
                    VPOS="1149"
                    WIDTH="844"
                    HEIGHT="59">
            <Shape><Polygon POINTS="380 1189 380 1197 551 1197 561 1206 561 1207 563 1207 564 1207 565 1208 610 1208 610 1207 679 1197 689 1206 689 1207 690 1207 692 1207 693 1207 694 1207 715 1199 795 1207 796 1207 798 1207 799 1207 808 1199 842 1206 844 1206 845 1206 871 1196 894 1203 895 1203 897 1203 1004 1196 1011 1202 1011 1203 1012 1203 1013 1203 1015 1203 1054 1197 1131 1204 1133 1204 1191 1196 1205 1206 1206 1206 1207 1206 1209 1206 1210 1206 1211 1206 1211 1204 1222 1193 1222 1187 1217 1151 1197 1161 1114 1161 1095 1153 1083 1149 1081 1149 1080 1149 1078 1149 1077 1149 1070 1154 1061 1161 1024 1161 1017 1154 1012 1150 1012 1149 1011 1149 1009 1149 981 1149 979 1149 978 1149 977 1149 977 1150 971 1155 966 1161 872 1161 853 1157 800 1149 799 1149 798 1149 772 1158 770 1159 628 1161 627 1161 616 1151 616 1150 614 1150 613 1150 586 1150 584 1150 583 1150 560 1161 545 1151 544 1151 542 1151 541 1151 487 1161 480 1155 480 1154 479 1154 477 1154 392 1150 390 1150 389 1150 388 1150 388 1151 378 1159 380 1189"/></Shape>
	    <String CONTENT="Portant eſpars, ainſi qu’vne Bacchante?"
                    HPOS="378"
                    VPOS="1149"
                    WIDTH="844"
                    HEIGHT="59"
                    WC="0.9928019979061224"></String>
          </TextLine>
        </TextBlock>
        <TextBlock HPOS="256.0"
                   VPOS="1220.0"
                   WIDTH="1060.0"
                   HEIGHT="287.0"
                   ID="eSc_textblock_471f4373"
                   TAGREFS="BT100008">
          <Shape><Polygon POINTS="1316 1507 1316 1220 256 1220 256 1507"/></Shape>
          <TextLine ID="line_18"
                    TAGREFS="LT8"
                    BASELINE="279 1252 456 1246 1156 1250" 
                    HPOS="279"
                    VPOS="1203"
                    WIDTH="877"
                    HEIGHT="64">
            <Shape><Polygon POINTS="279 1252 279 1258 388 1254 393 1260 394 1260 394 1261 396 1261 397 1261 472 1264 473 1264 502 1261 545 1256 582 1261 591 1263 593 1263 594 1263 597 1261 610 1256 641 1263 647 1263 648 1263 654 1263 684 1256 697 1263 701 1264 703 1264 704 1264 713 1263 742 1257 777 1263 793 1265 795 1265 796 1265 800 1263 814 1257 1089 1257 1099 1265 1100 1265 1102 1265 1103 1267 1154 1267 1156 1250 1154 1221 1122 1219 1103 1206 1102 1206 1100 1206 1074 1206 1073 1206 1072 1206 1070 1206 1070 1207 1058 1218 1045 1207 1045 1206 1043 1206 1042 1206 1019 1206 1017 1206 1016 1206 1015 1206 1015 1207 1001 1219 1000 1219 992 1219 966 1216 955 1207 955 1206 954 1206 952 1206 951 1206 883 1218 874 1219 834 1219 833 1218 819 1206 818 1206 817 1206 798 1206 796 1206 795 1206 793 1206 793 1207 781 1218 780 1218 674 1218 673 1216 648 1204 647 1204 628 1204 627 1204 625 1204 624 1204 624 1206 612 1216 609 1219 587 1219 584 1216 572 1206 572 1204 571 1204 570 1204 568 1204 567 1204 565 1204 546 1216 542 1218 508 1216 508 1215 496 1206 496 1204 495 1204 494 1204 492 1204 491 1204 466 1215 460 1218 450 1215 409 1203 408 1203 407 1203 405 1203 404 1203 384 1215 380 1216 321 1216 318 1214 293 1204 291 1204 290 1204 289 1204 287 1204 279 1210 279 1252"/></Shape>
	    <String CONTENT="Pa. Ce ſont les Rets, où ſous ombre de Foy,"
                    HPOS="279"
                    VPOS="1203"
                    WIDTH="877"
                    HEIGHT="64"
                    WC="0.9849854125217958"></String>
          </TextLine>
          <TextLine ID="line_19"
                    TAGREFS="LT8"
                    BASELINE="374 1307 1085 1303" 
                    HPOS="373"
                    VPOS="1269"
                    WIDTH="712"
                    HEIGHT="57">
            <Shape><Polygon POINTS="374 1307 374 1317 384 1322 385 1322 386 1322 500 1315 508 1322 510 1322 511 1322 513 1324 513 1322 514 1322 515 1322 521 1317 529 1324 529 1325 530 1325 532 1325 533 1326 559 1326 559 1325 560 1325 561 1325 561 1324 571 1315 606 1325 608 1325 609 1325 610 1325 646 1314 753 1324 754 1324 796 1314 840 1321 841 1321 954 1313 967 1321 969 1321 970 1321 971 1321 973 1321 996 1315 1072 1322 1073 1322 1074 1322 1076 1322 1076 1321 1085 1311 1085 1303 1083 1279 950 1272 948 1272 726 1279 663 1272 662 1272 595 1280 556 1272 555 1272 507 1280 496 1271 496 1269 495 1269 494 1269 492 1269 450 1277 442 1271 442 1269 441 1269 439 1269 388 1269 386 1269 385 1269 384 1269 384 1271 373 1279 374 1307"/></Shape>
	    <String CONTENT="Et de repos, ceux qui vienent à moy"
                    HPOS="373"
                    VPOS="1269"
                    WIDTH="712"
                    HEIGHT="57"
                    WC="0.9849707086881002"></String>
          </TextLine>
          <TextLine ID="line_20"
                    TAGREFS="LT8"
                    BASELINE="375 1367 1293 1367" 
                    HPOS="375"
                    VPOS="1325"
                    WIDTH="918"
                    HEIGHT="64">
            <Shape><Polygon POINTS="375 1367 375 1375 468 1377 479 1386 479 1387 480 1387 481 1387 483 1389 536 1389 536 1387 537 1387 559 1378 560 1378 563 1378 628 1387 629 1387 631 1387 632 1387 644 1379 648 1377 660 1379 692 1385 693 1385 731 1379 754 1377 764 1379 781 1387 783 1387 784 1387 818 1381 838 1377 944 1377 956 1382 970 1387 971 1387 973 1387 974 1387 993 1382 1012 1377 1020 1382 1027 1387 1028 1387 1030 1387 1031 1387 1032 1387 1049 1383 1072 1377 1095 1383 1110 1387 1111 1387 1112 1389 1144 1389 1144 1387 1145 1387 1146 1387 1152 1383 1164 1377 1239 1383 1240 1383 1241 1383 1256 1377 1270 1385 1273 1387 1274 1387 1275 1387 1277 1387 1293 1385 1293 1367 1293 1339 1266 1339 1252 1326 1252 1325 1251 1325 1249 1325 1248 1325 1175 1337 1059 1325 1058 1325 1057 1325 1055 1325 1043 1336 901 1337 887 1326 887 1325 886 1325 884 1325 812 1325 811 1325 810 1325 808 1325 791 1339 765 1339 712 1325 711 1325 709 1325 708 1325 708 1326 694 1337 624 1330 622 1330 621 1330 620 1330 609 1337 540 1325 538 1325 537 1325 536 1325 536 1326 522 1339 480 1339 419 1325 418 1325 416 1325 415 1325 415 1326 401 1339 375 1339 375 1367"/></Shape>
	    <String CONTENT="A moy ſont pris, lors qu’ils me penſent prendre,"
                    HPOS="375"
                    VPOS="1325"
                    WIDTH="918"
                    HEIGHT="64"
                    WC="0.9729198105633259"></String>
          </TextLine>
          <TextLine ID="line_21"
                    TAGREFS="LT8"
                    BASELINE="375 1424 1130 1421" 
                    HPOS="374"
                    VPOS="1383"
                    WIDTH="756"
                    HEIGHT="59">
            <Shape><Polygon POINTS="375 1424 375 1433 511 1442 513 1442 514 1442 533 1433 534 1433 622 1433 629 1439 629 1440 631 1440 632 1440 633 1440 696 1433 697 1433 750 1442 751 1442 827 1433 960 1440 962 1440 1007 1432 1008 1432 1009 1432 1036 1440 1038 1440 1039 1440 1129 1431 1130 1421 1127 1397 1110 1397 1096 1385 1096 1383 1095 1383 1093 1383 1074 1383 1073 1383 1072 1383 1070 1383 1070 1385 1058 1397 888 1397 850 1383 849 1383 810 1383 808 1383 807 1383 806 1383 806 1385 796 1393 770 1383 769 1383 768 1383 766 1383 765 1383 747 1398 678 1398 641 1385 640 1385 639 1385 637 1385 636 1385 636 1386 624 1398 542 1398 457 1385 456 1385 454 1385 453 1385 439 1396 424 1385 423 1385 422 1385 389 1385 388 1385 386 1385 385 1385 385 1386 374 1396 375 1424"/></Shape>
	    <String CONTENT="Et dans mes las ne faillent à ſe reudre"
                    HPOS="374"
                    VPOS="1383"
                    WIDTH="756"
                    HEIGHT="59"
                    WC="0.9978477627038955"></String>
          </TextLine>
          <TextLine ID="line_22"
                    TAGREFS="LT8"
                    BASELINE="374 1485 1217 1485" 
                    HPOS="374"
                    VPOS="1443"
                    WIDTH="843"
                    HEIGHT="57">
            <Shape><Polygon POINTS="374 1485 374 1492 392 1500 393 1500 394 1500 487 1493 560 1493 656 1493 671 1500 673 1500 674 1500 757 1493 762 1493 770 1493 932 1500 933 1500 1217 1493 1217 1485 1217 1457 1140 1455 1116 1443 1115 1443 1078 1443 1077 1443 1076 1443 1074 1443 1074 1444 1065 1452 1049 1443 1047 1443 1046 1443 1008 1443 1007 1443 1005 1443 982 1455 918 1455 907 1444 907 1443 906 1443 905 1443 886 1443 884 1443 883 1443 882 1443 882 1444 869 1457 773 1457 681 1443 679 1443 678 1443 677 1443 677 1444 665 1457 610 1457 598 1444 598 1443 597 1443 595 1443 575 1443 574 1443 572 1443 571 1443 551 1455 518 1443 517 1443 515 1443 514 1443 513 1443 513 1444 500 1457 441 1457 428 1444 428 1443 427 1443 426 1443 396 1443 394 1443 393 1443 392 1443 374 1454 374 1485"/></Shape>
	    <String CONTENT="Ceux-la dont Mars n’a dompté la Vertu."
                    HPOS="374"
                    VPOS="1443"
                    WIDTH="843"
                    HEIGHT="57"
                    WC="0.9983498331827995"></String>
          </TextLine>
        </TextBlock>
        <TextBlock HPOS="259.0"
                   VPOS="1515.0"
                   WIDTH="1055.0"
                   HEIGHT="110.0"
                   ID="eSc_textblock_07d75b8f"
                   TAGREFS="BT100008">
          <Shape><Polygon POINTS="259 1515 259 1625 1314 1625 1314 1515"/></Shape>
          <TextLine ID="line_23"
                    TAGREFS="LT8"
                    BASELINE="278 1546 1047 1541" 
                    HPOS="276"
                    VPOS="1499"
                    WIDTH="771"
                    HEIGHT="69">
            <Shape><Polygon POINTS="278 1546 278 1556 285 1561 286 1561 287 1561 289 1561 290 1561 308 1554 325 1561 327 1561 328 1561 370 1557 380 1565 380 1566 381 1566 382 1566 384 1568 461 1568 461 1566 462 1566 464 1566 464 1565 476 1553 496 1553 508 1564 508 1565 510 1565 511 1565 513 1565 514 1565 553 1553 568 1565 570 1565 571 1565 572 1566 601 1566 601 1565 602 1565 603 1565 603 1564 616 1554 660 1565 662 1565 663 1565 690 1552 757 1552 780 1564 781 1564 783 1564 784 1564 811 1553 850 1564 852 1564 853 1564 855 1564 903 1550 1019 1557 1020 1557 1021 1557 1047 1547 1047 1541 1043 1507 838 1512 829 1507 812 1499 811 1499 810 1499 808 1499 807 1499 807 1500 799 1508 793 1514 776 1514 768 1508 754 1499 753 1499 751 1499 750 1499 749 1499 747 1499 735 1508 730 1512 722 1508 703 1499 701 1499 700 1499 698 1499 665 1508 646 1514 637 1508 624 1500 622 1500 621 1500 597 1500 595 1500 594 1500 593 1500 580 1508 575 1514 568 1508 556 1500 555 1500 553 1500 536 1500 534 1500 533 1500 532 1500 532 1501 523 1509 519 1512 511 1509 484 1500 483 1500 481 1500 480 1500 479 1500 466 1509 458 1515 446 1509 426 1501 424 1501 401 1501 400 1501 399 1501 397 1501 397 1503 389 1509 385 1515 375 1509 359 1501 358 1501 356 1501 355 1501 331 1509 321 1514 317 1511 308 1501 306 1501 305 1501 304 1501 302 1501 276 1508 278 1546"/></Shape>
	    <String CONTENT="Pol. Quel eſcuſſon, Valoiſe, portes-tu?"
                    HPOS="276"
                    VPOS="1499"
                    WIDTH="771"
                    HEIGHT="69"
                    WC="0.9958793903008486"></String>
          </TextLine>
          <TextLine ID="line_24"
                    TAGREFS="LT8"
                    BASELINE="380 1604 1294 1594" 
                    HPOS="378"
                    VPOS="1558"
                    WIDTH="916"
                    HEIGHT="65">
            <Shape><Polygon POINTS="380 1604 380 1614 583 1618 584 1618 586 1618 609 1611 612 1611 625 1622 627 1622 628 1622 629 1623 662 1623 662 1622 745 1611 882 1615 883 1615 884 1615 886 1615 893 1609 918 1618 920 1618 921 1618 922 1618 924 1618 936 1609 947 1618 948 1618 950 1618 951 1619 1065 1619 1065 1618 1122 1607 1131 1614 1133 1614 1134 1614 1135 1614 1137 1614 1163 1606 1264 1613 1266 1613 1267 1613 1294 1603 1294 1594 1290 1564 1131 1568 1125 1566 1102 1558 1100 1558 1099 1558 1097 1558 1096 1558 1096 1560 1088 1566 1085 1569 1000 1569 996 1568 970 1560 969 1560 967 1560 966 1560 964 1560 951 1569 948 1571 941 1569 910 1561 909 1561 907 1561 906 1561 905 1561 905 1562 895 1571 894 1572 852 1572 849 1571 814 1562 812 1562 811 1562 810 1562 810 1564 800 1572 799 1572 769 1562 768 1562 766 1562 765 1562 764 1562 764 1564 753 1572 753 1573 682 1573 678 1573 575 1565 574 1565 572 1565 571 1565 571 1566 560 1575 473 1569 472 1569 470 1569 469 1569 461 1576 397 1566 396 1566 394 1566 393 1566 378 1575 380 1604"/></Shape>
	    <String CONTENT="Où trois Crapaux dedans le champ ſe trainent"
                    HPOS="378"
                    VPOS="1558"
                    WIDTH="916"
                    HEIGHT="65"
                    WC="0.9941296656926473"></String>
          </TextLine>
        </TextBlock>
        <TextBlock HPOS="257.0"
                   VPOS="1630.0"
                   WIDTH="1041.0"
                   HEIGHT="413.0"
                   ID="eSc_textblock_06d67051"
                   TAGREFS="BT100008">
          <Shape><Polygon POINTS="1298 2030 1291 1630 257 1630 269 2043"/></Shape>
          <TextLine ID="line_25"
                    TAGREFS="LT8"
                    BASELINE="279 1667 1267 1657" 
                    HPOS="278"
                    VPOS="1622"
                    WIDTH="989"
                    HEIGHT="64">
            <Shape><Polygon POINTS="279 1667 280 1686 306 1675 335 1680 336 1680 593 1672 617 1682 620 1683 621 1683 622 1683 640 1682 727 1672 741 1680 742 1682 743 1682 745 1682 746 1682 755 1680 788 1674 806 1680 811 1682 812 1682 814 1682 826 1679 852 1674 875 1679 884 1680 886 1680 895 1679 935 1670 983 1678 994 1679 996 1679 1027 1678 1161 1667 1264 1674 1267 1657 1264 1632 1184 1622 1183 1622 1121 1632 1112 1633 917 1633 903 1632 844 1622 842 1622 791 1632 774 1634 760 1632 724 1625 723 1625 722 1625 696 1632 681 1636 669 1632 656 1628 655 1628 654 1628 652 1628 636 1632 627 1634 621 1632 606 1625 605 1625 570 1625 568 1625 567 1625 565 1625 565 1626 559 1632 556 1634 527 1632 475 1628 473 1628 472 1628 461 1632 453 1636 420 1632 380 1628 378 1628 377 1628 375 1628 370 1632 363 1638 337 1632 316 1628 314 1628 278 1632 279 1667"/></Shape>
	    <String CONTENT="Pa. Les trois Crapaux, ainſi que nos gens tienent,"
                    HPOS="278"
                    VPOS="1622"
                    WIDTH="989"
                    HEIGHT="64"
                    WC="0.9960269784927368"></String>
          </TextLine>
          <TextLine ID="line_26"
                    TAGREFS="LT8"
                    BASELINE="377 1721 1157 1716" 
                    HPOS="375"
                    VPOS="1679"
                    WIDTH="782"
                    HEIGHT="52">
            <Shape><Polygon POINTS="377 1721 377 1731 1156 1728 1157 1716 1154 1691 1089 1690 1080 1680 1080 1679 1078 1679 1077 1679 1054 1679 1053 1679 1051 1679 1050 1679 1050 1680 1039 1691 894 1691 864 1680 863 1680 861 1680 860 1680 859 1680 859 1682 848 1693 723 1694 686 1694 675 1683 675 1682 674 1682 673 1682 671 1682 670 1682 643 1691 631 1682 629 1682 628 1682 591 1682 590 1682 589 1682 564 1694 388 1683 386 1683 385 1683 384 1683 384 1684 375 1693 377 1721"/></Shape>
	    <String CONTENT="Furent iadis les armes des vieux Roys:"
                    HPOS="375"
                    VPOS="1679"
                    WIDTH="782"
                    HEIGHT="52"
                    WC="0.9941843120675338"></String>
          </TextLine>
          <TextLine ID="line_27"
                    TAGREFS="LT8"
                    BASELINE="378 1781 1245 1773" 
                    HPOS="377"
                    VPOS="1735"
                    WIDTH="868"
                    HEIGHT="65">
            <Shape><Polygon POINTS="378 1781 378 1790 567 1789 571 1789 620 1800 621 1800 622 1800 665 1789 670 1788 685 1788 792 1796 793 1796 795 1796 827 1786 831 1786 837 1786 895 1796 897 1796 898 1796 924 1788 952 1797 954 1797 955 1797 1244 1782 1245 1773 1241 1743 1203 1744 1198 1743 1172 1735 1171 1735 1169 1735 1168 1735 1145 1744 1138 1747 1131 1744 1111 1735 1110 1735 1108 1735 1107 1735 1106 1735 1106 1736 1097 1744 1093 1750 1016 1750 1011 1746 994 1736 993 1736 992 1736 990 1736 989 1736 988 1736 975 1747 973 1750 884 1750 878 1748 844 1737 842 1737 841 1737 840 1737 838 1737 838 1739 827 1750 826 1751 743 1751 741 1751 724 1739 723 1739 722 1739 686 1739 685 1739 684 1739 682 1739 682 1740 671 1751 593 1752 522 1740 521 1740 519 1740 491 1754 453 1741 451 1741 399 1741 397 1741 396 1741 394 1741 377 1752 378 1781"/></Shape>
	    <String CONTENT="Mais lors que France heureuſe prit les loix"
                    HPOS="377"
                    VPOS="1735"
                    WIDTH="868"
                    HEIGHT="65"
                    WC="0.9875448956045993"></String>
          </TextLine>
          <TextLine ID="line_28"
                    TAGREFS="LT8"
                    BASELINE="378 1840 1197 1836" 
                    HPOS="377"
                    VPOS="1796"
                    WIDTH="820"
                    HEIGHT="63">
            <Shape><Polygon POINTS="378 1840 378 1849 483 1849 492 1857 492 1858 494 1858 495 1858 496 1859 518 1859 518 1858 567 1849 715 1857 716 1857 717 1857 719 1857 732 1849 796 1855 798 1855 799 1855 821 1847 826 1853 826 1854 827 1854 829 1854 921 1857 922 1857 924 1857 947 1849 1078 1855 1080 1855 1081 1855 1108 1846 1168 1846 1180 1855 1182 1855 1183 1855 1184 1855 1186 1855 1187 1855 1187 1854 1197 1845 1197 1836 1195 1811 1169 1801 1168 1801 1167 1801 1011 1809 988 1796 986 1796 985 1796 983 1796 982 1796 952 1809 931 1796 929 1796 928 1796 926 1796 925 1796 924 1796 924 1797 910 1812 760 1812 745 1798 745 1797 743 1797 742 1797 686 1797 685 1797 684 1797 682 1797 682 1798 670 1809 594 1798 593 1798 591 1798 590 1798 590 1800 576 1812 557 1812 545 1800 545 1798 544 1798 542 1798 541 1798 540 1798 508 1808 477 1798 476 1798 475 1798 473 1798 472 1798 457 1812 430 1798 428 1798 397 1798 396 1798 394 1798 393 1798 377 1811 378 1840"/></Shape>
	    <String CONTENT="De Ieſus Chriſt, les armes ſe changerent,"
                    HPOS="377"
                    VPOS="1796"
                    WIDTH="820"
                    HEIGHT="63"
                    WC="0.9967929357435645"></String>
          </TextLine>
          <TextLine ID="line_29"
                    TAGREFS="LT8"
                    BASELINE="378 1899 1186 1893" 
                    HPOS="377"
                    VPOS="1855"
                    WIDTH="809"
                    HEIGHT="61">
            <Shape><Polygon POINTS="378 1899 378 1908 389 1914 390 1914 392 1914 637 1907 650 1915 651 1915 652 1915 654 1915 712 1907 764 1914 765 1914 766 1914 783 1906 825 1912 826 1912 827 1912 829 1912 829 1911 834 1907 844 1915 845 1915 846 1915 848 1916 884 1916 884 1915 958 1914 959 1914 960 1914 967 1907 978 1915 979 1915 981 1915 982 1915 1186 1902 1186 1893 1182 1868 1049 1868 1036 1857 1036 1855 1035 1855 1034 1855 1004 1855 1002 1855 1001 1855 1000 1855 979 1869 978 1870 910 1870 844 1870 803 1857 802 1857 800 1857 799 1857 798 1857 777 1870 741 1858 739 1858 738 1858 736 1858 694 1870 654 1858 652 1858 651 1858 650 1858 648 1858 648 1859 639 1869 572 1872 523 1859 522 1859 521 1859 519 1859 492 1872 479 1859 477 1859 476 1859 475 1859 473 1859 443 1868 394 1859 393 1859 392 1859 390 1859 377 1870 378 1899"/></Shape>
	    <String CONTENT="Et les beaux Lis les Crapaux effacerent:"
                    HPOS="377"
                    VPOS="1855"
                    WIDTH="809"
                    HEIGHT="61"
                    WC="0.9804327070713044"></String>
          </TextLine>
          <TextLine ID="line_30"
                    TAGREFS="LT8"
                    BASELINE="381 1960 1195 1952" 
                    HPOS="380"
                    VPOS="1918"
                    WIDTH="815"
                    HEIGHT="62">
            <Shape><Polygon POINTS="381 1960 381 1969 411 1969 424 1980 426 1980 427 1980 428 1980 517 1968 650 1968 658 1976 658 1978 659 1978 660 1978 662 1978 713 1969 722 1976 722 1978 723 1978 724 1978 726 1979 761 1979 761 1978 811 1967 867 1973 868 1973 869 1973 871 1973 882 1965 932 1975 933 1975 990 1964 1000 1972 1001 1972 1002 1972 1004 1972 1055 1967 1089 1973 1091 1973 1146 1964 1176 1971 1178 1971 1179 1971 1180 1971 1182 1971 1195 1961 1195 1952 1191 1926 950 1929 924 1918 922 1918 921 1918 920 1918 891 1930 890 1931 811 1931 705 1931 688 1923 686 1923 685 1923 627 1930 613 1925 612 1925 610 1925 609 1925 608 1925 598 1933 567 1923 565 1923 564 1923 563 1923 561 1923 551 1933 525 1925 523 1925 522 1925 521 1925 519 1925 506 1934 476 1923 475 1923 390 1923 389 1923 388 1923 386 1923 386 1925 385 1925 380 1930 381 1960"/></Shape>
	    <String CONTENT="Iuſqu&#x27;a ce temps, que nos Roys ont quitt e"
                    HPOS="380"
                    VPOS="1918"
                    WIDTH="815"
                    HEIGHT="62"
                    WC="0.9979205713385627"></String>
          </TextLine>
          <TextLine ID="line_31"
                    TAGREFS="LT8"
                    BASELINE="388 2021 1233 2010" 
                    HPOS="386"
                    VPOS="1969"
                    WIDTH="847"
                    HEIGHT="68">
            <Shape><Polygon POINTS="388 2021 388 2036 620 2029 679 2032 785 2037 787 2037 788 2037 789 2037 789 2036 796 2029 799 2028 811 2029 846 2033 848 2033 849 2033 850 2033 850 2032 855 2028 856 2026 859 2028 876 2036 878 2036 879 2036 880 2036 882 2036 893 2029 973 2035 974 2035 975 2035 977 2035 977 2033 986 2025 1001 2033 1002 2033 1004 2033 1057 2032 1058 2032 1059 2032 1059 2030 1066 2025 1099 2033 1100 2033 1102 2033 1233 2020 1233 2010 1228 1969 1183 1983 1154 1983 1138 1972 1135 1969 1134 1969 1133 1969 1131 1969 1108 1971 1107 1971 1106 1971 1106 1972 1104 1972 1092 1984 1059 1984 1043 1975 1035 1971 1034 1971 1032 1971 1031 1971 1019 1975 996 1986 912 1987 848 1987 838 1980 826 1973 825 1973 823 1973 822 1973 821 1973 819 1973 819 1975 812 1982 808 1986 804 1982 796 1975 795 1975 793 1975 758 1975 757 1975 755 1975 754 1975 754 1976 746 1983 743 1987 696 1988 673 1986 599 1976 598 1976 570 1978 568 1978 567 1978 549 1990 544 1990 450 1979 449 1979 447 1979 446 1979 431 1991 404 1979 403 1979 401 1979 400 1979 399 1979 399 1980 386 1990 388 2021"/></Shape>
	    <String CONTENT="(Ah mal-heureux!) la vraye Chreſtienté:"
                    HPOS="386"
                    VPOS="1969"
                    WIDTH="847"
                    HEIGHT="68"
                    WC="0.9970685169100761"></String>
          </TextLine>
        </TextBlock>
        <TextBlock HPOS="1166.0"
                   VPOS="2036.0"
                   WIDTH="132.0"
                   HEIGHT="49.0"
                   ID="block_2"
                   TAGREFS="BT17">
          <Shape><Polygon POINTS="1298 2036 1298 2085 1166 2085 1166 2036"/></Shape>
          <TextLine ID="line_32"
                    TAGREFS="LT8"
                    BASELINE="1159 2071 1292 2067" 
                    HPOS="1157"
                    VPOS="2033"
                    WIDTH="135"
                    HEIGHT="48">
            <Shape><Polygon POINTS="1159 2071 1159 2081 1290 2078 1292 2067 1289 2043 1202 2043 1175 2033 1173 2033 1172 2033 1171 2033 1169 2033 1157 2041 1159 2071"/></Shape>
	    <String CONTENT="Intro¬"
                    HPOS="1157"
                    VPOS="2033"
                    WIDTH="135"
                    HEIGHT="48"
                    WC="0.9991692105929056"></String>
          </TextLine>
        </TextBlock>
        <TextBlock HPOS="888.0"
                   VPOS="2328.0"
                   WIDTH="323.0"
                   HEIGHT="71.0"
                   ID="eSc_textblock_d477f3e6"
                   TAGREFS="BT9">
          <Shape><Polygon POINTS="888 2328 888 2399 1211 2399 1211 2328"/></Shape>
        </TextBlock>
      </PrintSpace>
    </Page>
  </Layout>
</alto>
