1447 2428
260 79 68 54 70

256 138 467 57 deſia ſauuez à la fuite.

317 200 966 61 Le duc d’Aniou enuoya pareillement des ſol¬

255 269 1027 53 dats de ſa garde à la campagne, és enuirons de Pa

255 319 1028 57 ris, vifiter les Huguenots dans leurs maiſons aux

256 377 1023 64 champs, & les y tuer: Et afin que nul ny fuſt eſpar

256 437 1024 62 gné, il enuoyoit à poinct nommé en diuers quar¬

257 497 1026 58 tiers, ceux de ſes ſoldats qui ny cognoiſſoyẽt per¬

255 555 1028 60 ſonne, tellemẽt qu’auſsi ils n’en eſpargnerent pas

259 613 1024 64 vn, excepté quelques vns qui furent prins à rançõ

260 673 1025 59 par ceux qui eſtoyent plus frians de l’argent: Et

255 732 1031 59 ſi ne laiſſoyent pas pourtãt de tuer les priſonniers

256 793 522 58 apres leur rançon payee.

492 72 551 56 DRALOGVE I.

318 845 968 60 Ces iours de dimanche & de lundi, le temps

255 903 1034 54 fut beau & ſerein à Paris, & és enuirons; tellemẽt

257 963 1041 60 que le Roy s’eſtant mis aux feneſtres du Louure,

255 1021 1036 64 contemplant le temps, dit, Qu’il ſembloit que le

256 1081 979 60 temps ſe reſiouiſt, de la tuerie des Huguenots.

317 1138 966 54 Enuiron le midi du lundi (hors de toute ſaî¬

259 1197 1028 61 ſon) on vit vn aubeſpin fleury au cemetiere ſainct

253 1257 1030 60 Innocent: Si toſt que le bruit en fut eſpandu par

255 1317 1024 60 la ville, le peuple y accourut de toutes parts, criãt,

255 1375 1035 57 Miracle, miracle, & les cloches en carrillonnerẽt

256 1435 1030 59 de ioye. On fut contraint pour empeſcher la fou¬

255 1491 1030 62 le du peuple, & afin que le miracle (qui eſtoit cõ¬

253 1548 1034 61 me il a eſté ſceu, fait par l’artifice d’vn bon vieux

255 1609 1030 54 homme de cordelier) ne fuſt deſcouuert, & auilé:

253 1668 1034 61 on fut, di-ie, contraint d’aſſeoir des gardes à l’en

255 1727 1032 62 tour de l’aubeſpin, pour empeſcher le peuple de

255 1787 1035 63 s’y approcher de trop pres. Il n’y eut pas faute de

251 1845 1039 60 gens qui interpretoyent ce miracle ne vouloir de

245 1905 1042 52 noter autre choſe, ſinon que la France recouure¬

245 1958 1058 69 roit ſa belle fleur & ſplendeur perdue. Le peuple

1181 2035 95 39 S’en
