1396 2415
134 142 1025 68 enuoyé, & en attendant ceſto occaſiotr, qu’ils ſe

135 201 1027 70 gouuernent par l’ordre-cy deſſus eſtabli par for¬

134 265 267 54 me de loix.

324 79 580 52 DIAEGGVEXM.

159 319 1002 66 Leſquel les loix, aduis, & ordonnãces, & autres

130 406 1035 35 quin pourrons dua Mremncu icionvoccaheuce

134 437 1032 60 des choſes, dreſſer& baſtir, conſormes aux preſen

131 497 1031 58 res,ſelon la perole de Dieu: Nous.leur auons on

134 556 1028 57 donné & ordonnons d’obſeruer & entretenit de

136 613 1027 60 poinct en poinct, ſelon leur forme & teneur, & de

134 673 1025 67 lignee en lignee: ſe gardans bien de permettre,

136 732 1029 58 qu’elles reſſemblent (comme Anacharſis diſoit

134 790 1033 65 à Solon) aux toilles d’araignee, dans leſquelles

132 846 1034 69 ſi quelque choſe de leger tombe, il eſt retenu, là

134 908 1035 56 uù le peſant fardeau paſſe au trauers en deſchirãt

134 968 1033 62 la toille: Enquoy faiſans, nous les auons aſſeurez

134 1025 1032 65 & aſſeurons, que quãd bien ils ne ſeroyent iamais

134 1088 1036 53 ſecourus par leurs ſreres des autres nations (ce

135 1144 1032 63 qui ſeroit trop indigne, & ie ne le veux ſeulement

135 1204 1032 62 imaginer) ils ſe pourront conſeruer (moyenant la

136 1262 1033 62 grace de Dieu) en ſon pur ſeruice, exercice de là

135 1316 1030 67 religion Chreſtiene, pleine liberté de leurs con¬

135 1380 1035 60 ſciẽces, & en toute ſeureté & repos, autant que les

136 1438 1034 55 euenemẽs d’vne guerre iuſte, bié fondee, bien con

136 1498 1025 62 duite & ordonnee, le peuuent ſouſfrir & endurer,

136 1554 1030 65 ſous la garde de ce grãd Dieu des armees, du Roy

138 1615 1033 62 des ſiecles, immortel, inuiſible, ſeul Dieu ſage &

140 1673 1029 65 puiſſant, auquel ſoit tout honneur & gloire à ie¬

140 1736 147 49 mais.

1092 93 36 46 9

140 1788 1031 66 L'egle Ainſi ſoit- il. Et certainement ie le croy, ie

144 1848 1026 62 m’en tien tout aſſeuree, & ſoubſtris ſort volon

147 1910 614 62 tiers à ton aduis & iugement.

146 1965 299 63 Ali. Et moy.
