<?xml version="1.0" encoding="UTF-8"?>
<alto xmlns:xsi="http://www.w3.org/2001/XMLSchema-instance"
      xmlns="http://www.loc.gov/standards/alto/ns-v4#"
      xsi:schemaLocation="http://www.loc.gov/standards/alto/ns-v4# http://www.loc.gov/standards/alto/v4/alto-4-2.xsd">
  <Description>
    <MeasurementUnit>pixel</MeasurementUnit>
    <sourceImageInformation>
      <fileName>page_00043.png</fileName>
      <fileIdentifier>mets//page_00002.zip/page_00043.png</fileIdentifier>
    </sourceImageInformation>
  </Description>
  <Tags>
    <OtherTag ID="BT7" LABEL="CustomZone" DESCRIPTION="block type CustomZone"/><OtherTag ID="BT8" LABEL="DamageZone" DESCRIPTION="block type DamageZone"/><OtherTag ID="BT9" LABEL="DigitizationArtefactZone" DESCRIPTION="block type DigitizationArtefactZone"/><OtherTag ID="BT10" LABEL="DropCapitalZone" DESCRIPTION="block type DropCapitalZone"/><OtherTag ID="BT11" LABEL="GraphicZone" DESCRIPTION="block type GraphicZone"/><OtherTag ID="BT12" LABEL="MainZone" DESCRIPTION="block type MainZone"/><OtherTag ID="BT13" LABEL="MarginTextZone" DESCRIPTION="block type MarginTextZone"/><OtherTag ID="BT14" LABEL="MusicZone" DESCRIPTION="block type MusicZone"/><OtherTag ID="BT15" LABEL="NumberingZone" DESCRIPTION="block type NumberingZone"/><OtherTag ID="BT17" LABEL="QuireMarksZone" DESCRIPTION="block type QuireMarksZone"/><OtherTag ID="BT18" LABEL="RunningTitleZone" DESCRIPTION="block type RunningTitleZone"/><OtherTag ID="BT19" LABEL="SealZone" DESCRIPTION="block type SealZone"/><OtherTag ID="BT20" LABEL="StampZone" DESCRIPTION="block type StampZone"/><OtherTag ID="BT21" LABEL="TableZone" DESCRIPTION="block type TableZone"/><OtherTag ID="BT22" LABEL="TitlePageZone" DESCRIPTION="block type TitlePageZone"/><OtherTag ID="BT100001" LABEL="MainZone-Head" DESCRIPTION="block type MainZone-Head"/><OtherTag ID="BT100005" LABEL="MainZone-P" DESCRIPTION="block type MainZone-P"/><OtherTag ID="BT100006" LABEL="MainZone-Continued" DESCRIPTION="block type MainZone-Continued"/><OtherTag ID="BT100008" LABEL="MainZone-Sp" DESCRIPTION="block type MainZone-Sp"/><OtherTag ID="BT100002" LABEL="MainZone-Lg" DESCRIPTION="block type MainZone-Lg"/><OtherTag ID="BT100014" LABEL="MainZone-ListItem" DESCRIPTION="block type MainZone-ListItem"/>
    <OtherTag ID="LT7" LABEL="CustomLine" DESCRIPTION="line type CustomLine"/><OtherTag ID="LT8" LABEL="DefaultLine" DESCRIPTION="line type DefaultLine"/><OtherTag ID="LT9" LABEL="DropCapitalLine" DESCRIPTION="line type DropCapitalLine"/><OtherTag ID="LT10" LABEL="HeadingLine" DESCRIPTION="line type HeadingLine"/><OtherTag ID="LT11" LABEL="InterlinearLine" DESCRIPTION="line type InterlinearLine"/><OtherTag ID="LT12" LABEL="MusicLine" DESCRIPTION="line type MusicLine"/><OtherTag ID="LT765" LABEL="default" DESCRIPTION="line type default"/>
  </Tags>
  <Layout>
    <Page WIDTH="1443"
          HEIGHT="2419"
          PHYSICAL_IMG_NR="42"
          ID="eSc_dummypage_">
      <PrintSpace HPOS="0"
                  VPOS="0"
                  WIDTH="1443"
                  HEIGHT="2419">
        <TextBlock HPOS="278.0"
                   VPOS="114.0"
                   WIDTH="67.0"
                   HEIGHT="52.0"
                   ID="eSc_textblock_5c162c38"
                   TAGREFS="BT15">
          <Shape><Polygon POINTS="278 120 278 166 345 166 341 114"/></Shape>
          <TextLine ID="eSc_line_f3a3c174"
                    TAGREFS="LT8"
                    BASELINE="282 155 337 151" 
                    HPOS="276"
                    VPOS="100"
                    WIDTH="59"
                    HEIGHT="61">
            <Shape><Polygon POINTS="280 153 280 161 333 157 335 149 330 110 304 100 302 100 300 100 298 100 296 100 276 110 280 153"/></Shape>
	    <String CONTENT="4"
                    HPOS="276"
                    VPOS="100"
                    WIDTH="59"
                    HEIGHT="61"
                    WC="0.9999653100967407"></String>
          </TextLine>
        </TextBlock>
        <TextBlock HPOS="575.0"
                   VPOS="92.0"
                   WIDTH="492.0"
                   HEIGHT="58.0"
                   ID="block_1"
                   TAGREFS="BT18">
          <Shape><Polygon POINTS="1067 92 1067 150 575 150 575 92"/></Shape>
          <TextLine ID="line_0"
                    TAGREFS="LT10"
                    BASELINE="568 138 1062 135" 
                    HPOS="567"
                    VPOS="95"
                    WIDTH="495"
                    HEIGHT="55">
            <Shape><Polygon POINTS="1038 123 1024 123 1011 123 997 123 984 123 970 123 957 123 944 123 930 123 917 123 903 123 890 123 876 123 863 123 849 123 836 123 823 123 809 123 796 123 782 123 780 104 770 99 769 99 767 99 766 99 765 99 763 99 753 107 745 112 738 107 727 96 727 95 726 95 724 95 700 95 699 95 697 95 696 95 696 96 688 104 679 96 679 95 677 95 676 95 675 95 567 100 568 138 568 143 580 150 582 150 583 150 619 142 625 142 683 142 685 143 693 150 695 150 696 150 697 150 773 145 810 142 825 145 843 149 844 149 845 149 847 149 849 146 856 141 875 146 887 149 888 149 890 150 917 150 917 149 918 149 919 149 919 147 921 146 927 141 948 146 956 149 957 149 958 149 960 149 964 147 979 141 1059 147 1062 135 1058 123 1051 123"/></Shape>
	    <String CONTENT="DIALOGVE."
                    HPOS="567"
                    VPOS="95"
                    WIDTH="495"
                    HEIGHT="55"
                    WC="0.9995451966921488"></String>
          </TextLine>
        </TextBlock>
        <TextBlock HPOS="280.0"
                   VPOS="173.0"
                   WIDTH="1050.0"
                   HEIGHT="1117.0"
                   ID="eSc_textblock_b896076c"
                   TAGREFS="BT100008">
          <Shape><Polygon POINTS="280 173 280 1290 1330 1290 1330 173"/></Shape>
          <TextLine ID="line_1"
                    TAGREFS="LT8"
                    BASELINE="279 213 1304 208" 
                    HPOS="278"
                    VPOS="162"
                    WIDTH="1026"
                    HEIGHT="63">
            <Shape><Polygon POINTS="279 213 279 220 516 225 517 225 519 225 529 221 536 219 688 219 716 221 746 225 747 225 810 223 898 217 945 223 964 224 965 224 966 224 970 223 985 217 1018 223 1028 224 1030 224 1043 223 1093 216 1184 223 1187 223 1188 223 1190 223 1191 223 1198 217 1204 223 1206 223 1207 223 1209 224 1303 224 1304 208 1301 165 1282 162 1281 162 1280 162 1278 162 1276 165 1265 174 1249 165 1243 162 1242 162 1241 162 1239 162 1227 165 1196 174 1172 166 1160 162 1159 162 1157 162 1156 162 1148 166 1132 176 1034 176 1016 169 1003 163 1001 163 1000 163 999 163 997 163 991 169 981 177 897 177 866 172 817 163 816 163 814 163 792 172 778 178 704 178 675 174 591 165 590 165 543 176 532 178 500 177 325 166 324 166 322 166 321 166 305 180 278 180 279 213"/></Shape>
	    <String CONTENT="Ali. Ie me reſiouy grandement de te voir ainſi"
                    HPOS="278"
                    VPOS="162"
                    WIDTH="1026"
                    HEIGHT="63"
                    WC="0.9991869239703469"></String>
          </TextLine>
          <TextLine ID="line_2"
                    TAGREFS="LT8"
                    BASELINE="283 270 1304 267" 
                    HPOS="282"
                    VPOS="233"
                    WIDTH="1022"
                    HEIGHT="54">
            <Shape><Polygon POINTS="1291 240 1277 240 1264 240 1250 240 1237 240 1223 240 1210 240 1196 240 1183 240 1170 240 1156 240 1143 240 1129 240 1116 240 1102 240 1089 240 1075 240 1062 240 1048 240 1035 240 1032 240 1022 240 1008 240 995 240 981 240 968 240 954 240 941 240 927 240 914 240 901 240 887 240 874 240 860 240 847 240 833 240 824 240 820 240 806 240 793 240 780 240 766 240 753 240 739 240 726 240 712 240 699 240 685 240 681 240 672 240 658 240 645 240 632 240 618 240 605 240 591 240 578 240 564 240 551 240 537 240 524 240 511 240 497 240 484 240 470 240 457 240 443 240 430 240 416 240 403 240 390 240 376 262 369 237 349 240 305 233 303 233 302 233 282 240 283 270 283 279 560 279 564 279 590 287 591 287 593 287 746 279 794 278 805 279 832 286 833 286 897 279 907 279 910 279 923 286 925 286 926 287 1007 287 1007 286 1008 286 1020 279 1024 278 1043 279 1087 284 1089 284 1090 284 1092 284 1100 279 1104 278 1148 279 1280 286 1281 286 1282 286 1304 279 1304 267 1301 240 1291 240"/></Shape>
	    <String CONTENT="conſtamment perſeuerer (quoy qu’il t’aduiene)"
                    HPOS="282"
                    VPOS="233"
                    WIDTH="1022"
                    HEIGHT="54"
                    WC="0.996737461619907"></String>
          </TextLine>
          <TextLine ID="line_3"
                    TAGREFS="LT8"
                    BASELINE="281 327 1305 325" 
                    HPOS="279"
                    VPOS="286"
                    WIDTH="1026"
                    HEIGHT="59">
            <Shape><Polygon POINTS="281 327 281 337 664 337 673 337 770 345 771 345 806 337 813 335 817 337 831 344 832 344 833 344 835 344 853 337 859 335 882 337 960 342 961 342 1054 337 1078 335 1093 337 1160 344 1161 344 1304 335 1305 325 1304 296 1278 286 1277 286 1276 286 1234 295 1110 286 1109 286 1108 286 1106 286 1094 296 970 296 937 286 936 286 934 286 933 286 931 286 919 295 824 290 823 290 661 296 640 287 638 287 528 287 527 287 458 296 427 291 426 291 279 298 281 327"/></Shape>
	    <String CONTENT="en mon amitié: de ma part, ne doute point que ie"
                    HPOS="279"
                    VPOS="286"
                    WIDTH="1026"
                    HEIGHT="59"
                    WC="0.9935203912306805"></String>
          </TextLine>
          <TextLine ID="line_4"
                    TAGREFS="LT8"
                    BASELINE="281 384 1307 387" 
                    HPOS="279"
                    VPOS="341"
                    WIDTH="1028"
                    HEIGHT="60">
            <Shape><Polygon POINTS="281 384 279 393 294 401 295 401 297 401 344 395 353 401 355 401 356 401 357 401 395 395 406 401 407 401 408 401 410 401 1305 396 1307 387 1304 342 1253 344 1252 344 1250 344 1237 356 1122 356 1078 344 1069 342 1067 342 1066 342 1065 342 1062 344 1044 356 1012 356 985 345 977 342 976 342 975 342 973 342 972 342 968 345 952 354 921 346 907 342 906 342 905 342 903 342 902 342 898 346 886 354 874 346 868 342 867 342 866 342 820 342 819 342 817 342 816 342 810 346 804 352 797 346 789 341 788 341 786 341 785 341 784 341 771 348 759 353 742 348 720 341 719 341 718 341 650 349 606 354 571 354 564 349 554 341 552 341 551 341 550 341 548 341 523 350 520 350 517 350 488 341 486 341 485 341 484 341 482 341 472 350 469 353 281 353 281 384"/></Shape>
	    <String CONTENT="ne te rende la pareille, &amp; à la fin des douceurs (ſi"
                    HPOS="279"
                    VPOS="341"
                    WIDTH="1028"
                    HEIGHT="60"
                    WC="0.9954669677986289"></String>
          </TextLine>
          <TextLine ID="line_5"
                    TAGREFS="LT8"
                    BASELINE="282 443 1308 446" 
                    HPOS="281"
                    VPOS="401"
                    WIDTH="1027"
                    HEIGHT="68">
            <Shape><Polygon POINTS="282 443 281 451 332 466 333 466 334 466 398 455 502 466 504 466 505 466 555 454 644 466 645 466 646 466 648 466 661 454 715 454 726 462 727 462 728 462 730 462 827 455 862 467 863 467 864 469 905 469 905 467 906 467 937 455 1051 455 1082 467 1083 467 1085 469 1114 469 1114 467 1116 467 1117 467 1132 455 1200 455 1225 467 1226 467 1227 469 1254 469 1254 467 1307 454 1308 446 1304 403 1265 413 1116 413 1082 404 1073 403 1071 403 1070 403 1069 403 1067 404 1051 415 979 415 966 405 964 403 962 403 961 403 960 403 958 403 948 405 929 411 913 405 902 403 901 403 899 403 898 403 897 403 892 405 880 413 849 407 832 403 831 403 829 403 820 407 805 413 788 407 771 401 770 401 769 401 700 408 650 413 555 413 543 409 520 403 519 403 517 403 516 403 489 409 480 401 478 401 477 401 476 401 437 409 424 412 282 412 282 443"/></Shape>
	    <String CONTENT="tu pourſuy) nompareilles. Quãt à ces aigreurs paſ"
                    HPOS="281"
                    VPOS="401"
                    WIDTH="1027"
                    HEIGHT="68"
                    WC="0.9848578432027031"></String>
          </TextLine>
          <TextLine ID="line_6"
                    TAGREFS="LT8"
                    BASELINE="282 505 1305 502" 
                    HPOS="281"
                    VPOS="460"
                    WIDTH="1024"
                    HEIGHT="64">
            <Shape><Polygon POINTS="282 505 282 513 320 522 321 524 360 524 360 522 361 522 377 514 380 513 442 513 445 514 454 522 455 522 457 522 458 524 493 524 493 522 494 522 508 516 512 513 564 516 648 520 649 520 703 516 755 513 775 517 790 520 792 520 793 520 794 520 797 517 802 512 874 512 886 517 886 518 887 518 888 518 890 518 902 517 960 512 989 518 1003 521 1004 521 1098 518 1100 518 1101 518 1110 512 1303 520 1305 502 1303 473 1163 473 1129 460 1128 460 1126 460 1125 460 1124 460 1109 473 1082 473 1043 460 1042 460 1040 460 1039 460 1005 471 970 460 969 460 968 460 966 460 965 460 950 473 902 473 836 460 835 460 833 460 832 460 820 470 762 462 761 462 714 473 357 473 294 462 293 462 291 462 290 462 290 463 281 470 282 505"/></Shape>
	    <String CONTENT="ſageres que mes amis ſouffrent le plus ſouuent,"
                    HPOS="281"
                    VPOS="460"
                    WIDTH="1024"
                    HEIGHT="64"
                    WC="0.9936627606128124"></String>
          </TextLine>
          <TextLine ID="line_7"
                    TAGREFS="LT8"
                    BASELINE="282 564 1308 561" 
                    HPOS="281"
                    VPOS="518"
                    WIDTH="1027"
                    HEIGHT="63">
            <Shape><Polygon POINTS="282 564 282 573 338 573 340 573 349 581 351 581 352 581 353 581 395 573 402 573 437 573 438 573 447 581 449 581 450 581 451 581 494 573 502 573 693 573 695 573 704 581 706 581 707 581 708 581 774 573 796 572 976 572 977 573 985 580 987 580 988 580 989 580 1040 573 1062 572 1305 573 1308 561 1307 528 1295 518 1293 518 1292 518 1239 518 1238 518 1237 518 1235 518 1222 529 1206 518 1204 518 1203 518 1202 518 1200 518 1174 529 1143 518 1141 518 1140 518 1139 518 1114 530 977 530 961 518 960 518 958 518 911 518 910 518 909 518 907 518 892 530 843 530 809 518 808 518 806 518 805 518 778 530 716 520 715 520 714 520 712 520 696 532 668 532 586 520 585 520 583 520 582 520 570 530 535 520 533 520 532 520 531 520 504 532 403 532 351 520 349 520 348 520 346 520 332 532 281 532 282 564"/></Shape>
	    <String CONTENT="tu ſcais que la faute (que le mõde qui me hait fait"
                    HPOS="281"
                    VPOS="518"
                    WIDTH="1027"
                    HEIGHT="63"
                    WC="0.9860753462864802"></String>
          </TextLine>
          <TextLine ID="line_8"
                    TAGREFS="LT8"
                    BASELINE="282 623 1303 616" 
                    HPOS="281"
                    VPOS="579"
                    WIDTH="1022"
                    HEIGHT="62">
            <Shape><Polygon POINTS="282 623 282 632 485 632 531 641 532 641 533 641 535 641 546 631 738 630 806 639 808 639 875 630 981 638 983 638 1135 628 1148 635 1149 635 1151 635 1152 635 1153 635 1167 627 1257 637 1258 637 1260 637 1303 624 1303 616 1300 588 1136 588 1098 579 1097 579 1096 579 1067 589 821 589 798 581 797 581 796 581 794 581 769 591 652 591 543 583 541 583 480 592 328 585 326 585 281 593 282 623"/></Shape>
	    <String CONTENT="contre moy &amp; les miens ) ne me peut eſtre impu¬"
                    HPOS="281"
                    VPOS="579"
                    WIDTH="1022"
                    HEIGHT="62"
                    WC="0.9886654057401292"></String>
          </TextLine>
          <TextLine ID="line_9"
                    TAGREFS="LT8"
                    BASELINE="285 682 1305 678" 
                    HPOS="283"
                    VPOS="635"
                    WIDTH="1022"
                    HEIGHT="65">
            <Shape><Polygon POINTS="285 682 285 694 332 692 345 694 365 700 367 700 368 700 369 700 390 694 406 690 445 693 512 700 513 700 515 700 532 693 540 690 559 693 610 700 611 700 613 700 628 692 634 689 790 689 808 690 870 698 871 698 911 690 918 689 944 689 1116 697 1117 697 1118 697 1120 697 1132 690 1282 694 1284 694 1285 694 1305 686 1305 678 1303 649 1221 649 1206 635 1204 635 1203 635 1167 635 1165 635 1164 635 1137 649 1040 649 1019 635 1018 635 1016 635 1015 635 1014 635 980 645 919 637 918 637 917 637 915 637 903 646 876 637 875 637 874 637 872 637 871 637 855 649 754 649 722 637 720 637 719 637 663 646 626 637 625 637 624 637 622 637 574 650 433 638 431 638 430 638 429 638 416 647 298 645 297 645 295 645 283 650 285 682"/></Shape>
	    <String CONTENT="tee, auſsi peu qu’au bon vin, le blaſme que l’hom¬"
                    HPOS="283"
                    VPOS="635"
                    WIDTH="1022"
                    HEIGHT="65"
                    WC="0.9927103245258331"></String>
          </TextLine>
          <TextLine ID="line_10"
                    TAGREFS="LT8"
                    BASELINE="289 741 1311 736" 
                    HPOS="287"
                    VPOS="697"
                    WIDTH="1024"
                    HEIGHT="62">
            <Shape><Polygon POINTS="289 741 289 751 394 759 395 759 435 751 438 749 625 749 632 749 679 757 680 757 681 757 702 749 703 749 724 749 929 756 930 756 1024 748 1034 748 1043 748 1145 755 1147 755 1260 748 1287 755 1288 755 1289 755 1291 755 1311 747 1311 736 1308 706 1055 697 1054 697 1053 697 1030 708 774 708 724 700 723 700 684 708 579 701 578 701 524 709 450 701 449 701 287 710 289 741"/></Shape>
	    <String CONTENT="me par ſon intemperãce s’acquiert. Mais pource"
                    HPOS="287"
                    VPOS="697"
                    WIDTH="1024"
                    HEIGHT="62"
                    WC="0.9910926996393407"></String>
          </TextLine>
          <TextLine ID="line_11"
                    TAGREFS="LT8"
                    BASELINE="283 798 1313 798" 
                    HPOS="283"
                    VPOS="756"
                    WIDTH="1030"
                    HEIGHT="61">
            <Shape><Polygon POINTS="283 798 283 810 290 817 291 817 293 817 294 817 375 809 695 809 719 817 720 817 722 817 786 809 849 817 851 817 1172 809 1252 817 1253 817 1254 817 1256 817 1266 809 1313 809 1313 798 1313 766 1291 756 1289 756 1288 756 1287 756 1258 767 1257 768 1171 768 1170 767 1141 756 1140 756 1074 756 1073 756 1071 756 1070 756 1058 767 1028 767 1000 767 999 767 962 756 961 756 960 756 958 756 931 767 930 767 890 756 888 756 887 756 886 756 848 767 847 767 845 767 771 756 770 756 719 767 718 768 489 768 489 767 468 756 466 756 434 756 433 756 431 756 410 767 410 768 283 768 283 798"/></Shape>
	    <String CONTENT="que ceſte matiere requiert plus long diſcours, &amp;"
                    HPOS="283"
                    VPOS="756"
                    WIDTH="1030"
                    HEIGHT="61"
                    WC="0.993458037575086"></String>
          </TextLine>
          <TextLine ID="line_12"
                    TAGREFS="LT8"
                    BASELINE="286 856 1312 853" 
                    HPOS="285"
                    VPOS="813"
                    WIDTH="1027"
                    HEIGHT="63">
            <Shape><Polygon POINTS="379 843 373 826 285 826 286 856 286 870 293 876 294 876 295 876 297 876 360 868 371 866 395 868 558 876 559 876 560 876 562 876 575 866 578 866 607 866 769 872 770 872 798 866 809 865 1008 865 1024 866 1100 874 1101 874 1102 874 1121 866 1124 865 1133 866 1172 872 1174 872 1312 865 1312 853 1309 825 1277 825 1258 813 1257 813 1256 813 1230 813 1229 813 1227 813 1226 813 1211 823 1114 813 1113 813 1112 813 1090 825 1001 825 987 813 985 813 984 813 961 813 960 813 958 813 957 813 942 823 922 813 921 813 868 813 867 813 866 813 864 813 847 823 708 814 707 814 706 814 704 814 685 826 520 826 431 814 430 814 429 814 399 826 383 826 379 843"/></Shape>
	    <String CONTENT="que ie ſcay que tu es bien reſolu de ce qu’il en faut"
                    HPOS="285"
                    VPOS="813"
                    WIDTH="1027"
                    HEIGHT="63"
                    WC="0.9933502752825899"></String>
          </TextLine>
          <TextLine ID="line_13"
                    TAGREFS="LT8"
                    BASELINE="289 915 1313 915" 
                    HPOS="289"
                    VPOS="876"
                    WIDTH="1024"
                    HEIGHT="59">
            <Shape><Polygon POINTS="289 915 289 925 402 925 423 935 424 935 426 935 551 925 642 925 653 935 654 935 656 935 657 935 728 925 844 925 895 935 897 935 1024 927 1108 935 1109 935 1168 925 1241 935 1242 935 1313 924 1313 915 1313 885 1265 876 1264 876 1218 884 1147 876 1145 876 1144 876 1143 876 1129 885 1074 885 1051 876 1050 876 960 876 958 876 957 876 956 876 945 885 595 885 556 876 555 876 554 876 520 885 289 885 289 915"/></Shape>
	    <String CONTENT="croire, attendant que nous en puiſsiõs parler plus"
                    HPOS="289"
                    VPOS="876"
                    WIDTH="1024"
                    HEIGHT="59"
                    WC="0.988391241606544"></String>
          </TextLine>
          <TextLine ID="line_14"
                    TAGREFS="LT8"
                    BASELINE="291 974 1315 971" 
                    HPOS="290"
                    VPOS="931"
                    WIDTH="1025"
                    HEIGHT="60">
            <Shape><Polygon POINTS="291 974 291 985 384 991 385 991 387 991 404 985 407 985 1313 985 1315 971 1312 931 1280 931 1278 931 1277 931 1256 943 1042 943 1016 935 1004 931 1003 931 1001 931 1000 931 999 931 995 935 984 943 796 943 770 938 742 932 741 932 707 939 685 943 657 940 598 932 597 932 595 932 594 932 582 940 582 942 470 943 461 943 376 932 375 932 373 932 372 932 361 942 345 936 344 936 342 936 290 944 291 974"/></Shape>
	    <String CONTENT="amplement au benefice commun des ignorans: il"
                    HPOS="290"
                    VPOS="931"
                    WIDTH="1025"
                    HEIGHT="60"
                    WC="0.9957910948329501"></String>
          </TextLine>
          <TextLine ID="line_15"
                    TAGREFS="LT8"
                    BASELINE="291 1032 1312 1029" 
                    HPOS="290"
                    VPOS="990"
                    WIDTH="1022"
                    HEIGHT="62">
            <Shape><Polygon POINTS="291 1032 291 1044 429 1044 443 1050 445 1050 446 1050 447 1050 449 1050 461 1042 462 1042 533 1042 535 1042 543 1050 544 1050 546 1050 547 1052 585 1052 585 1050 621 1042 622 1042 758 1042 812 1042 827 1049 828 1049 829 1049 886 1042 937 1049 938 1049 988 1041 992 1041 996 1041 1059 1048 1061 1048 1101 1041 1102 1041 1112 1048 1113 1048 1114 1048 1116 1048 1174 1041 1190 1048 1191 1048 1192 1049 1285 1049 1285 1048 1287 1048 1312 1040 1312 1029 1309 1002 1172 1002 1125 990 1124 990 1122 990 1121 990 1106 1002 988 1002 936 990 934 990 933 990 910 1001 622 991 621 991 619 991 618 991 599 1003 398 1003 385 995 384 995 383 995 381 995 290 1003 291 1032"/></Shape>
	    <String CONTENT="vaut mieux que l’Hiſtoriographe nous die main¬"
                    HPOS="290"
                    VPOS="990"
                    WIDTH="1022"
                    HEIGHT="62"
                    WC="0.9964542375958484"></String>
          </TextLine>
          <TextLine ID="line_16"
                    TAGREFS="LT8"
                    BASELINE="289 1092 1315 1089" 
                    HPOS="287"
                    VPOS="1050"
                    WIDTH="1028"
                    HEIGHT="58">
            <Shape><Polygon POINTS="289 1092 289 1101 784 1108 785 1108 786 1108 816 1100 821 1100 931 1100 933 1100 941 1107 942 1107 944 1107 945 1107 1004 1100 1011 1100 1031 1100 1256 1107 1257 1107 1313 1099 1315 1089 1312 1061 1182 1061 1143 1050 1141 1050 1140 1050 1139 1050 1137 1050 1126 1060 1039 1060 989 1050 988 1050 942 1060 848 1052 847 1052 845 1052 844 1052 833 1061 734 1061 719 1052 718 1052 716 1052 676 1052 675 1052 673 1052 637 1061 531 1052 529 1052 461 1060 307 1054 306 1054 305 1054 287 1061 289 1092"/></Shape>
	    <String CONTENT="tenant tout haut, afin que ceux cy l’entendent, ce"
                    HPOS="287"
                    VPOS="1050"
                    WIDTH="1028"
                    HEIGHT="58"
                    WC="0.9781559228897094"></String>
          </TextLine>
          <TextLine ID="line_17"
                    TAGREFS="LT8"
                    BASELINE="293 1150 1316 1150" 
                    HPOS="293"
                    VPOS="1107"
                    WIDTH="1023"
                    HEIGHT="64">
            <Shape><Polygon POINTS="293 1150 293 1163 299 1170 301 1170 302 1170 303 1171 338 1171 338 1170 340 1170 357 1161 359 1161 365 1161 571 1162 591 1170 593 1170 594 1170 595 1170 629 1161 630 1161 687 1161 688 1161 706 1170 707 1170 708 1170 817 1161 825 1161 1186 1161 1191 1161 1233 1170 1234 1170 1316 1161 1316 1150 1316 1120 1260 1107 1198 1107 1196 1107 1195 1107 1194 1107 1179 1119 1160 1107 1159 1107 1157 1107 1156 1107 1155 1107 1109 1119 1015 1107 1014 1107 1012 1107 1011 1107 993 1120 891 1120 860 1107 859 1107 858 1107 856 1107 855 1107 839 1120 683 1120 663 1107 661 1107 660 1107 658 1107 657 1107 628 1118 603 1107 602 1107 558 1107 556 1107 555 1107 554 1107 536 1120 424 1120 396 1107 395 1107 346 1107 345 1107 344 1107 342 1107 324 1120 293 1120 293 1150"/></Shape>
	    <String CONTENT="qu’il a recueilly &amp; appris de tes miſeres &amp; diſgra"
                    HPOS="293"
                    VPOS="1107"
                    WIDTH="1023"
                    HEIGHT="64"
                    WC="0.9930099892616272"></String>
          </TextLine>
          <TextLine ID="line_18"
                    TAGREFS="LT8"
                    BASELINE="290 1209 1313 1206" 
                    HPOS="289"
                    VPOS="1167"
                    WIDTH="1024"
                    HEIGHT="61">
            <Shape><Polygon POINTS="290 1209 290 1220 649 1220 653 1220 732 1228 734 1228 864 1218 879 1218 886 1218 930 1226 931 1226 1312 1217 1313 1206 1311 1179 1190 1179 1179 1171 1178 1171 1176 1171 1175 1171 1174 1171 1159 1179 1075 1179 1059 1167 1058 1167 1057 1167 970 1167 969 1167 968 1167 942 1179 883 1179 801 1167 800 1167 798 1167 758 1179 656 1171 654 1171 653 1171 652 1171 642 1181 529 1181 519 1173 517 1173 516 1173 395 1169 394 1169 392 1169 391 1169 379 1179 357 1174 356 1174 355 1174 289 1181 290 1209"/></Shape>
	    <String CONTENT="ces. Nous veux-tu pas faire ce plaiſir, mon com¬"
                    HPOS="289"
                    VPOS="1167"
                    WIDTH="1024"
                    HEIGHT="61"
                    WC="0.9802847343186537"></String>
          </TextLine>
          <TextLine ID="line_19"
                    TAGREFS="LT8"
                    BASELINE="287 1267 509 1267" 
                    HPOS="287"
                    VPOS="1228"
                    WIDTH="222"
                    HEIGHT="66">
            <Shape><Polygon POINTS="287 1267 287 1282 297 1291 297 1292 298 1292 299 1292 301 1294 321 1294 321 1292 322 1292 324 1292 324 1291 334 1282 348 1292 349 1292 351 1292 352 1294 383 1294 383 1292 384 1292 385 1292 410 1278 509 1276 509 1267 509 1239 461 1228 459 1228 458 1228 435 1237 395 1231 394 1231 287 1237 287 1267"/></Shape>
	    <String CONTENT="pagnon?"
                    HPOS="287"
                    VPOS="1228"
                    WIDTH="222"
                    HEIGHT="66"
                    WC="0.9989965558052063"></String>
          </TextLine>
        </TextBlock>
        <TextBlock HPOS="283.0"
                   VPOS="1299.0"
                   WIDTH="1056.0"
                   HEIGHT="507.0"
                   ID="eSc_textblock_1c6a918c"
                   TAGREFS="BT100008">
          <Shape><Polygon POINTS="1339 1806 1339 1299 283 1299 283 1806"/></Shape>
          <TextLine ID="line_20"
                    TAGREFS="LT8"
                    BASELINE="286 1327 1313 1323" 
                    HPOS="285"
                    VPOS="1276"
                    WIDTH="1028"
                    HEIGHT="65">
            <Shape><Polygon POINTS="379 1318 372 1295 368 1295 367 1294 346 1280 345 1280 344 1280 342 1280 285 1294 286 1327 286 1341 1313 1341 1313 1323 1309 1291 1226 1291 1225 1291 1198 1276 1196 1276 1195 1276 1194 1276 1192 1276 1175 1291 1156 1279 1155 1279 1153 1279 1152 1279 1151 1279 1135 1286 1125 1278 1124 1278 1122 1278 1121 1278 1120 1278 1097 1290 1069 1276 1067 1276 1066 1276 1065 1276 1063 1276 1047 1290 1030 1276 1028 1276 1027 1276 1026 1276 1024 1276 1023 1276 1003 1291 1003 1292 966 1294 942 1294 941 1292 921 1278 919 1278 918 1278 917 1278 915 1278 914 1278 891 1292 874 1278 872 1278 871 1278 870 1278 804 1291 716 1278 715 1278 714 1278 676 1291 580 1279 579 1279 578 1279 576 1279 562 1291 546 1279 544 1279 543 1279 496 1279 494 1279 493 1279 492 1279 470 1292 438 1279 437 1279 435 1279 434 1279 433 1279 414 1294 414 1295 384 1295 379 1318"/></Shape>
	    <String CONTENT="Hiſt. Ie ſuis ſi grand amy de la verité, Madame,"
                    HPOS="285"
                    VPOS="1276"
                    WIDTH="1028"
                    HEIGHT="65"
                    WC="0.9828151963195022"></String>
          </TextLine>
          <TextLine ID="line_21"
                    TAGREFS="LT8"
                    BASELINE="295 1386 720 1381 1319 1384" 
                    HPOS="294"
                    VPOS="1342"
                    WIDTH="1025"
                    HEIGHT="62">
            <Shape><Polygon POINTS="295 1386 295 1396 340 1403 341 1403 371 1396 385 1393 587 1393 589 1394 598 1403 599 1403 601 1403 602 1404 636 1404 636 1403 637 1403 638 1403 650 1394 654 1393 703 1394 868 1400 870 1400 910 1393 913 1393 915 1393 956 1403 957 1404 1148 1404 1148 1403 1221 1394 1256 1403 1257 1403 1258 1403 1260 1403 1261 1403 1272 1394 1307 1400 1308 1400 1309 1400 1311 1400 1319 1392 1319 1384 1317 1351 1278 1342 1277 1342 1276 1342 1274 1342 1264 1351 1261 1354 1122 1354 1120 1351 1109 1342 1108 1342 1106 1342 1047 1342 1046 1342 1044 1342 1026 1351 1023 1354 789 1354 786 1353 741 1345 739 1345 738 1345 736 1345 726 1353 684 1342 683 1342 681 1342 587 1353 488 1342 486 1342 485 1342 450 1353 439 1347 438 1347 437 1347 294 1354 295 1386"/></Shape>
	    <String CONTENT="que combien que ie ne vous cognoiſſe point, &amp;"
                    HPOS="294"
                    VPOS="1342"
                    WIDTH="1025"
                    HEIGHT="62"
                    WC="0.98888088994556"></String>
          </TextLine>
          <TextLine ID="line_22"
                    TAGREFS="LT8"
                    BASELINE="294 1444 1327 1441" 
                    HPOS="293"
                    VPOS="1398"
                    WIDTH="1034"
                    HEIGHT="66">
            <Shape><Polygon POINTS="294 1444 294 1464 342 1463 344 1463 345 1463 367 1451 517 1456 519 1456 520 1456 521 1456 529 1450 576 1460 591 1463 593 1463 594 1463 595 1463 599 1460 609 1454 672 1456 673 1456 675 1456 676 1456 685 1450 697 1456 699 1456 700 1456 777 1450 839 1456 887 1460 888 1460 890 1460 906 1455 918 1451 981 1454 1059 1456 1061 1456 1062 1456 1063 1456 1067 1452 1070 1451 1071 1452 1078 1458 1079 1458 1081 1458 1082 1459 1137 1459 1137 1458 1139 1458 1161 1450 1165 1450 1168 1450 1202 1459 1203 1459 1204 1459 1206 1459 1207 1459 1218 1452 1284 1458 1285 1458 1287 1458 1327 1447 1327 1441 1324 1412 1217 1411 1202 1398 1200 1398 1199 1398 1198 1398 1167 1405 1147 1398 1145 1398 1144 1398 1143 1398 1141 1398 1128 1411 1110 1398 1109 1398 1108 1398 1082 1398 1081 1398 1079 1398 1078 1398 1063 1411 984 1411 953 1398 952 1398 950 1398 949 1398 925 1412 882 1412 863 1398 862 1398 860 1398 828 1398 827 1398 825 1398 824 1398 806 1409 696 1404 695 1404 693 1404 692 1404 683 1412 665 1400 664 1400 663 1400 661 1400 585 1412 560 1400 559 1400 558 1400 556 1400 525 1409 489 1400 488 1400 486 1400 485 1400 484 1400 466 1413 388 1413 356 1400 355 1400 353 1400 352 1400 328 1413 293 1413 294 1444"/></Shape>
	    <String CONTENT="qu’au recit de telle tragœdie, voire au ſeul ſouue¬"
                    HPOS="293"
                    VPOS="1398"
                    WIDTH="1034"
                    HEIGHT="66"
                    WC="0.9921010358660829"></String>
          </TextLine>
          <TextLine ID="line_23"
                    TAGREFS="LT8"
                    BASELINE="295 1503 1321 1497" 
                    HPOS="294"
                    VPOS="1456"
                    WIDTH="1027"
                    HEIGHT="63">
            <Shape><Polygon POINTS="295 1503 295 1513 636 1511 640 1513 660 1519 661 1519 663 1519 703 1513 719 1510 801 1513 964 1517 965 1518 1030 1518 1030 1517 1031 1517 1032 1517 1039 1511 1042 1510 1070 1511 1141 1515 1143 1515 1144 1515 1153 1511 1161 1507 1184 1511 1213 1515 1214 1515 1320 1510 1321 1497 1319 1458 1287 1456 1285 1456 1284 1456 1281 1458 1261 1468 1129 1468 1105 1460 1093 1458 1092 1458 1090 1458 1089 1458 1087 1458 1083 1460 1074 1470 1031 1470 1016 1462 1005 1458 1004 1458 1003 1458 1001 1458 1000 1458 995 1463 987 1470 962 1470 946 1463 929 1458 927 1458 926 1458 925 1458 903 1464 883 1470 859 1464 831 1459 829 1459 828 1459 827 1459 819 1466 814 1468 763 1467 708 1464 707 1464 665 1468 630 1471 579 1470 371 1462 369 1462 294 1474 295 1503"/></Shape>
	    <String CONTENT="nir ie ſente tous mes ſens fremir, &amp; iuſqu’au poil"
                    HPOS="294"
                    VPOS="1456"
                    WIDTH="1027"
                    HEIGHT="63"
                    WC="0.984904682636261"></String>
          </TextLine>
          <TextLine ID="line_24"
                    TAGREFS="LT8"
                    BASELINE="297 1562 1323 1556" 
                    HPOS="295"
                    VPOS="1514"
                    WIDTH="1028"
                    HEIGHT="57">
            <Shape><Polygon POINTS="376 1557 368 1526 329 1519 328 1519 326 1519 295 1532 297 1562 297 1571 1323 1566 1323 1556 1321 1526 1300 1514 1299 1514 1297 1514 1296 1514 1270 1526 1129 1526 1100 1515 1098 1515 1097 1515 1096 1515 1094 1515 1081 1526 1009 1515 1008 1515 1007 1515 981 1526 949 1515 948 1515 946 1515 945 1515 909 1529 758 1529 716 1517 715 1517 714 1517 712 1517 711 1517 711 1518 700 1526 590 1518 589 1518 587 1518 586 1518 574 1529 533 1529 404 1519 403 1519 402 1519 400 1519 385 1530 383 1529 376 1557"/></Shape>
	    <String CONTENT="s&#x27;heriſſonner:ſi ſuis-ie content de dire ſinceremẽt"
                    HPOS="295"
                    VPOS="1514"
                    WIDTH="1028"
                    HEIGHT="57"
                    WC="0.9856968143811593"></String>
          </TextLine>
          <TextLine ID="line_25"
                    TAGREFS="LT8"
                    BASELINE="285 1622 1321 1615" 
                    HPOS="283"
                    VPOS="1576"
                    WIDTH="1038"
                    HEIGHT="67">
            <Shape><Polygon POINTS="285 1622 285 1632 290 1636 291 1636 293 1636 294 1636 351 1630 367 1642 368 1642 369 1642 371 1643 400 1643 400 1642 402 1642 403 1642 419 1630 461 1628 494 1628 548 1628 574 1628 606 1640 607 1640 609 1640 610 1640 642 1628 658 1628 703 1627 785 1627 785 1628 798 1639 800 1639 801 1639 802 1640 833 1640 833 1639 835 1639 836 1639 851 1628 864 1639 866 1639 867 1639 868 1640 903 1640 903 1639 905 1639 938 1627 944 1626 946 1627 954 1632 956 1632 957 1632 958 1634 1044 1634 1044 1632 1046 1632 1047 1632 1055 1627 1057 1626 1058 1627 1066 1634 1067 1634 1069 1634 1070 1634 1112 1628 1149 1636 1151 1636 1321 1626 1321 1615 1317 1585 944 1587 930 1576 929 1576 927 1576 926 1576 872 1588 867 1588 856 1588 727 1577 726 1577 724 1577 723 1577 710 1588 691 1579 689 1579 688 1579 629 1589 624 1589 618 1589 533 1579 532 1579 531 1579 529 1579 520 1585 443 1580 442 1580 441 1580 418 1591 283 1591 285 1622"/></Shape>
	    <String CONTENT="ce que i’en ſcay, à la charge que mon compagnon"
                    HPOS="283"
                    VPOS="1576"
                    WIDTH="1038"
                    HEIGHT="67"
                    WC="0.9797896904249986"></String>
          </TextLine>
          <TextLine ID="line_26"
                    TAGREFS="LT8"
                    BASELINE="295 1681 1320 1673" 
                    HPOS="294"
                    VPOS="1630"
                    WIDTH="1026"
                    HEIGHT="67">
            <Shape><Polygon POINTS="295 1681 295 1693 473 1690 482 1691 508 1697 509 1697 543 1691 563 1687 586 1690 633 1697 634 1697 636 1697 637 1697 637 1695 644 1690 649 1686 758 1686 766 1689 788 1695 789 1695 790 1695 792 1695 809 1687 819 1685 913 1687 1125 1693 1126 1693 1128 1693 1159 1685 1164 1683 1170 1685 1203 1691 1204 1691 1319 1682 1320 1673 1316 1642 1203 1642 1202 1642 1178 1630 1176 1630 1175 1630 1174 1630 1148 1642 1145 1644 962 1644 957 1643 930 1632 929 1632 927 1632 926 1632 925 1632 909 1643 906 1646 886 1646 879 1643 833 1632 832 1632 831 1632 802 1644 797 1646 747 1644 739 1644 726 1634 724 1634 723 1634 722 1634 657 1644 649 1646 645 1644 622 1635 621 1635 619 1635 574 1646 562 1647 509 1646 502 1646 481 1635 480 1635 478 1635 416 1636 415 1636 394 1646 380 1636 379 1636 377 1636 376 1636 375 1636 340 1646 305 1636 303 1636 302 1636 301 1636 299 1636 299 1638 294 1642 295 1681"/></Shape>
	    <String CONTENT="le Politique m’y aidera, adiouſtant ce que ie pour"
                    HPOS="294"
                    VPOS="1630"
                    WIDTH="1026"
                    HEIGHT="67"
                    WC="0.9995800876617431"></String>
          </TextLine>
          <TextLine ID="line_27"
                    TAGREFS="LT8"
                    BASELINE="297 1736 1323 1732" 
                    HPOS="295"
                    VPOS="1691"
                    WIDTH="1028"
                    HEIGHT="66">
            <Shape><Polygon POINTS="376 1728 369 1706 295 1708 297 1736 297 1747 324 1747 325 1747 341 1756 342 1756 344 1757 369 1757 369 1756 371 1756 372 1756 383 1747 384 1747 466 1747 550 1748 559 1756 560 1756 562 1756 563 1756 622 1747 640 1745 708 1745 712 1747 720 1755 722 1755 723 1755 724 1755 762 1747 774 1745 792 1747 845 1755 847 1755 891 1747 905 1745 919 1747 948 1752 949 1752 1321 1747 1323 1732 1320 1691 1274 1691 1273 1691 1272 1691 1270 1691 1248 1705 1110 1705 1077 1695 1063 1691 1062 1691 1061 1691 1059 1691 1058 1691 1054 1695 1043 1705 907 1705 888 1698 874 1693 872 1693 871 1693 870 1693 859 1698 848 1705 840 1700 832 1693 831 1693 829 1693 828 1693 784 1700 774 1701 766 1701 714 1693 712 1693 711 1693 692 1701 687 1704 679 1702 664 1698 663 1698 661 1698 599 1704 558 1706 548 1704 513 1694 512 1694 447 1694 446 1694 445 1694 422 1706 381 1706 376 1728"/></Shape>
	    <String CONTENT="roy&#x27; oublier par meſgarde, &amp; retrenchant ce qu’il"
                    HPOS="295"
                    VPOS="1691"
                    WIDTH="1028"
                    HEIGHT="66"
                    WC="0.9981496504374913"></String>
          </TextLine>
          <TextLine ID="line_28"
                    TAGREFS="LT8"
                    BASELINE="293 1796 741 1790" 
                    HPOS="291"
                    VPOS="1749"
                    WIDTH="450"
                    HEIGHT="63">
            <Shape><Polygon POINTS="293 1796 293 1804 312 1812 313 1812 314 1812 418 1804 459 1810 461 1810 462 1810 463 1810 473 1803 625 1810 626 1810 628 1810 629 1810 629 1808 637 1802 716 1807 718 1807 719 1807 741 1798 741 1790 739 1763 712 1749 711 1749 652 1749 650 1749 649 1749 648 1749 648 1751 634 1764 632 1764 590 1759 589 1759 537 1765 533 1765 532 1765 488 1752 486 1752 485 1752 484 1752 482 1752 466 1767 465 1767 461 1767 379 1753 377 1753 376 1753 375 1753 375 1755 364 1767 291 1768 293 1796"/></Shape>
	    <String CONTENT="cuide ra de trop dict."
                    HPOS="291"
                    VPOS="1749"
                    WIDTH="450"
                    HEIGHT="63"
                    WC="0.9992792091586373"></String>
          </TextLine>
        </TextBlock>
        <TextBlock HPOS="278.0"
                   VPOS="1813.0"
                   WIDTH="1057.0"
                   HEIGHT="111.0"
                   ID="eSc_textblock_3915f970"
                   TAGREFS="BT100008">
          <Shape><Polygon POINTS="1335 1924 1335 1813 278 1813 278 1924"/></Shape>
          <TextLine ID="line_29"
                    TAGREFS="LT8"
                    BASELINE="286 1855 1323 1851" 
                    HPOS="285"
                    VPOS="1804"
                    WIDTH="1038"
                    HEIGHT="69">
            <Shape><Polygon POINTS="379 1847 371 1820 355 1810 353 1810 352 1810 351 1810 349 1810 348 1810 332 1823 285 1823 286 1855 286 1863 313 1872 314 1872 316 1872 455 1863 466 1863 468 1863 489 1872 490 1872 492 1872 531 1863 533 1863 536 1863 591 1872 593 1872 629 1863 636 1862 781 1862 784 1862 802 1872 804 1872 805 1873 862 1873 862 1872 863 1872 864 1872 876 1862 878 1862 883 1862 937 1869 938 1869 940 1869 962 1862 965 1862 983 1862 1113 1868 1114 1868 1116 1868 1135 1862 1140 1861 1145 1862 1182 1870 1183 1870 1321 1861 1323 1851 1320 1820 1221 1820 1198 1806 1196 1806 1195 1806 1168 1804 1167 1804 1165 1804 1132 1819 1101 1804 1100 1804 1058 1804 1057 1804 1055 1804 1054 1804 1038 1818 1020 1818 988 1804 987 1804 985 1804 984 1804 983 1804 964 1822 930 1822 910 1806 909 1806 907 1806 906 1806 905 1806 903 1806 878 1822 847 1822 805 1806 804 1806 802 1806 801 1806 766 1816 753 1806 751 1806 750 1806 692 1806 691 1806 689 1806 688 1806 673 1818 628 1822 597 1822 579 1807 578 1807 576 1807 575 1807 574 1807 572 1807 560 1815 551 1807 550 1807 548 1807 504 1807 502 1807 501 1807 500 1807 486 1818 472 1807 470 1807 469 1807 434 1807 433 1807 431 1807 430 1807 410 1823 384 1823 379 1847"/></Shape>
	    <String CONTENT="Ah. C’eſt bien auiſé. Que t’en ſemble ſeigneur"
                    HPOS="285"
                    VPOS="1804"
                    WIDTH="1038"
                    HEIGHT="69"
                    WC="0.9750969308487912"></String>
          </TextLine>
          <TextLine ID="line_30"
                    TAGREFS="LT8"
                    BASELINE="299 1913 533 1909" 
                    HPOS="298"
                    VPOS="1869"
                    WIDTH="235"
                    HEIGHT="62">
            <Shape><Polygon POINTS="379 1911 371 1882 349 1882 338 1873 338 1872 337 1872 336 1872 312 1872 310 1872 309 1872 307 1872 307 1873 298 1881 299 1913 299 1921 314 1929 316 1929 317 1929 372 1923 453 1931 454 1931 455 1931 488 1921 517 1927 519 1927 520 1927 521 1927 533 1919 533 1909 532 1878 524 1870 524 1869 523 1869 521 1869 498 1869 497 1869 496 1869 494 1869 494 1870 484 1880 419 1870 418 1870 416 1870 415 1870 398 1882 385 1882 379 1911"/></Shape>
	    <String CONTENT="Politiqué?"
                    HPOS="298"
                    VPOS="1869"
                    WIDTH="235"
                    HEIGHT="62"
                    WC="0.9524324807253751"></String>
          </TextLine>
        </TextBlock>
        <TextBlock HPOS="270.0"
                   VPOS="1939.0"
                   WIDTH="1063.0"
                   HEIGHT="114.0"
                   ID="eSc_textblock_e70b2dc6"
                   TAGREFS="BT100008">
          <Shape><Polygon POINTS="270 1939 272 2053 1333 2047 1333 1939"/></Shape>
          <TextLine ID="line_31"
                    TAGREFS="LT8"
                    BASELINE="283 1975 793 1967 1324 1967" 
                    HPOS="282"
                    VPOS="1923"
                    WIDTH="1042"
                    HEIGHT="63">
            <Shape><Polygon POINTS="376 1970 369 1943 361 1943 360 1941 324 1929 322 1929 321 1929 320 1929 318 1929 302 1941 302 1943 282 1943 283 1975 283 1986 1324 1976 1324 1967 1321 1935 1249 1935 1248 1935 1229 1923 1227 1923 1226 1923 1195 1923 1194 1923 1192 1923 1191 1923 1175 1935 1172 1935 1020 1931 1019 1931 953 1937 941 1937 931 1937 806 1925 805 1925 804 1925 802 1925 786 1937 773 1927 771 1927 770 1927 769 1927 767 1927 736 1937 693 1927 692 1927 691 1927 689 1927 665 1939 642 1939 614 1941 583 1941 582 1940 567 1928 566 1928 564 1928 511 1928 509 1928 508 1928 507 1928 493 1939 416 1929 415 1929 414 1929 412 1929 398 1941 396 1943 381 1943 376 1970"/></Shape>
	    <String CONTENT="Pot. I’en ſuis contẽt: &amp; d’autrepart marry, d’ouvr"
                    HPOS="282"
                    VPOS="1923"
                    WIDTH="1042"
                    HEIGHT="63"
                    WC="0.9986777714654511"></String>
          </TextLine>
          <TextLine ID="line_32"
                    TAGREFS="LT8"
                    BASELINE="301 2030 1326 2023" 
                    HPOS="299"
                    VPOS="1983"
                    WIDTH="1027"
                    HEIGHT="69">
            <Shape><Polygon POINTS="301 2030 301 2052 390 2042 502 2048 504 2048 505 2048 507 2048 517 2040 860 2040 880 2042 913 2048 914 2048 915 2048 938 2041 946 2040 966 2041 1030 2046 1031 2046 1032 2046 1055 2040 1057 2040 1069 2040 1289 2042 1291 2042 1326 2034 1326 2023 1321 1991 1196 1995 1190 1992 1176 1983 1175 1983 1174 1983 1120 1983 1118 1983 1117 1983 1092 1994 1085 1995 1028 1994 923 1991 922 1991 860 1997 832 1998 825 1997 790 1986 789 1986 788 1986 786 1986 785 1986 771 1997 770 1998 769 1997 755 1991 754 1991 753 1991 718 1998 707 1999 687 1998 618 1992 617 1992 562 1999 560 1999 559 1999 524 1987 523 1987 521 1987 520 1987 492 1999 474 1988 473 1988 472 1988 418 1988 416 1988 415 1988 414 1988 402 1997 360 1988 359 1988 357 1988 332 2002 299 2002 301 2030"/></Shape>
	    <String CONTENT="refreſchir la memoire de ce que, pour l’honneur"
                    HPOS="299"
                    VPOS="1983"
                    WIDTH="1027"
                    HEIGHT="69"
                    WC="0.9933250508409865"></String>
          </TextLine>
        </TextBlock>
        <TextBlock HPOS="1186.0"
                   VPOS="2040.0"
                   WIDTH="135.0"
                   HEIGHT="59.0"
                   ID="block_5"
                   TAGREFS="BT17">
          <Shape><Polygon POINTS="1321 2040 1321 2099 1186 2099 1186 2040"/></Shape>
          <TextLine ID="line_33"
                    TAGREFS="LT8"
                    BASELINE="1178 2084 1321 2084" 
                    HPOS="1178"
                    VPOS="2045"
                    WIDTH="143"
                    HEIGHT="51">
            <Shape><Polygon POINTS="1178 2084 1178 2096 1321 2096 1321 2084 1321 2057 1239 2057 1200 2045 1199 2045 1198 2045 1196 2045 1178 2054 1178 2084"/></Shape>
	    <String CONTENT="de ma"
                    HPOS="1178"
                    VPOS="2045"
                    WIDTH="143"
                    HEIGHT="51"
                    WC="0.9995719790458679"></String>
          </TextLine>
        </TextBlock>
        <TextBlock HPOS="899.0"
                   VPOS="2306.0"
                   WIDTH="301.0"
                   HEIGHT="69.0"
                   ID="eSc_textblock_6e1336b3"
                   TAGREFS="BT9">
          <Shape><Polygon POINTS="899 2306 899 2375 1200 2375 1200 2306"/></Shape>
        </TextBlock>
      </PrintSpace>
    </Page>
  </Layout>
</alto>
