1440 2404
152 154 1027 74 de ma patrie, de mon Roy, & des ſiens, ie deſire¬

154 217 1025 74 roy' eſtre enſeuely au plus profond du puys de

154 271 270 56 l'oubliance.

154 331 1017 72 Ali. Commence donc ie te prie, Hiſtoriographe

153 393 1019 69 mon amy, ſans y adiouſter du tien, ny te mõſtrer

157 451 1017 71 paſsionné pour l’vn ou l’autre party: dy-nous ſim

156 510 364 60 plement le faict.

396 92 492 54 DIRLOGVE.

153 570 1022 71 Hiſt. Ie ne le puis pour maintenant dire qu’en

154 630 1018 64 gros, n’ayãt pres de moy mes memoires: mais i’e¬

152 687 1022 67 ſpere biẽ en Dieu, qu’vn iour ie lairray le tout par

152 745 1023 68 le menu, & comme il s’eſt paſſé, ſans en rien diſsi¬

152 802 565 59 muler, eſcrit à la poſterité.

205 862 512 62 Pour ceſte heure, Oyez.

152 918 1024 72 La lumiere de l’Euãgile (car ainſi l’appelloit-on)

150 982 1020 63 commençant par la voix & les eſcrits de Luther,

149 1036 1021 65 Bucer, Zuingle, Ecolampade, Me lancthon, & au¬

148 1097 1023 63 tres doctes perſonnages, comme de nouueau’à ſe

148 1156 1022 67 manifeſter: Le Pape (tout ainſi qu’en Alemagne

152 1222 1018 57 par ſes menees, & par les armees & moyens de

150 1275 1017 64 Charles le quint, auſsi en France par le moyen

146 1331 1022 71 de Frãçois premier) s’y oppoſa fort & ferme pour

146 1394 1022 63 en empeſcher le cours, auec bourrees & fagots,

145 1447 1023 68 iuſques à faire bruſler par ſentences & arreſts, les

144 1509 1027 61 liures du vieil & nouueau Teſtament, d’où lon ti¬

144 1567 1026 61 roit ceſte doctrine, s’ils eſtoyent tournez en Fran

145 1629 1018 64 çois ou autre langage vulgaire, & auec les liures,

142 1690 1024 60 ceux qui les maintenoyent, qu’on nomma pour

142 1742 1024 59 lors Lutheriens. Ceux de Merindol en Prouence

145 1805 1019 62 peuple inſtruit de longue main par ſes predeceſ¬

140 1861 1022 63 ſeurs en la doctrine de l’euangile furent par ar¬

141 1920 1025 61 reſt du parlement de Prouence en l’an t540. con¬

141 1976 1026 62 demnez comme. Lutheriens à eſtre bruſlez.Et

1147 140 42 36 2

890 2035 133 60 A.iii.
