<?xml version="1.0" encoding="UTF-8"?>
<alto xmlns:xsi="http://www.w3.org/2001/XMLSchema-instance"
      xmlns="http://www.loc.gov/standards/alto/ns-v4#"
      xsi:schemaLocation="http://www.loc.gov/standards/alto/ns-v4# http://www.loc.gov/standards/alto/v4/alto-4-2.xsd">
  <Description>
    <MeasurementUnit>pixel</MeasurementUnit>
    <sourceImageInformation>
      <fileName>page_00162.png</fileName>
      <fileIdentifier>mets//page_00002.zip/page_00162.png</fileIdentifier>
    </sourceImageInformation>
  </Description>
  <Tags>
    <OtherTag ID="BT7" LABEL="CustomZone" DESCRIPTION="block type CustomZone"/><OtherTag ID="BT8" LABEL="DamageZone" DESCRIPTION="block type DamageZone"/><OtherTag ID="BT9" LABEL="DigitizationArtefactZone" DESCRIPTION="block type DigitizationArtefactZone"/><OtherTag ID="BT10" LABEL="DropCapitalZone" DESCRIPTION="block type DropCapitalZone"/><OtherTag ID="BT11" LABEL="GraphicZone" DESCRIPTION="block type GraphicZone"/><OtherTag ID="BT12" LABEL="MainZone" DESCRIPTION="block type MainZone"/><OtherTag ID="BT13" LABEL="MarginTextZone" DESCRIPTION="block type MarginTextZone"/><OtherTag ID="BT14" LABEL="MusicZone" DESCRIPTION="block type MusicZone"/><OtherTag ID="BT15" LABEL="NumberingZone" DESCRIPTION="block type NumberingZone"/><OtherTag ID="BT17" LABEL="QuireMarksZone" DESCRIPTION="block type QuireMarksZone"/><OtherTag ID="BT18" LABEL="RunningTitleZone" DESCRIPTION="block type RunningTitleZone"/><OtherTag ID="BT19" LABEL="SealZone" DESCRIPTION="block type SealZone"/><OtherTag ID="BT20" LABEL="StampZone" DESCRIPTION="block type StampZone"/><OtherTag ID="BT21" LABEL="TableZone" DESCRIPTION="block type TableZone"/><OtherTag ID="BT22" LABEL="TitlePageZone" DESCRIPTION="block type TitlePageZone"/><OtherTag ID="BT100001" LABEL="MainZone-Head" DESCRIPTION="block type MainZone-Head"/><OtherTag ID="BT100005" LABEL="MainZone-P" DESCRIPTION="block type MainZone-P"/><OtherTag ID="BT100006" LABEL="MainZone-Continued" DESCRIPTION="block type MainZone-Continued"/><OtherTag ID="BT100008" LABEL="MainZone-Sp" DESCRIPTION="block type MainZone-Sp"/><OtherTag ID="BT100002" LABEL="MainZone-Lg" DESCRIPTION="block type MainZone-Lg"/><OtherTag ID="BT100014" LABEL="MainZone-ListItem" DESCRIPTION="block type MainZone-ListItem"/>
    <OtherTag ID="LT7" LABEL="CustomLine" DESCRIPTION="line type CustomLine"/><OtherTag ID="LT8" LABEL="DefaultLine" DESCRIPTION="line type DefaultLine"/><OtherTag ID="LT9" LABEL="DropCapitalLine" DESCRIPTION="line type DropCapitalLine"/><OtherTag ID="LT10" LABEL="HeadingLine" DESCRIPTION="line type HeadingLine"/><OtherTag ID="LT11" LABEL="InterlinearLine" DESCRIPTION="line type InterlinearLine"/><OtherTag ID="LT12" LABEL="MusicLine" DESCRIPTION="line type MusicLine"/><OtherTag ID="LT765" LABEL="default" DESCRIPTION="line type default"/>
  </Tags>
  <Layout>
    <Page WIDTH="1425"
          HEIGHT="2441"
          PHYSICAL_IMG_NR="161"
          ID="eSc_dummypage_">
      <PrintSpace HPOS="0"
                  VPOS="0"
                  WIDTH="1425"
                  HEIGHT="2441">
        <TextBlock HPOS="146.0"
                   VPOS="167.0"
                   WIDTH="1034.0"
                   HEIGHT="587.0"
                   ID="block_6"
                   TAGREFS="BT100006">
          <Shape><Polygon POINTS="1180 167 1180 754 146 754 146 167"/></Shape>
          <TextLine ID="line_2"
                    TAGREFS="LT8"
                    BASELINE="153 211 1172 208" 
                    HPOS="152"
                    VPOS="166"
                    WIDTH="1020"
                    HEIGHT="60">
            <Shape><Polygon POINTS="153 211 153 221 1078 226 1080 226 1081 226 1083 226 1089 219 1107 226 1108 226 1110 226 1111 226 1112 226 1123 219 1141 226 1142 226 1144 226 1145 226 1172 218 1172 208 1169 179 1146 179 1131 166 1130 166 1129 166 1127 166 1126 166 1099 177 1073 169 1072 169 1070 169 1069 169 1051 176 1032 166 1031 166 1030 166 1028 166 996 177 982 166 981 166 979 166 939 166 937 166 936 166 935 166 921 179 880 179 867 166 865 166 864 166 838 166 837 166 836 166 834 166 822 177 788 166 787 166 785 166 784 166 783 166 768 179 736 179 715 166 713 166 684 166 682 166 681 166 656 179 639 168 637 168 636 168 635 168 584 180 374 180 359 168 358 168 356 168 294 168 293 168 291 168 290 168 276 176 251 168 249 168 248 168 247 168 225 179 161 172 160 172 158 172 157 172 157 173 152 177 153 211"/></Shape>
	    <String CONTENT="re; &amp; à l’autre en particulier de ſe reſſentir) c’e¬"
                    HPOS="152"
                    VPOS="166"
                    WIDTH="1020"
                    HEIGHT="60"
                    WC="0.992725912130104"></String>
          </TextLine>
          <TextLine ID="line_3"
                    TAGREFS="LT8"
                    BASELINE="152 271 1171 267" 
                    HPOS="150"
                    VPOS="230"
                    WIDTH="1021"
                    HEIGHT="58">
            <Shape><Polygon POINTS="152 271 152 280 320 280 321 280 328 287 329 287 331 287 332 287 362 280 369 280 628 280 632 280 658 288 659 288 660 288 777 280 834 278 855 280 887 287 888 287 937 280 964 278 970 280 977 287 978 287 979 287 981 287 1169 280 1171 267 1167 237 812 238 807 238 774 230 773 230 772 230 770 230 761 238 758 241 666 241 662 238 643 230 641 230 640 230 639 230 612 238 608 240 602 238 589 234 587 234 586 234 427 240 365 241 352 240 301 231 299 231 256 240 245 231 244 231 242 231 158 231 157 231 156 231 154 231 154 233 150 235 152 271"/></Shape>
	    <String CONTENT="ſtoit de tout exterminer, par les voyes que nous"
                    HPOS="150"
                    VPOS="230"
                    WIDTH="1021"
                    HEIGHT="58"
                    WC="0.988046241303285"></String>
          </TextLine>
          <TextLine ID="line_4"
                    TAGREFS="LT8"
                    BASELINE="152 330 1172 326" 
                    HPOS="150"
                    VPOS="287"
                    WIDTH="1022"
                    HEIGHT="53">
            <Shape><Polygon POINTS="152 330 152 340 1172 336 1172 326 1169 287 1121 287 1119 287 1118 287 1116 287 1104 296 1043 288 1031 287 1030 287 1028 287 1027 287 1026 288 1016 296 963 296 936 290 925 287 924 287 922 287 921 287 913 290 897 296 872 291 856 287 855 287 853 287 844 291 829 299 549 299 540 295 525 291 523 291 522 291 469 296 442 299 427 298 384 290 382 290 381 290 380 290 370 298 367 299 340 299 194 292 192 292 150 301 152 330"/></Shape>
	    <String CONTENT="auons touchees au commencement demoſtre diſ"
                    HPOS="150"
                    VPOS="287"
                    WIDTH="1022"
                    HEIGHT="53"
                    WC="0.9979498164598332"></String>
          </TextLine>
          <TextLine ID="line_5"
                    TAGREFS="LT8"
                    BASELINE="152 389 1169 385" 
                    HPOS="150"
                    VPOS="345"
                    WIDTH="1019"
                    HEIGHT="60">
            <Shape><Polygon POINTS="152 389 152 398 276 398 279 398 295 405 297 405 298 405 299 405 301 405 309 398 310 398 1168 398 1169 385 1167 356 1096 356 1059 345 1058 345 1057 345 1055 345 1036 355 1009 345 1008 345 1007 345 1005 345 979 356 857 356 831 345 830 345 829 345 787 353 753 347 751 347 750 347 749 347 736 358 665 358 644 347 643 347 641 347 640 347 618 358 527 358 492 347 491 347 489 347 411 358 318 348 317 348 316 348 314 348 302 358 190 351 188 351 150 359 152 389"/></Shape>
	    <String CONTENT="cours, ſe confirmant en ce deſſein par pluſieurs"
                    HPOS="150"
                    VPOS="345"
                    WIDTH="1019"
                    HEIGHT="60"
                    WC="0.9971481959025065"></String>
          </TextLine>
          <TextLine ID="line_6"
                    TAGREFS="LT8"
                    BASELINE="152 447 1171 444" 
                    HPOS="150"
                    VPOS="404"
                    WIDTH="1021"
                    HEIGHT="59">
            <Shape><Polygon POINTS="152 447 152 457 602 463 603 463 671 455 675 455 796 455 920 455 935 462 936 462 937 462 1005 455 1161 462 1163 462 1164 462 1165 462 1165 461 1171 454 1171 444 1168 416 1099 416 1077 404 1076 404 1036 404 1035 404 1034 404 1032 404 1021 412 990 404 989 404 988 404 986 404 962 414 936 404 935 404 933 404 932 404 931 404 916 416 891 416 841 404 840 404 838 404 814 416 757 416 735 404 734 404 660 404 659 404 658 404 656 404 636 417 498 417 473 405 472 405 428 405 427 405 426 405 407 414 162 410 161 410 160 410 158 410 150 414 152 447"/></Shape>
	    <String CONTENT="autres impreſsions, qui d’elle-meſme &amp; d’ailleurs"
                    HPOS="150"
                    VPOS="404"
                    WIDTH="1021"
                    HEIGHT="59"
                    WC="0.9831881304176486"></String>
          </TextLine>
          <TextLine ID="line_7"
                    TAGREFS="LT8"
                    BASELINE="150 505 1168 505" 
                    HPOS="150"
                    VPOS="466"
                    WIDTH="1018"
                    HEIGHT="57">
            <Shape><Polygon POINTS="150 505 150 513 184 522 185 522 276 515 287 515 293 515 328 522 329 523 479 523 479 522 480 522 481 522 487 516 491 515 1167 522 1168 505 1168 475 1005 475 1001 474 977 466 975 466 939 466 937 466 936 466 935 466 926 473 924 475 727 475 720 471 708 466 707 466 705 466 667 471 650 473 635 470 609 466 608 466 606 466 605 466 601 470 595 474 150 467 150 505"/></Shape>
	    <String CONTENT="luy ſuruenoyent tous les iours: mais ſur toutes,"
                    HPOS="150"
                    VPOS="466"
                    WIDTH="1018"
                    HEIGHT="57"
                    WC="0.9837255676587423"></String>
          </TextLine>
          <TextLine ID="line_8"
                    TAGREFS="LT8"
                    BASELINE="150 564 1164 560" 
                    HPOS="149"
                    VPOS="518"
                    WIDTH="1015"
                    HEIGHT="56">
            <Shape><Polygon POINTS="150 564 150 574 1163 570 1164 560 1161 532 1091 532 1073 518 1072 518 1070 518 1069 518 1068 518 1036 530 1021 518 1020 518 1019 518 1017 518 1016 518 989 527 975 518 974 518 973 518 971 518 970 518 969 518 950 532 890 532 872 518 871 518 869 518 836 518 834 518 833 518 831 518 807 534 765 534 747 519 746 519 745 519 743 519 742 519 712 527 689 519 688 519 686 519 685 519 666 527 644 519 643 519 641 519 640 519 639 519 622 534 593 534 568 519 567 519 565 519 522 519 521 519 519 519 475 535 451 535 435 520 434 520 432 520 431 520 430 520 401 527 373 520 371 520 370 520 369 520 367 520 343 535 259 535 236 520 234 520 233 520 204 520 203 520 202 520 200 520 184 534 149 535 150 564"/></Shape>
	    <String CONTENT="celle qui eſt ſucceſsiue &amp; à ſa maiſon, &amp; à ſa na¬"
                    HPOS="149"
                    VPOS="518"
                    WIDTH="1015"
                    HEIGHT="56"
                    WC="0.9720830481785995"></String>
          </TextLine>
          <TextLine ID="line_9"
                    TAGREFS="LT8"
                    BASELINE="149 622 1167 622" 
                    HPOS="149"
                    VPOS="580"
                    WIDTH="1018"
                    HEIGHT="60">
            <Shape><Polygon POINTS="149 622 149 631 240 640 241 640 283 633 291 640 293 640 294 640 295 640 1167 631 1167 622 1167 591 1144 580 1142 580 1141 580 1092 591 1062 580 1061 580 1059 580 1000 591 933 580 932 580 931 580 907 591 879 584 878 584 876 584 875 584 874 584 865 592 651 592 614 580 613 580 612 580 548 591 534 580 533 580 532 580 468 580 466 580 465 580 464 580 449 592 335 592 321 580 320 580 318 580 317 580 286 587 259 580 257 580 256 580 255 580 253 580 238 592 149 592 149 622"/></Shape>
	    <String CONTENT="tion, à ſçauoir, de hayr à mort ceux qu’vne fois ils"
                    HPOS="149"
                    VPOS="580"
                    WIDTH="1018"
                    HEIGHT="60"
                    WC="0.9947693423791365"></String>
          </TextLine>
          <TextLine ID="line_10"
                    TAGREFS="LT8"
                    BASELINE="147 678 1167 682" 
                    HPOS="146"
                    VPOS="637"
                    WIDTH="1021"
                    HEIGHT="60">
            <Shape><Polygon POINTS="147 678 146 687 488 697 489 697 1165 691 1167 682 1165 652 1043 650 1031 640 1030 640 1028 640 1027 640 1026 640 983 650 982 650 962 640 960 640 918 640 917 640 916 640 914 640 898 650 895 650 769 650 768 649 717 638 685 638 684 638 682 638 681 638 670 648 639 638 637 638 636 638 635 638 599 649 597 649 593 649 522 638 521 638 519 638 491 649 488 649 484 648 437 637 435 637 434 637 413 648 375 637 374 637 351 637 350 637 348 637 347 637 333 648 306 637 305 637 272 637 271 637 270 637 268 637 256 648 255 648 147 648 147 678"/></Shape>
	    <String CONTENT="ont offenſez, &amp; qu’il ne ſe faut reconcilier à vn en"
                    HPOS="146"
                    VPOS="637"
                    WIDTH="1021"
                    HEIGHT="60"
                    WC="0.9869990303831281"></String>
          </TextLine>
          <TextLine ID="line_11"
                    TAGREFS="LT8"
                    BASELINE="149 739 779 739" 
                    HPOS="149"
                    VPOS="699"
                    WIDTH="630"
                    HEIGHT="59">
            <Shape><Polygon POINTS="149 739 149 748 230 749 237 756 237 758 238 758 240 758 241 758 362 749 370 756 370 758 371 758 373 758 374 758 435 749 779 749 779 739 779 713 726 713 723 711 684 699 682 699 681 699 679 699 648 707 549 699 548 699 546 699 545 699 545 701 536 709 534 711 529 709 508 699 507 699 506 699 456 707 432 711 149 705 149 739"/></Shape>
	    <String CONTENT="hemy, que pour le deſtruire."
                    HPOS="149"
                    VPOS="699"
                    WIDTH="630"
                    HEIGHT="59"
                    WC="0.9843755045107433"></String>
          </TextLine>
        </TextBlock>
        <TextBlock HPOS="354.0"
                   VPOS="92.0"
                   WIDTH="558.0"
                   HEIGHT="59.0"
                   ID="block_3"
                   TAGREFS="BT18">
          <Shape><Polygon POINTS="912 92 912 151 354 151 354 92"/></Shape>
          <TextLine ID="line_0"
                    TAGREFS="LT8"
                    BASELINE="350 136 913 134" 
                    HPOS="348"
                    VPOS="100"
                    WIDTH="565"
                    HEIGHT="51">
            <Shape><Polygon POINTS="905 124 891 124 878 124 864 124 850 124 837 124 823 124 810 124 796 124 783 124 769 124 755 124 742 124 728 124 715 124 701 124 688 124 674 124 660 124 647 124 633 124 620 124 606 124 593 124 579 124 565 124 552 124 538 124 525 124 511 124 498 124 484 124 483 117 469 116 458 104 454 101 454 100 453 100 451 100 450 100 348 100 350 136 350 143 359 150 361 150 362 150 363 150 365 150 397 142 399 142 400 142 423 150 424 150 426 150 427 150 446 142 447 142 466 150 468 150 469 151 500 151 500 150 502 150 503 150 503 149 510 142 526 149 527 149 529 149 576 142 580 142 591 150 593 150 594 150 595 150 597 150 624 142 629 141 636 142 658 149 659 149 660 149 662 149 684 142 692 141 698 142 720 149 722 149 723 149 724 149 726 149 735 142 739 141 745 142 765 149 766 149 768 150 803 150 803 149 804 149 806 149 806 147 811 142 814 141 845 141 848 142 853 147 853 149 855 149 856 149 857 149 912 142 913 134 910 124 905 124"/></Shape>
	    <String CONTENT="DIALOSy E Ia"
                    HPOS="348"
                    VPOS="100"
                    WIDTH="565"
                    HEIGHT="51"
                    WC="0.9157772238055865"></String>
          </TextLine>
        </TextBlock>
        <TextBlock HPOS="137.0"
                   VPOS="760.0"
                   WIDTH="1036.0"
                   HEIGHT="645.0"
                   ID="block_0"
                   TAGREFS="BT100005">
          <Shape><Polygon POINTS="1173 761 1173 1405 137 1405 149 760"/></Shape>
          <TextLine ID="line_13"
                    TAGREFS="LT8"
                    BASELINE="207 796 1163 798" 
                    HPOS="206"
                    VPOS="752"
                    WIDTH="957"
                    HEIGHT="63">
            <Shape><Polygon POINTS="207 796 206 804 285 813 286 813 677 806 791 815 792 815 1108 808 1146 815 1148 815 1149 815 1150 815 1161 806 1163 798 1163 766 1142 753 1141 753 1140 753 1121 753 1119 753 1118 753 1116 753 1102 767 1050 767 1030 753 1028 753 1027 753 978 753 977 753 975 753 937 766 855 766 841 753 840 753 838 753 817 753 815 753 814 753 812 753 798 766 745 753 717 753 716 753 715 753 713 753 700 766 646 766 631 752 629 752 628 752 563 752 561 752 560 752 559 752 542 766 458 766 413 766 413 764 400 753 399 753 397 753 363 752 362 752 361 752 331 764 331 766 264 766 263 764 233 752 232 752 230 752 229 752 207 763 207 796"/></Shape>
	    <String CONTENT="Ce qui l’irrita auſsi bien fort, fut vn tableau de"
                    HPOS="206"
                    VPOS="752"
                    WIDTH="957"
                    HEIGHT="63"
                    WC="0.9833454144001007"></String>
          </TextLine>
          <TextLine ID="line_14"
                    TAGREFS="LT8"
                    BASELINE="146 851 1164 857" 
                    HPOS="145"
                    VPOS="813"
                    WIDTH="1019"
                    HEIGHT="61">
            <Shape><Polygon POINTS="146 851 145 863 150 869 150 870 152 870 153 870 154 870 350 863 375 870 377 870 549 871 551 871 552 871 572 865 692 873 693 873 694 873 722 866 901 866 916 874 917 874 918 874 920 874 1163 866 1164 857 1164 829 1096 819 1095 819 1051 828 1049 828 1016 828 925 827 899 816 898 816 857 816 856 816 855 816 853 816 841 825 827 816 826 816 825 816 745 816 743 816 742 816 723 827 722 827 696 827 627 824 616 815 614 815 613 815 584 815 583 815 582 815 580 815 567 825 565 827 470 827 469 825 443 815 442 815 441 815 439 815 438 815 424 825 423 825 420 825 385 813 384 813 361 813 359 813 358 813 356 813 342 824 146 824 146 851"/></Shape>
	    <String CONTENT="quatorze ſeruiteurs ſecrets de la Royne, entre"
                    HPOS="145"
                    VPOS="813"
                    WIDTH="1019"
                    HEIGHT="61"
                    WC="0.9955018590325895"></String>
          </TextLine>
          <TextLine ID="line_15"
                    TAGREFS="LT8"
                    BASELINE="142 911 1164 915" 
                    HPOS="141"
                    VPOS="871"
                    WIDTH="1023"
                    HEIGHT="63">
            <Shape><Polygon POINTS="142 911 141 920 204 931 206 931 359 923 375 931 377 931 378 931 380 931 381 931 392 923 682 933 684 933 817 924 907 924 925 934 926 934 928 934 1163 924 1164 915 1163 886 1058 884 1036 874 1035 874 1034 874 1032 874 997 884 994 885 864 885 855 882 822 873 821 873 819 873 768 881 761 882 679 882 666 880 643 873 641 873 640 873 639 873 637 873 631 878 628 882 546 882 532 877 519 873 518 873 517 873 515 873 500 877 480 882 405 882 397 876 393 871 392 871 390 871 389 871 388 871 374 876 356 881 344 876 337 871 336 871 335 871 333 871 324 874 306 881 298 874 295 871 294 871 293 871 291 871 290 871 283 874 266 882 234 882 223 873 222 871 221 871 219 871 218 871 207 873 181 878 142 873 142 911"/></Shape>
	    <String CONTENT="leſquels le Perontonoit le premier reng peints au"
                    HPOS="141"
                    VPOS="871"
                    WIDTH="1023"
                    HEIGHT="63"
                    WC="0.9811425646957086"></String>
          </TextLine>
          <TextLine ID="line_16"
                    TAGREFS="LT8"
                    BASELINE="142 973 1160 969" 
                    HPOS="141"
                    VPOS="928"
                    WIDTH="1019"
                    HEIGHT="61">
            <Shape><Polygon POINTS="142 973 142 983 599 989 601 989 602 989 618 981 620 981 621 981 660 989 662 989 663 989 665 989 674 981 675 981 715 988 716 988 897 980 913 980 914 980 937 988 939 988 940 988 941 988 970 981 989 988 990 988 992 989 1130 989 1130 988 1131 988 1160 979 1160 969 1157 942 1066 942 1050 928 1049 928 1047 928 1046 928 1045 928 1007 941 986 928 985 928 983 928 982 928 981 928 979 928 964 939 937 928 936 928 935 928 933 928 902 941 893 933 891 933 890 933 888 933 887 933 869 938 859 928 857 928 856 928 827 928 826 928 825 928 823 928 806 942 791 931 789 931 788 931 787 931 785 931 757 939 746 930 745 930 743 930 701 930 700 930 698 930 697 930 677 942 641 930 640 930 639 930 637 930 612 938 589 930 587 930 586 930 584 930 583 930 563 943 485 943 453 931 451 931 450 931 449 931 447 931 432 945 411 945 390 931 389 931 388 931 361 931 359 931 358 931 356 931 337 945 245 945 221 931 219 931 172 931 171 931 169 931 141 943 142 973"/></Shape>
	    <String CONTENT="vif auec elle. Lequel le Cheualier de la Batte¬"
                    HPOS="141"
                    VPOS="928"
                    WIDTH="1019"
                    HEIGHT="61"
                    WC="0.9816371126377836"></String>
          </TextLine>
          <TextLine ID="line_17"
                    TAGREFS="LT8"
                    BASELINE="138 1033 1163 1029" 
                    HPOS="137"
                    VPOS="1011"
                    WIDTH="1026"
                    HEIGHT="39">
            <Shape><Polygon POINTS="1154 1026 1141 1026 1127 1026 1114 1026 1100 1026 1087 1026 1073 1026 1059 1026 1046 1026 1032 1026 1019 1026 1005 1026 992 1026 978 1026 964 1026 951 1026 937 1026 924 1026 910 1026 897 1026 883 1026 869 1026 856 1026 842 1026 829 1026 815 1026 802 1026 788 1026 774 1026 761 1026 747 1026 734 1026 720 1026 707 1026 693 1026 679 1026 666 1026 652 1026 639 1026 625 1026 612 1026 598 1026 584 1026 571 1026 557 1026 544 1026 530 1026 517 1026 503 1026 489 1026 476 1026 462 1026 449 1026 435 1026 422 1026 408 1026 394 1026 381 1026 367 1026 354 1026 340 1026 327 1026 313 1026 299 1026 286 1026 272 1026 259 1026 245 1026 232 1026 218 1026 204 1026 191 1026 188 1017 137 1011 138 1033 138 1042 351 1050 352 1050 354 1050 378 1042 381 1042 390 1042 453 1048 454 1048 555 1042 589 1041 591 1042 599 1049 601 1049 602 1049 603 1050 760 1050 760 1049 796 1042 804 1041 807 1042 817 1046 818 1046 819 1046 821 1046 829 1042 834 1040 871 1042 931 1046 932 1046 967 1042 986 1040 990 1042 997 1048 998 1048 1000 1048 1001 1048 1163 1041 1163 1029 1161 1026 1154 1026"/></Shape>
	    <String CONTENT="Tene tappora vnlour (ain que roumi a diery aus"
                    HPOS="137"
                    VPOS="1011"
                    WIDTH="1026"
                    HEIGHT="39"
                    WC="0.9604423357092816"></String>
          </TextLine>
          <TextLine ID="line_18"
                    TAGREFS="LT8"
                    BASELINE="139 1088 1156 1091" 
                    HPOS="138"
                    VPOS="1045"
                    WIDTH="1018"
                    HEIGHT="62">
            <Shape><Polygon POINTS="139 1088 138 1097 145 1103 145 1105 146 1105 147 1105 149 1106 221 1106 221 1105 222 1105 223 1105 232 1098 259 1105 260 1105 261 1105 263 1105 276 1098 290 1105 291 1105 293 1105 336 1098 363 1105 365 1105 366 1105 484 1098 506 1098 519 1099 570 1105 571 1105 620 1101 647 1098 663 1101 692 1106 693 1106 764 1102 814 1099 840 1103 861 1106 863 1106 879 1103 901 1099 925 1103 939 1106 940 1107 1154 1107 1156 1091 1154 1061 1121 1061 1119 1060 1099 1046 1097 1046 1096 1046 1095 1046 1093 1046 1064 1060 1043 1046 1042 1046 1040 1046 1039 1046 1038 1046 994 1059 979 1046 978 1046 977 1046 933 1046 932 1046 931 1046 929 1046 914 1059 912 1061 883 1061 880 1059 864 1046 863 1046 861 1046 842 1046 841 1046 840 1046 838 1046 825 1059 822 1060 814 1059 772 1046 770 1046 731 1046 730 1046 728 1046 727 1046 711 1057 704 1061 650 1061 644 1057 629 1045 628 1045 627 1045 625 1045 624 1045 598 1056 593 1059 587 1056 560 1045 559 1045 557 1045 556 1045 532 1056 523 1059 489 1059 485 1056 473 1045 472 1045 470 1045 420 1045 419 1045 418 1045 399 1055 397 1056 394 1055 377 1045 375 1045 374 1045 373 1045 371 1045 361 1055 354 1060 298 1060 291 1053 280 1045 279 1045 278 1045 259 1045 257 1045 256 1045 255 1045 245 1053 237 1060 199 1060 190 1053 177 1045 176 1045 175 1045 173 1045 139 1052 139 1088"/></Shape>
	    <String CONTENT="lieu d’vn deſſein de ſa maiſon des Tuyleries,"
                    HPOS="138"
                    VPOS="1045"
                    WIDTH="1018"
                    HEIGHT="62"
                    WC="0.9996208177672492"></String>
          </TextLine>
          <TextLine ID="line_19"
                    TAGREFS="LT8"
                    BASELINE="139 1149 1157 1149" 
                    HPOS="139"
                    VPOS="1105"
                    WIDTH="1018"
                    HEIGHT="58">
            <Shape><Polygon POINTS="139 1149 139 1162 1156 1163 1157 1149 1157 1118 1107 1118 1092 1105 1091 1105 1089 1105 1066 1105 1065 1105 1064 1105 1062 1105 1051 1114 1039 1105 1038 1105 1036 1105 1035 1105 1034 1105 1015 1113 983 1105 982 1105 981 1105 979 1105 978 1105 962 1118 933 1118 883 1105 882 1105 880 1105 879 1105 878 1105 864 1117 823 1117 808 1105 807 1105 806 1105 804 1105 803 1105 774 1112 755 1105 754 1105 753 1105 751 1105 750 1105 734 1118 704 1118 686 1105 685 1105 684 1105 659 1105 658 1105 656 1105 655 1105 641 1116 617 1105 616 1105 614 1105 613 1105 612 1105 597 1116 583 1105 582 1105 580 1105 529 1105 527 1105 526 1105 502 1117 484 1105 483 1105 481 1105 480 1105 479 1105 477 1105 462 1118 446 1118 412 1105 411 1105 409 1105 408 1105 407 1105 388 1118 264 1118 240 1105 238 1105 200 1105 199 1105 198 1105 196 1105 179 1118 139 1118 139 1149"/></Shape>
	    <String CONTENT="qu’il trouua ſur le lict de l&#x27;antichambre de la Roy"
                    HPOS="139"
                    VPOS="1105"
                    WIDTH="1018"
                    HEIGHT="58"
                    WC="0.9969180927557104"></String>
          </TextLine>
          <TextLine ID="line_20"
                    TAGREFS="LT8"
                    BASELINE="134 1209 1160 1206" 
                    HPOS="133"
                    VPOS="1164"
                    WIDTH="1027"
                    HEIGHT="63">
            <Shape><Polygon POINTS="134 1209 134 1219 202 1227 203 1227 204 1227 206 1227 215 1219 217 1219 670 1219 671 1219 688 1225 689 1225 690 1225 692 1225 708 1219 712 1217 719 1219 749 1225 750 1227 791 1227 791 1225 792 1225 793 1225 803 1219 806 1217 879 1217 883 1219 899 1225 901 1225 902 1225 935 1219 936 1219 969 1225 970 1225 1159 1217 1160 1206 1159 1175 1122 1164 1121 1164 1119 1164 1118 1164 1116 1164 1103 1175 1102 1177 1049 1177 1047 1175 1021 1164 1020 1164 1019 1164 1017 1164 990 1175 977 1164 975 1164 974 1164 951 1164 950 1164 948 1164 947 1164 933 1175 932 1177 808 1177 808 1175 785 1168 784 1168 783 1168 781 1168 755 1175 717 1164 716 1164 715 1164 713 1164 712 1164 697 1175 697 1177 692 1177 575 1177 563 1166 561 1166 560 1166 527 1166 526 1166 525 1166 523 1166 511 1175 500 1166 499 1166 498 1166 443 1166 442 1166 441 1166 439 1166 426 1177 424 1178 389 1178 386 1177 342 1166 340 1166 339 1166 314 1177 298 1166 297 1166 295 1166 225 1166 223 1166 222 1166 221 1166 207 1177 207 1178 133 1178 134 1209"/></Shape>
	    <String CONTENT="ne, &amp; l’enleua ſubtilement, logeaut en ſa place le"
                    HPOS="133"
                    VPOS="1164"
                    WIDTH="1027"
                    HEIGHT="63"
                    WC="0.9928792798519135"></String>
          </TextLine>
          <TextLine ID="line_21"
                    TAGREFS="LT8"
                    BASELINE="138 1265 1160 1267" 
                    HPOS="137"
                    VPOS="1225"
                    WIDTH="1023"
                    HEIGHT="64">
            <Shape><Polygon POINTS="138 1265 137 1274 150 1282 152 1282 153 1282 154 1282 214 1276 306 1286 308 1286 309 1286 325 1278 399 1286 400 1286 401 1286 403 1286 418 1276 546 1276 563 1286 564 1286 565 1286 567 1286 618 1277 716 1286 717 1286 719 1286 742 1277 825 1277 947 1288 948 1288 1042 1277 1057 1288 1058 1288 1059 1288 1061 1289 1097 1289 1097 1288 1099 1288 1100 1288 1112 1277 1159 1276 1160 1267 1159 1238 1068 1229 1066 1229 1065 1229 1049 1236 1026 1227 1024 1227 1023 1227 964 1236 962 1236 959 1236 907 1229 906 1229 905 1229 903 1229 895 1236 894 1238 738 1238 735 1236 711 1227 709 1227 679 1227 678 1227 677 1227 675 1227 665 1236 662 1236 571 1236 571 1235 544 1225 542 1225 514 1225 513 1225 511 1225 510 1225 499 1235 457 1225 456 1225 454 1225 422 1235 420 1236 362 1236 361 1235 348 1225 347 1225 346 1225 344 1225 343 1225 314 1235 312 1236 255 1236 252 1235 236 1225 234 1225 233 1225 138 1234 138 1265"/></Shape>
	    <String CONTENT="tableau, lequel toſt apres fut veu au grand regret"
                    HPOS="137"
                    VPOS="1225"
                    WIDTH="1023"
                    HEIGHT="64"
                    WC="0.9959435713291168"></String>
          </TextLine>
          <TextLine ID="line_22"
                    TAGREFS="LT8"
                    BASELINE="137 1323 1159 1327" 
                    HPOS="135"
                    VPOS="1282"
                    WIDTH="1024"
                    HEIGHT="55">
            <Shape><Polygon POINTS="137 1323 135 1333 1156 1337 1159 1327 1157 1297 997 1289 996 1289 994 1289 981 1296 925 1296 893 1296 861 1285 860 1285 859 1285 823 1292 815 1285 815 1284 814 1284 812 1284 781 1284 780 1284 779 1284 777 1284 765 1295 749 1284 747 1284 746 1284 720 1284 719 1284 717 1284 716 1284 703 1295 703 1296 599 1296 598 1295 564 1284 563 1284 561 1284 560 1284 559 1284 546 1295 545 1296 526 1296 525 1295 508 1284 507 1284 506 1284 504 1284 503 1284 472 1293 442 1282 441 1282 439 1282 438 1282 413 1293 413 1295 327 1295 325 1293 312 1282 310 1282 309 1282 286 1282 285 1282 283 1282 282 1282 270 1293 233 1282 232 1282 230 1282 229 1282 204 1293 203 1293 202 1293 169 1282 168 1282 166 1282 165 1282 137 1292 137 1323"/></Shape>
	    <String CONTENT="de la Dame &amp; detriment de ſa bonne renom¬"
                    HPOS="135"
                    VPOS="1282"
                    WIDTH="1024"
                    HEIGHT="55"
                    WC="0.9876113708426313"></String>
          </TextLine>
          <TextLine ID="line_23"
                    TAGREFS="LT8"
                    BASELINE="137 1383 279 1383" 
                    HPOS="137"
                    VPOS="1350"
                    WIDTH="142"
                    HEIGHT="48">
            <Shape><Polygon POINTS="137 1383 137 1391 146 1398 147 1398 149 1398 150 1398 279 1390 279 1383 279 1362 153 1350 152 1350 150 1350 149 1350 137 1358 137 1383"/></Shape>
	    <String CONTENT="mee."
                    HPOS="137"
                    VPOS="1350"
                    WIDTH="142"
                    HEIGHT="48"
                    WC="0.9990784525871277"></String>
          </TextLine>
        </TextBlock>
        <TextBlock HPOS="1103.0"
                   VPOS="105.0"
                   WIDTH="76.0"
                   HEIGHT="55.0"
                   ID="block_5"
                   TAGREFS="BT15">
          <Shape><Polygon POINTS="1179 105 1179 160 1103 160 1103 105"/></Shape>
          <TextLine ID="line_1"
                    TAGREFS="LT8"
                    BASELINE="1100 139 1172 139" 
                    HPOS="1100"
                    VPOS="124"
                    WIDTH="72"
                    HEIGHT="38">
            <Shape><Polygon POINTS="1168 124 1154 124 1141 124 1127 124 1114 124 1100 124 1100 139 1100 155 1115 162 1116 162 1118 162 1119 162 1138 154 1140 154 1141 154 1159 162 1160 162 1161 162 1163 162 1164 162 1172 155 1172 139 1172 124 1168 124"/></Shape>
	    <String CONTENT="213"
                    HPOS="1100"
                    VPOS="124"
                    WIDTH="72"
                    HEIGHT="38"
                    WC="0.9999949932098389"></String>
          </TextLine>
        </TextBlock>
        <TextBlock HPOS="128.0"
                   VPOS="1411.0"
                   WIDTH="1041.0"
                   HEIGHT="100.0"
                   ID="eSc_textblock_3b90e382"
                   TAGREFS="BT100008">
          <Shape><Polygon POINTS="128 1411 128 1511 1169 1511 1169 1411"/></Shape>
          <TextLine ID="line_25"
                    TAGREFS="LT8"
                    BASELINE="135 1441 1161 1444" 
                    HPOS="134"
                    VPOS="1398"
                    WIDTH="1027"
                    HEIGHT="66">
            <Shape><Polygon POINTS="135 1441 134 1451 188 1463 190 1463 261 1453 380 1463 381 1463 443 1453 495 1463 496 1463 548 1455 565 1463 567 1463 568 1464 594 1464 594 1463 595 1463 597 1463 609 1453 696 1460 697 1460 728 1455 741 1464 742 1464 743 1464 745 1464 819 1455 978 1461 979 1461 981 1461 1009 1455 1160 1455 1161 1444 1161 1411 1138 1399 1137 1399 1111 1399 1110 1399 1108 1399 1107 1399 1095 1408 1083 1399 1081 1399 1080 1399 1042 1399 1040 1399 1039 1399 1038 1399 1027 1408 974 1411 964 1404 963 1404 962 1404 960 1404 935 1408 922 1399 921 1399 920 1399 878 1399 876 1399 875 1399 874 1399 863 1408 829 1399 827 1399 826 1399 825 1399 798 1411 798 1413 681 1413 681 1411 650 1398 648 1398 647 1398 646 1398 612 1411 371 1411 359 1400 358 1400 356 1400 355 1400 354 1400 352 1400 342 1408 328 1398 327 1398 325 1398 324 1398 190 1410 187 1410 156 1398 154 1398 153 1398 152 1398 150 1398 135 1407 135 1441"/></Shape>
	    <String CONTENT="Le pol. Mais pourquoy eſt -ce que la Battereſſe fit"
                    HPOS="134"
                    VPOS="1398"
                    WIDTH="1027"
                    HEIGHT="66"
                    WC="0.9629316972751244"></String>
          </TextLine>
          <TextLine ID="line_26"
                    TAGREFS="LT8"
                    BASELINE="135 1502 374 1501" 
                    HPOS="134"
                    VPOS="1461"
                    WIDTH="240"
                    HEIGHT="48">
            <Shape><Polygon POINTS="135 1502 135 1509 373 1507 374 1501 371 1474 310 1461 309 1461 308 1461 306 1461 306 1463 295 1472 252 1464 251 1464 218 1471 209 1464 207 1464 206 1464 204 1464 203 1464 202 1464 192 1472 154 1465 153 1465 152 1465 134 1472 135 1502"/></Shape>
	    <String CONTENT="ce tour-là."
                    HPOS="134"
                    VPOS="1461"
                    WIDTH="240"
                    HEIGHT="48"
                    WC="0.9861578842004141"></String>
          </TextLine>
        </TextBlock>
        <TextBlock HPOS="129.0"
                   VPOS="1518.0"
                   WIDTH="1030.0"
                   HEIGHT="351.0"
                   ID="block_1"
                   TAGREFS="BT100008">
          <Shape><Polygon POINTS="1159 1518 1159 1869 129 1869 129 1518"/></Shape>
          <TextLine ID="line_28"
                    TAGREFS="LT8"
                    BASELINE="134 1559 1156 1562" 
                    HPOS="133"
                    VPOS="1513"
                    WIDTH="1023"
                    HEIGHT="66">
            <Shape><Polygon POINTS="134 1559 133 1567 138 1573 138 1574 139 1574 141 1574 142 1574 176 1569 207 1577 209 1577 210 1577 272 1567 312 1567 331 1577 332 1577 333 1577 335 1577 354 1567 575 1577 576 1577 731 1569 736 1569 739 1569 799 1578 800 1579 874 1579 874 1578 875 1578 876 1578 887 1569 888 1569 894 1569 958 1578 959 1578 1154 1570 1156 1562 1156 1525 1131 1514 1130 1514 1129 1514 1127 1514 1126 1514 1114 1524 1089 1517 1088 1517 1087 1517 1085 1517 1084 1517 1074 1525 1069 1531 1032 1531 1026 1525 1011 1514 1009 1514 1008 1514 918 1514 917 1514 916 1514 914 1514 901 1525 895 1531 807 1531 793 1526 753 1514 751 1514 750 1514 749 1514 747 1514 734 1526 728 1529 685 1526 632 1522 631 1522 597 1526 582 1528 579 1526 563 1513 561 1513 560 1513 504 1513 503 1513 502 1513 500 1513 484 1526 481 1529 431 1529 428 1526 413 1520 412 1520 411 1520 409 1520 408 1520 397 1526 393 1528 359 1528 359 1526 331 1514 329 1514 328 1514 327 1514 325 1514 306 1526 304 1529 271 1529 270 1526 252 1513 251 1513 249 1513 248 1513 247 1513 228 1520 176 1513 175 1513 173 1513 134 1526 134 1559"/></Shape>
	    <String CONTENT="L’hiſt. On m’a dict que ce ſut par deſpit, &amp; à"
                    HPOS="133"
                    VPOS="1513"
                    WIDTH="1023"
                    HEIGHT="66"
                    WC="0.995737058051089"></String>
          </TextLine>
          <TextLine ID="line_29"
                    TAGREFS="LT8"
                    BASELINE="133 1616 1153 1620" 
                    HPOS="131"
                    VPOS="1575"
                    WIDTH="1022"
                    HEIGHT="61">
            <Shape><Polygon POINTS="133 1616 131 1624 149 1634 150 1634 152 1635 242 1635 242 1634 244 1634 245 1634 255 1627 279 1634 280 1634 282 1634 323 1627 491 1634 492 1634 541 1628 551 1635 552 1635 553 1635 555 1635 779 1628 852 1636 853 1636 1152 1628 1153 1620 1152 1589 1058 1589 1058 1588 1046 1578 1045 1578 1043 1578 1011 1578 1009 1578 1008 1578 1007 1578 998 1586 977 1578 975 1578 974 1578 973 1578 955 1588 952 1589 918 1588 810 1582 808 1582 774 1588 769 1588 754 1577 753 1577 751 1577 750 1577 749 1577 715 1588 711 1588 690 1588 666 1586 655 1577 654 1577 652 1577 613 1577 612 1577 610 1577 609 1577 597 1586 595 1589 536 1589 533 1586 519 1577 518 1577 517 1577 515 1577 451 1586 450 1586 432 1575 431 1575 430 1575 428 1575 427 1575 403 1583 393 1575 392 1575 390 1575 389 1575 388 1575 359 1583 331 1575 329 1575 328 1575 327 1575 325 1575 316 1583 290 1575 289 1575 287 1575 286 1575 256 1586 255 1586 252 1586 223 1575 222 1575 221 1575 219 1575 218 1575 206 1586 204 1586 133 1586 133 1616"/></Shape>
	    <String CONTENT="cauſe de la ialouſie qu’il auoit conceu de ſe voir"
                    HPOS="131"
                    VPOS="1575"
                    WIDTH="1022"
                    HEIGHT="61"
                    WC="0.991589037179947"></String>
          </TextLine>
          <TextLine ID="line_30"
                    TAGREFS="LT8"
                    BASELINE="137 1678 1150 1676" 
                    HPOS="135"
                    VPOS="1632"
                    WIDTH="1015"
                    HEIGHT="65">
            <Shape><Polygon POINTS="137 1678 137 1697 190 1688 221 1696 222 1696 223 1696 261 1688 514 1688 522 1695 523 1696 525 1696 526 1696 527 1696 529 1696 530 1696 532 1695 541 1689 589 1693 617 1696 618 1696 651 1693 720 1687 753 1692 768 1695 769 1695 785 1692 812 1687 822 1692 826 1695 827 1695 829 1695 830 1695 856 1691 880 1688 886 1691 890 1695 891 1695 893 1695 894 1695 1149 1688 1150 1676 1148 1646 1034 1632 1032 1632 1031 1632 1030 1632 1015 1644 1000 1638 998 1638 997 1638 964 1644 952 1635 951 1635 950 1635 948 1635 947 1635 945 1635 933 1646 901 1646 886 1632 884 1632 883 1632 850 1632 849 1632 848 1632 817 1644 785 1632 784 1632 783 1632 781 1632 755 1646 719 1646 686 1632 685 1632 684 1632 682 1632 681 1632 666 1646 635 1647 589 1647 568 1634 567 1634 565 1634 564 1634 563 1634 517 1646 470 1634 469 1634 468 1634 466 1634 465 1634 450 1647 380 1647 351 1634 350 1634 290 1634 289 1634 287 1634 252 1646 200 1634 199 1634 198 1634 196 1634 184 1644 135 1647 137 1678"/></Shape>
	    <String CONTENT="poſtpoſé à tant de vilains, de voir ſdi-ieo qu’il n’a"
                    HPOS="135"
                    VPOS="1632"
                    WIDTH="1015"
                    HEIGHT="65"
                    WC="0.9863326332785867"></String>
          </TextLine>
          <TextLine ID="line_31"
                    TAGREFS="LT8"
                    BASELINE="133 1734 1150 1737" 
                    HPOS="131"
                    VPOS="1696"
                    WIDTH="1019"
                    HEIGHT="58">
            <Shape><Polygon POINTS="133 1734 131 1742 219 1753 221 1753 314 1745 639 1745 783 1753 784 1753 785 1753 804 1746 844 1754 845 1754 1039 1746 1087 1754 1088 1754 1089 1754 1091 1754 1106 1746 1149 1746 1150 1737 1149 1708 1032 1700 1031 1700 959 1707 955 1707 952 1707 909 1697 907 1697 906 1697 876 1704 819 1697 818 1697 817 1697 815 1697 804 1707 803 1707 799 1707 732 1697 731 1697 689 1707 685 1707 682 1707 662 1699 660 1699 659 1699 618 1705 594 1696 593 1696 591 1696 590 1696 570 1705 570 1707 416 1707 413 1705 373 1696 371 1696 324 1705 320 1705 133 1705 133 1734"/></Shape>
	    <String CONTENT="uoit peu eſtre receu en meſme chafge auec ces"
                    HPOS="131"
                    VPOS="1696"
                    WIDTH="1019"
                    HEIGHT="58"
                    WC="0.9917169173558553"></String>
          </TextLine>
          <TextLine ID="line_32"
                    TAGREFS="LT8"
                    BASELINE="133 1792 1150 1796" 
                    HPOS="131"
                    VPOS="1752"
                    WIDTH="1019"
                    HEIGHT="63">
            <Shape><Polygon POINTS="133 1792 131 1803 143 1811 145 1811 146 1811 147 1811 257 1804 397 1811 399 1811 400 1811 401 1811 409 1806 416 1811 418 1811 419 1811 420 1811 776 1806 840 1814 841 1815 1095 1815 1095 1814 1149 1806 1150 1796 1149 1767 937 1754 936 1754 864 1765 857 1765 853 1765 811 1753 810 1753 762 1753 761 1753 760 1753 758 1753 745 1764 742 1764 698 1762 688 1753 686 1753 685 1753 684 1753 635 1764 632 1764 409 1764 408 1762 358 1752 356 1752 355 1752 325 1762 324 1762 133 1762 133 1792"/></Shape>
	    <String CONTENT="quatorze, luy qui comme bon &amp; beau eſtalon pen"
                    HPOS="131"
                    VPOS="1752"
                    WIDTH="1019"
                    HEIGHT="63"
                    WC="0.9954835539278777"></String>
          </TextLine>
          <TextLine ID="line_33"
                    TAGREFS="LT8"
                    BASELINE="135 1853 670 1853" 
                    HPOS="134"
                    VPOS="1804"
                    WIDTH="535"
                    HEIGHT="67">
            <Shape><Polygon POINTS="134 1851 134 1867 667 1871 669 1810 635 1804 622 1816 598 1804 590 1804 576 1818 453 1818 421 1804 413 1804 401 1818 364 1818 360 1814 331 1804 270 1816 228 1804 219 1804 209 1814 199 1804 140 1804 134 1812 134 1851"/></Shape>
	    <String CONTENT="ſoit l’auoir mieux meriré."
                    HPOS="134"
                    VPOS="1804"
                    WIDTH="535"
                    HEIGHT="67"
                    WC="0.9998651257267704"></String>
          </TextLine>
        </TextBlock>
        <TextBlock HPOS="122.0"
                   VPOS="1874.0"
                   WIDTH="1033.0"
                   HEIGHT="186.0"
                   ID="block_2"
                   TAGREFS="BT100005">
          <Shape><Polygon POINTS="1155 1874 1155 2060 122 2060 122 1874"/></Shape>
          <TextLine ID="line_34"
                    TAGREFS="LT8"
                    BASELINE="192 1912 1152 1914" 
                    HPOS="191"
                    VPOS="1864"
                    WIDTH="961"
                    HEIGHT="67">
            <Shape><Polygon POINTS="192 1912 191 1920 221 1928 222 1928 223 1928 608 1922 618 1929 620 1929 621 1929 751 1931 753 1931 1150 1922 1152 1914 1152 1880 1125 1867 1123 1867 1122 1867 1068 1879 1066 1879 1065 1879 1053 1868 1053 1867 1051 1867 1050 1867 1027 1867 1026 1867 1024 1867 1023 1867 1011 1878 1008 1879 958 1879 956 1876 945 1868 945 1867 944 1867 943 1867 941 1867 940 1867 918 1876 910 1879 901 1876 882 1870 880 1870 879 1870 878 1870 876 1870 869 1875 865 1879 845 1875 825 1871 823 1871 822 1871 821 1871 817 1875 810 1880 739 1880 731 1872 724 1867 723 1867 722 1867 720 1867 673 1872 622 1878 613 1871 608 1866 606 1866 605 1866 603 1866 602 1866 601 1866 594 1871 583 1878 502 1870 466 1866 465 1866 464 1866 462 1866 460 1868 449 1878 374 1878 346 1866 343 1866 342 1866 340 1866 339 1866 337 1866 308 1878 294 1866 293 1866 291 1866 272 1866 271 1866 270 1866 268 1866 251 1878 237 1866 236 1866 234 1866 192 1864 192 1912"/></Shape>
	    <String CONTENT="Ceſte ſuppoſition de rableau anuenima fort la"
                    HPOS="191"
                    VPOS="1864"
                    WIDTH="961"
                    HEIGHT="67"
                    WC="0.983996703227361"></String>
          </TextLine>
          <TextLine ID="line_35"
                    TAGREFS="LT8"
                    BASELINE="133 1967 1150 1973" 
                    HPOS="131"
                    VPOS="1927"
                    WIDTH="1019"
                    HEIGHT="67">
            <Shape><Polygon POINTS="133 1967 131 1978 180 1979 194 1990 195 1990 196 1990 198 1990 242 1981 462 1988 464 1988 546 1982 561 1992 563 1992 564 1992 565 1992 646 1986 735 1993 736 1993 808 1992 810 1992 811 1992 821 1983 822 1983 826 1983 951 1994 952 1994 1064 1985 1070 1985 1072 1985 1083 1994 1084 1994 1085 1994 1087 1994 1088 1994 1089 1994 1099 1986 1138 1994 1140 1994 1141 1994 1142 1994 1149 1986 1150 1973 1150 1943 1097 1931 1096 1931 1043 1940 1036 1941 1030 1940 994 1931 993 1931 992 1931 933 1939 912 1941 905 1939 886 1929 884 1929 796 1929 795 1929 793 1929 766 1936 750 1940 745 1936 736 1929 735 1929 734 1929 732 1929 731 1929 730 1929 723 1936 719 1939 673 1940 575 1940 561 1933 552 1928 551 1928 504 1928 503 1928 502 1928 492 1932 477 1939 460 1931 451 1928 450 1928 449 1928 447 1928 437 1931 407 1939 199 1939 133 1927 133 1967"/></Shape>
	    <String CONTENT="Royne contre les Huguenots, qu&#x27;ellecuydoit luy"
                    HPOS="131"
                    VPOS="1927"
                    WIDTH="1019"
                    HEIGHT="67"
                    WC="0.9853660943715469"></String>
          </TextLine>
          <TextLine ID="line_36"
                    TAGREFS="LT8"
                    BASELINE="133 2027 521 2028" 
                    HPOS="132"
                    VPOS="1983"
                    WIDTH="387"
                    HEIGHT="65">
            <Shape><Polygon POINTS="132 2026 132 2044 517 2048 519 2026 519 1995 215 1983 213 1983 132 1993 132 2026"/></Shape>
	    <String CONTENT="auoir ioué ce tour."
                    HPOS="132"
                    VPOS="1983"
                    WIDTH="387"
                    HEIGHT="65"
                    WC="0.9988182753324508"></String>
          </TextLine>
        </TextBlock>
        <TextBlock HPOS="544.0"
                   VPOS="2314.0"
                   WIDTH="285.0"
                   HEIGHT="80.0"
                   ID="eSc_textblock_e9333fd2"
                   TAGREFS="BT9">
          <Shape><Polygon POINTS="544 2314 544 2394 829 2394 829 2314"/></Shape>
        </TextBlock>
      </PrintSpace>
    </Page>
  </Layout>
</alto>
