1436 2444
150 162 1036 63 gez en telle gloire? comme leur eſt eſcheuë leur

153 225 572 60 portion parmi les Saincts?

237 281 950 62 Quant aux areſts de Charles & de ſon parle¬

148 361 1040 38 Iene del arie, doure cotse PxiumtaiDisquemaus

146 400 1041 60 & Cauagnes, nous les auons declarez & declarõs

146 458 1042 62 iniquement, iniuſtement, & deſloyalement faits &

146 517 1041 61 donnez, & ſur fauſſes, deſloyales & impudentes ca

146 577 1041 62 lomnies, leſquelles les peruers ont accouſtumé

148 636 1050 63 de prendre pour pretexte de leur cruautez, ainſi

148 696 1040 60 qu’il appert euidemmẽt en vn ſeul exemple pour

148 754 1039 57 tous: ſcauoir eſt, en la mort cruelle & ignominieu

148 811 1038 60 ſe que les Preſtres de la loy, les Scribes & Phari¬

148 871 1038 60 ſiens, voire le grãd Sacrificateur meſme, & le peu¬

153 928 1033 61 ple de Ieruſalẽ, ont fait ſouffrir à noſtre Seigneur

145 985 1043 63 Ieſus Chriſt autheur de vie, le pendant entre deux

148 1048 1042 59 larrons en croix, luy impoſant qu’il eſtoit vn ſedu

145 1105 1043 62 cteur & perturbateur d’eſtat, & qu’il ſe vouloit

145 1166 1039 62 faire Roy, quoy qu’il marchaſt en toute manſue¬

146 1224 1042 55 tude & debonnaireté, faiſant au benefice de la na¬

148 1284 1039 53 tion des Iuifs des continuels miracles deuãt leurs

149 1344 1035 58 yeux, & n’eſtant venu que pour leur conuerſion&

146 1398 1042 64 ſalut. Or le diſciple n’eſt pas par deſſus le mai¬

148 1460 1036 63 ſtre, s’ils l’ont perſecuté, auſsi vous perſecuterõt¬

145 1517 1042 64 ils. Au reſte, entant que touche ceſte perſecution

149 1577 1038 61 (du mois d’Aouſt & depuis en ça, faite ſur l’Ami

148 1636 1036 54 ral & ſur les autres fideles) nous auons dit & di¬

148 1695 1038 64 ſons, que c’eſt la plus horrible, la plus eſtrange &

148 1754 1038 64 deteſtable conſpiration, la trahiſon la plus pol¬

148 1815 1038 61 tronnemẽt menee, la deſloyauté proiettee de plus

148 1869 1032 65 loĩ, & le maſſacre le plus barbare, qui ait eſté ouy

148 1929 1035 62 dés que Cain en trahiſon tua ſon frere Abel le iu

148 1990 1029 64 ſte iuſques à maintenant. Et ne ſachant trouuer

364 99 566 48 DIAESOVE I.

1120 120 19 27 A

906 2050 91 57 I.V.
