1450 2435
326 208 1000 77 mes au poing, les yeux au ciel, at¬

328 288 1006 74 tendans ſecours de Treshaut pour

330 366 1007 73 la laſcheté de leurs freres. Il ne reſte

331 457 1007 75 plus (tres-illuſtres Princes & nation

330 542 1002 76 tres fameuſe) ſinon que vous pre¬

330 626 1007 63 niez en bonne part la hardieſſe de

333 707 1001 76 laquelle i’ay vle en voſtre endroit,

333 796 999 71 vous offrant ceſte tragique peintu¬

330 884 1007 68 re tracee au moins mal que i’ay peu.

333 956 991 77 Ma plume ne ſcautoit reſpondre

333 1042 884 67 Au forfaict tant eſt inhumain:

331 1126 1013 75 Mais elle vous peut bien ſemondre

331 1212 825 71 A le venger de voſtre inain.

657 117 323 62 EPISTRE.

343 1289 1000 75 A tout le moins (tres-illuſtres

334 1385 1009 70 Princes; magnanimes Seigneurs,

335 1462 1017 69 vertueux Gentils homes, faites en

333 1547 1016 73 ſorte que ces tigres tat inhumains

334 1628 1021 77 que Dieu a par ſa prouidẽce trainé

334 1712 1019 73 &mis entre vos mains ne voꝰ eſchap

337 1793 1020 75 pet nullemet: Et les tenez ſerrez, de

334 1880 1019 74 ſorte qu’ils ne nuiſent à vos voiſins:

339 1966 1021 75 vous gardans en toutes façons de

1202 2046 157 67 leurs
