1414 2432
173 154 1019 67 pagne, la cõbatre, & de là ſingler à la Fleſsinghe,

174 216 1021 65 pour ſe ioindre au prince d’Orenge, & faire la

171 278 513 59 guerre à ieu deſcouuert.

221 332 974 69 Qu'à ceſte occaſion, le prince d’Orenge a en¬

167 394 1025 65 uoyé par l’auis du Roy, de l’argent pour payer les

162 451 1028 63 nauires & galeres à Stroſſy, qui eſt de la meilleu¬

164 510 465 53 re volonté du monde.

381 94 567 50 DIAEOOVDI.

205 567 983 66 Quant à ſon faict, & querelle particuliere auec

160 628 1033 61 le duc de Guyſe, le Roy les auoit mis d’accord, &

155 686 1030 59 fait iurer l'vn & l’autre entre les mains, de ne ſe re

154 767 1030 39 cereſſer que d’aitie, Mais que ce mraculeua mna

151 802 1031 65 riage de Madame, que le Roy donne (ce dit-il) no

156 860 1025 66 pas au prince de Nauarre, ains à tous les Hugue¬

151 926 1027 54 nots à femme, pour ſe marier comme auec eux,e¬

147 975 1034 66 ſtant le comble de toute ſeureté &repos: le faiſoit

151 1039 1029 63 prier ce gentil homme & tout autre, que s’ils luy

150 1097 1027 64 vouloyẽt faire plaiſir, qu’ils ne luy parlaſſent plus

145 1153 1036 67 de ces faſcheuſes choſes du paſſé, qu’ils ſe conten

145 1216 1031 59 taſſent de prier Dieu, & le remercier de la grace

143 1271 1035 65 qu’il leur auoit daigné faire, d’amener les choſes

145 1329 428 62 à vn ſi paiſible eſtat.

1143 117 52 41 42

196 1390 982 63 Or le prince de Nauarre (fait Roy par la mort

143 1448 1033 63 de ſa mere) & le prince de Condé en ces entrefai

140 1509 1030 52 tes, ſollicitez & aſſeurez de toutes parts de venir à

137 1565 1036 65 la cour, vindrent à la fin trouuer le Roy à Paris,

139 1626 1026 61 où il s’eſtoit remué, pour y faire celebrer les no¬

135 1684 1034 62 ces de ſa ſœur: Pluſieurs Seigneurs, Barons, &

136 1746 1030 63 gencils hommes Huguenots, y accompagnerent

133 1802 1028 65 le roy de Nauarre, & le prince de Condé, au de¬

135 1879 1026 46 uanc deiquels preique tonte la cour valla; Ils y

132 1918 1029 62 furent recueillis du Roy, de ſa mere, & de ſes fre¬

132 1979 1023 66 res, & des autres Princes, de Madame, & des prin¬
