<?xml version="1.0" encoding="UTF-8"?>
<alto xmlns:xsi="http://www.w3.org/2001/XMLSchema-instance"
      xmlns="http://www.loc.gov/standards/alto/ns-v4#"
      xsi:schemaLocation="http://www.loc.gov/standards/alto/ns-v4# http://www.loc.gov/standards/alto/v4/alto-4-2.xsd">
  <Description>
    <MeasurementUnit>pixel</MeasurementUnit>
    <sourceImageInformation>
      <fileName>page_00047.png</fileName>
      <fileIdentifier>mets//page_00002.zip/page_00047.png</fileIdentifier>
    </sourceImageInformation>
  </Description>
  <Tags>
    <OtherTag ID="BT7" LABEL="CustomZone" DESCRIPTION="block type CustomZone"/><OtherTag ID="BT8" LABEL="DamageZone" DESCRIPTION="block type DamageZone"/><OtherTag ID="BT9" LABEL="DigitizationArtefactZone" DESCRIPTION="block type DigitizationArtefactZone"/><OtherTag ID="BT10" LABEL="DropCapitalZone" DESCRIPTION="block type DropCapitalZone"/><OtherTag ID="BT11" LABEL="GraphicZone" DESCRIPTION="block type GraphicZone"/><OtherTag ID="BT12" LABEL="MainZone" DESCRIPTION="block type MainZone"/><OtherTag ID="BT13" LABEL="MarginTextZone" DESCRIPTION="block type MarginTextZone"/><OtherTag ID="BT14" LABEL="MusicZone" DESCRIPTION="block type MusicZone"/><OtherTag ID="BT15" LABEL="NumberingZone" DESCRIPTION="block type NumberingZone"/><OtherTag ID="BT17" LABEL="QuireMarksZone" DESCRIPTION="block type QuireMarksZone"/><OtherTag ID="BT18" LABEL="RunningTitleZone" DESCRIPTION="block type RunningTitleZone"/><OtherTag ID="BT19" LABEL="SealZone" DESCRIPTION="block type SealZone"/><OtherTag ID="BT20" LABEL="StampZone" DESCRIPTION="block type StampZone"/><OtherTag ID="BT21" LABEL="TableZone" DESCRIPTION="block type TableZone"/><OtherTag ID="BT22" LABEL="TitlePageZone" DESCRIPTION="block type TitlePageZone"/><OtherTag ID="BT100001" LABEL="MainZone-Head" DESCRIPTION="block type MainZone-Head"/><OtherTag ID="BT100005" LABEL="MainZone-P" DESCRIPTION="block type MainZone-P"/><OtherTag ID="BT100006" LABEL="MainZone-Continued" DESCRIPTION="block type MainZone-Continued"/><OtherTag ID="BT100008" LABEL="MainZone-Sp" DESCRIPTION="block type MainZone-Sp"/><OtherTag ID="BT100002" LABEL="MainZone-Lg" DESCRIPTION="block type MainZone-Lg"/><OtherTag ID="BT100014" LABEL="MainZone-ListItem" DESCRIPTION="block type MainZone-ListItem"/>
    <OtherTag ID="LT7" LABEL="CustomLine" DESCRIPTION="line type CustomLine"/><OtherTag ID="LT8" LABEL="DefaultLine" DESCRIPTION="line type DefaultLine"/><OtherTag ID="LT9" LABEL="DropCapitalLine" DESCRIPTION="line type DropCapitalLine"/><OtherTag ID="LT10" LABEL="HeadingLine" DESCRIPTION="line type HeadingLine"/><OtherTag ID="LT11" LABEL="InterlinearLine" DESCRIPTION="line type InterlinearLine"/><OtherTag ID="LT12" LABEL="MusicLine" DESCRIPTION="line type MusicLine"/><OtherTag ID="LT765" LABEL="default" DESCRIPTION="line type default"/>
  </Tags>
  <Layout>
    <Page WIDTH="1456"
          HEIGHT="2445"
          PHYSICAL_IMG_NR="46"
          ID="eSc_dummypage_">
      <PrintSpace HPOS="0"
                  VPOS="0"
                  WIDTH="1456"
                  HEIGHT="2445">
        <TextBlock HPOS="282.0"
                   VPOS="105.0"
                   WIDTH="42.0"
                   HEIGHT="60.0"
                   ID="block_3"
                   TAGREFS="BT15">
          <Shape><Polygon POINTS="324 105 324 165 282 165 282 105"/></Shape>
          <TextLine ID="line_0"
                    TAGREFS="LT8"
                    BASELINE="285 154 322 152" 
                    HPOS="281"
                    VPOS="99"
                    WIDTH="41"
                    HEIGHT="62">
            <Shape><Polygon POINTS="285 154 285 161 322 160 322 152 318 104 296 99 295 99 293 99 281 104 285 154"/></Shape>
	    <String CONTENT="8"
                    HPOS="281"
                    VPOS="99"
                    WIDTH="41"
                    HEIGHT="62"
                    WC="0.9999984502792358"></String>
          </TextLine>
        </TextBlock>
        <TextBlock HPOS="256.0"
                   VPOS="175.0"
                   WIDTH="1069.0"
                   HEIGHT="357.0"
                   ID="eSc_textblock_19511ed1"
                   TAGREFS="BT100005">
          <Shape><Polygon POINTS="256 188 260 532 1325 532 1319 175"/></Shape>
          <TextLine ID="line_2"
                    TAGREFS="LT8"
                    BASELINE="333 224 751 218 1307 221" 
                    HPOS="331"
                    VPOS="179"
                    WIDTH="976"
                    HEIGHT="60">
            <Shape><Polygon POINTS="1296 218 1283 218 1269 218 1256 218 1242 218 1228 218 1215 218 1201 218 1188 218 1174 218 1160 218 1147 218 1133 218 1120 218 1106 218 1093 218 1079 218 1065 218 1052 218 1038 218 1025 218 1011 218 997 218 984 218 970 218 957 218 943 218 929 218 916 218 902 218 889 218 886 206 874 203 791 179 789 179 788 179 685 190 664 179 663 179 662 179 554 187 543 179 542 179 541 179 481 179 479 179 414 188 357 179 356 179 354 179 353 179 353 180 331 198 333 224 333 230 425 239 426 239 428 239 429 239 437 230 439 230 508 230 509 230 516 237 517 237 519 237 520 237 553 230 556 230 561 230 636 239 637 239 638 239 656 230 799 230 1133 230 1152 237 1154 237 1155 237 1192 229 1193 229 1194 229 1261 236 1262 236 1306 228 1307 221 1306 218 1296 218"/></Shape>
	    <String CONTENT="Apres Henry, le meſme ſeu ootuuu ioue irau"
                    HPOS="331"
                    VPOS="179"
                    WIDTH="976"
                    HEIGHT="60"
                    WC="0.9899253646532694"></String>
          </TextLine>
          <TextLine ID="line_3"
                    TAGREFS="LT8"
                    BASELINE="278 281 1309 278" 
                    HPOS="277"
                    VPOS="239"
                    WIDTH="1032"
                    HEIGHT="61">
            <Shape><Polygon POINTS="1174 241 1160 241 1152 241 1151 243 1146 248 986 248 969 244 948 241 943 241 929 241 916 241 902 241 891 241 864 245 855 247 852 245 846 241 834 241 821 241 807 241 796 241 784 247 781 248 705 248 690 247 643 241 630 241 617 241 611 241 604 248 592 248 541 248 539 248 531 241 522 241 508 241 494 241 489 241 469 248 469 249 459 249 373 249 335 239 334 239 333 239 277 249 278 281 278 300 335 290 501 290 530 297 541 300 542 300 543 300 564 297 609 290 647 296 674 300 675 300 677 300 678 300 682 296 690 290 735 290 751 294 768 300 769 300 770 300 772 300 787 294 802 289 967 292 1265 298 1267 298 1268 298 1309 287 1309 278 1305 243 1193 247 1181 243 1175 241 1174 241"/></Shape>
	    <String CONTENT="çois ſecond, qui luy ſucceda au Royaume, duquel"
                    HPOS="277"
                    VPOS="239"
                    WIDTH="1032"
                    HEIGHT="61"
                    WC="0.9833361158768336"></String>
          </TextLine>
          <TextLine ID="line_4"
                    TAGREFS="LT8"
                    BASELINE="275 339 1307 336" 
                    HPOS="274"
                    VPOS="308"
                    WIDTH="1033"
                    HEIGHT="41">
            <Shape><Polygon POINTS="1294 311 1280 311 1267 311 1253 311 1239 311 1226 311 1212 311 1199 311 1185 311 1171 311 1158 311 1144 311 1131 311 1117 311 1103 311 1090 311 1076 311 1063 311 1049 311 1035 311 1022 311 1008 311 995 311 981 311 967 311 954 311 940 311 927 311 913 311 899 311 886 311 872 311 859 311 845 311 832 311 818 311 804 311 791 311 777 311 764 311 750 311 736 311 723 311 709 311 696 311 682 311 668 311 655 311 641 311 628 311 614 311 600 311 587 311 573 311 560 311 546 311 532 311 519 311 505 311 492 311 478 311 464 311 451 311 437 311 424 311 410 311 396 311 383 311 382 308 274 308 275 339 275 349 1306 346 1307 336 1303 311 1294 311"/></Shape>
	    <String CONTENT="tout le gouuernement tomba auſsi toſt entre les"
                    HPOS="274"
                    VPOS="308"
                    WIDTH="1033"
                    HEIGHT="41"
                    WC="0.979235607258817"></String>
          </TextLine>
          <TextLine ID="line_5"
                    TAGREFS="LT8"
                    BASELINE="278 397 1313 397" 
                    HPOS="278"
                    VPOS="355"
                    WIDTH="1035"
                    HEIGHT="52">
            <Shape><Polygon POINTS="278 397 278 407 1313 407 1313 397 1313 365 1280 355 1279 355 1277 355 1276 355 1256 365 1241 355 1239 355 1238 355 1237 355 1193 366 1129 366 1117 355 1116 355 1114 355 1113 355 1068 366 950 366 910 355 909 355 908 355 906 355 889 365 821 365 808 355 807 355 806 355 804 355 803 355 768 364 725 355 724 355 723 355 721 355 709 366 633 366 614 355 613 355 564 355 562 355 561 355 542 365 452 357 451 357 449 357 448 357 437 366 396 366 357 355 356 355 354 355 353 355 352 355 335 366 278 366 278 397"/></Shape>
	    <String CONTENT="mains de meſsieurs de Lorraine, tant à cauſe de"
                    HPOS="278"
                    VPOS="355"
                    WIDTH="1035"
                    HEIGHT="52"
                    WC="0.9982195434470972"></String>
          </TextLine>
          <TextLine ID="line_6"
                    TAGREFS="LT8"
                    BASELINE="277 457 1311 455" 
                    HPOS="275"
                    VPOS="410"
                    WIDTH="1036"
                    HEIGHT="64">
            <Shape><Polygon POINTS="277 457 277 465 293 472 295 472 296 472 464 467 513 465 523 467 554 474 556 474 731 468 845 464 852 468 856 472 857 472 859 472 860 472 908 468 962 464 1309 469 1311 455 1310 419 1298 410 1296 410 1295 410 1294 410 1292 410 1271 421 1265 425 1053 425 1046 421 1026 410 1025 410 1023 410 1022 410 981 421 974 422 970 421 950 410 948 410 947 410 946 410 944 410 931 421 929 422 893 425 857 425 852 421 840 410 838 410 837 410 803 410 802 410 800 410 799 410 787 421 784 421 759 411 758 411 663 411 662 411 660 411 659 411 648 419 641 426 456 426 445 419 429 411 428 411 426 411 425 411 402 419 386 425 324 423 318 419 305 411 304 411 303 411 301 411 300 411 275 418 277 457"/></Shape>
	    <String CONTENT="leur niece royne d’Eſcoſſe, qui eſtoit mariee à"
                    HPOS="275"
                    VPOS="410"
                    WIDTH="1036"
                    HEIGHT="64"
                    WC="0.9913813807070255"></String>
          </TextLine>
          <TextLine ID="line_7"
                    TAGREFS="LT8"
                    BASELINE="277 516 1268 513" 
                    HPOS="275"
                    VPOS="468"
                    WIDTH="993"
                    HEIGHT="68">
            <Shape><Polygon POINTS="277 516 277 525 371 525 384 535 386 535 387 535 388 535 441 524 443 524 445 524 481 535 482 535 483 536 535 536 535 535 536 535 538 535 550 527 603 535 604 535 606 535 640 524 723 531 724 531 774 522 778 522 974 522 1065 522 1084 533 1086 533 1087 533 1088 535 1150 535 1150 533 1189 527 1253 531 1254 531 1256 531 1257 531 1268 521 1268 513 1265 482 1248 482 1248 480 1233 468 1231 468 1230 468 1203 468 1201 468 1200 468 1199 468 1185 480 1162 468 1160 468 1159 468 1158 468 1156 468 1140 480 1139 482 1071 482 1069 480 1056 468 1054 468 1053 468 1034 468 1033 468 1031 468 1030 468 1016 480 999 468 997 468 996 468 954 468 952 468 951 468 928 479 927 480 924 479 901 468 899 468 841 468 840 468 838 468 837 468 823 479 822 479 810 468 808 468 807 468 788 468 787 468 785 468 746 478 732 482 725 478 709 469 708 469 706 469 705 469 681 478 668 483 619 483 614 478 604 469 603 469 602 469 600 469 599 469 570 478 553 483 345 483 333 476 320 469 319 469 318 469 275 475 277 516"/></Shape>
	    <String CONTENT="François, que pour leur habileté &amp; ſouppleſſe."
                    HPOS="275"
                    VPOS="468"
                    WIDTH="993"
                    HEIGHT="68"
                    WC="0.9927092430492243"></String>
          </TextLine>
        </TextBlock>
        <TextBlock HPOS="560.0"
                   VPOS="104.0"
                   WIDTH="506.0"
                   HEIGHT="58.0"
                   ID="block_2"
                   TAGREFS="BT18">
          <Shape><Polygon POINTS="1066 104 1066 162 560 162 560 104"/></Shape>
          <TextLine ID="line_1"
                    TAGREFS="LT10"
                    BASELINE="553 152 1068 148" 
                    HPOS="551"
                    VPOS="110"
                    WIDTH="517"
                    HEIGHT="54">
            <Shape><Polygon POINTS="1041 141 1027 141 1014 141 1000 141 986 141 973 141 959 141 946 141 932 141 919 141 905 141 891 141 878 141 864 141 851 141 837 141 823 141 810 141 796 141 783 141 769 141 766 120 750 111 749 111 747 111 746 111 744 111 744 112 736 120 730 126 723 120 712 110 711 110 709 110 686 110 685 110 683 110 682 110 682 111 674 118 671 120 668 118 660 111 660 110 659 110 657 110 656 110 551 114 553 152 553 157 562 164 564 164 565 164 566 164 609 156 636 164 637 164 638 164 640 164 662 156 713 164 715 164 716 164 717 164 717 163 725 154 743 163 744 163 746 164 773 164 773 163 774 163 776 163 776 161 784 154 829 163 830 163 832 163 855 154 863 161 863 163 864 163 865 163 867 164 895 164 895 163 897 163 898 163 912 153 942 161 943 161 944 161 946 161 947 161 961 153 1054 161 1056 161 1057 161 1059 161 1068 152 1068 148 1065 141 1054 141"/></Shape>
	    <String CONTENT="DIADSSVE"
                    HPOS="551"
                    VPOS="110"
                    WIDTH="517"
                    HEIGHT="54"
                    WC="0.9904329776763916"></String>
          </TextLine>
        </TextBlock>
        <TextBlock HPOS="275.0"
                   VPOS="533.0"
                   WIDTH="1042.0"
                   HEIGHT="1532.0"
                   ID="block_0"
                   TAGREFS="BT100006">
          <Shape><Polygon POINTS="1317 533 1317 2063 275 2065 275 540"/></Shape>
          <TextLine ID="line_8"
                    TAGREFS="LT8"
                    BASELINE="337 575 1306 570" 
                    HPOS="335"
                    VPOS="527"
                    WIDTH="971"
                    HEIGHT="63">
            <Shape><Polygon POINTS="337 575 337 584 375 590 376 590 377 590 402 584 405 582 811 582 812 582 857 589 859 589 928 581 935 581 940 581 992 589 993 589 1041 581 1060 588 1061 588 1063 588 1105 581 1292 588 1294 588 1295 588 1296 588 1306 580 1306 570 1302 537 1097 539 1094 537 1064 527 1063 527 1061 527 1060 527 1059 527 1045 539 1041 541 1010 541 1007 539 995 528 993 528 992 528 991 528 989 528 954 537 917 528 916 528 914 528 913 528 912 528 912 529 902 537 874 528 872 528 871 528 870 528 825 540 815 543 727 543 723 540 698 529 697 529 696 529 648 539 614 529 613 529 611 529 610 529 581 541 576 544 530 544 526 541 503 531 501 531 500 531 498 531 473 539 436 531 435 531 433 531 388 541 384 543 384 541 371 531 369 531 368 531 346 531 345 531 343 531 342 531 342 532 335 537 337 575"/></Shape>
	    <String CONTENT="Les Princes du ſang, voyãs l’eſtat du royaume"
                    HPOS="335"
                    VPOS="527"
                    WIDTH="971"
                    HEIGHT="63"
                    WC="0.9961895463259324"></String>
          </TextLine>
          <TextLine ID="line_9"
                    TAGREFS="LT8"
                    BASELINE="274 632 1311 630" 
                    HPOS="273"
                    VPOS="584"
                    WIDTH="1038"
                    HEIGHT="63">
            <Shape><Polygon POINTS="274 632 274 641 657 647 659 647 1310 639 1311 630 1310 599 1275 586 1273 586 1272 586 1271 586 1269 586 1254 599 1253 600 1196 600 1194 599 1178 588 1177 588 1175 588 1174 588 1121 599 1098 584 1097 584 1095 584 1094 584 1093 584 1091 584 1071 599 1061 599 992 599 973 585 972 585 970 585 969 585 967 585 966 585 943 600 876 600 860 586 859 586 857 586 856 586 855 586 814 599 795 584 793 584 792 584 791 584 711 585 709 585 708 585 693 597 655 585 653 585 652 585 651 585 618 600 587 585 585 585 584 585 583 585 545 600 501 585 500 585 498 585 497 585 496 585 475 601 445 601 410 585 409 585 407 585 406 585 405 585 383 601 338 601 319 585 318 585 316 585 293 585 292 585 290 585 289 585 273 596 274 632"/></Shape>
	    <String CONTENT="és miins du Cardinal de Lorraine, du Duc de"
                    HPOS="273"
                    VPOS="584"
                    WIDTH="1038"
                    HEIGHT="63"
                    WC="0.9983434717763554"></String>
          </TextLine>
          <TextLine ID="line_10"
                    TAGREFS="LT8"
                    BASELINE="278 692 1310 685" 
                    HPOS="277"
                    VPOS="643"
                    WIDTH="1033"
                    HEIGHT="67">
            <Shape><Polygon POINTS="278 692 278 703 430 710 432 710 477 703 485 702 549 702 864 706 865 706 925 699 936 699 955 699 1101 706 1102 706 1309 696 1310 685 1307 657 1129 657 1109 643 1107 643 1106 643 1105 643 1103 643 1102 643 1102 645 1088 657 1069 645 1068 645 1067 645 1065 645 1064 645 1035 658 999 658 967 645 966 645 965 645 963 645 962 645 943 658 894 660 871 660 855 646 853 646 852 646 851 646 849 646 802 658 708 646 706 646 705 646 674 660 591 660 576 647 575 647 573 647 572 647 570 647 569 647 556 656 534 647 532 647 531 647 488 656 448 649 447 649 445 649 444 649 430 660 417 649 416 649 414 649 413 649 342 657 333 649 331 649 330 649 292 649 290 649 289 649 288 649 288 650 277 658 278 692"/></Shape>
	    <String CONTENT="Guyſe, de ſes autres freres Lorrains, de leurs par¬"
                    HPOS="277"
                    VPOS="643"
                    WIDTH="1033"
                    HEIGHT="67"
                    WC="0.9820161835820067"></String>
          </TextLine>
          <TextLine ID="line_11"
                    TAGREFS="LT8"
                    BASELINE="278 751 1310 747" 
                    HPOS="277"
                    VPOS="707"
                    WIDTH="1033"
                    HEIGHT="61">
            <Shape><Polygon POINTS="278 751 278 759 558 760 599 768 600 768 645 759 666 767 667 767 668 767 769 759 803 767 804 767 806 767 807 767 808 767 821 760 950 764 951 764 988 757 999 764 1000 764 1001 764 1003 764 1044 757 1084 766 1086 767 1256 767 1256 766 1310 755 1310 747 1307 719 1182 719 1152 707 1151 707 1150 707 1148 707 1122 719 1049 719 1031 707 1030 707 1029 707 995 707 993 707 933 719 761 711 759 711 581 721 568 710 566 710 565 710 538 710 536 710 467 721 425 710 424 710 422 710 421 710 420 710 406 721 301 710 300 710 299 710 277 721 278 751"/></Shape>
	    <String CONTENT="tiſans &amp; amis, n’apperceuans en François autre"
                    HPOS="277"
                    VPOS="707"
                    WIDTH="1033"
                    HEIGHT="61"
                    WC="0.9933926551900012"></String>
          </TextLine>
          <TextLine ID="line_12"
                    TAGREFS="LT8"
                    BASELINE="274 810 1309 805" 
                    HPOS="273"
                    VPOS="762"
                    WIDTH="1036"
                    HEIGHT="65">
            <Shape><Polygon POINTS="274 810 274 819 289 827 290 827 292 827 293 827 308 819 583 819 630 825 632 825 838 817 1294 823 1295 823 1296 823 1298 823 1309 815 1309 805 1307 774 1275 762 1273 762 1272 762 1271 762 1269 762 1254 774 1252 776 1110 776 1109 775 1082 762 1080 762 1079 762 1078 762 1076 762 1060 775 1041 763 1040 763 1038 763 1037 763 959 776 957 776 955 776 939 763 938 763 936 763 912 763 910 763 909 763 908 763 893 775 857 763 856 763 855 763 853 763 852 763 836 776 825 771 823 771 822 771 720 778 717 778 689 764 687 764 686 764 685 764 683 764 666 778 584 778 560 764 558 764 557 764 532 764 531 764 530 764 475 779 456 766 455 766 454 766 432 766 430 766 429 766 428 766 413 776 399 766 398 766 396 766 395 766 342 774 303 766 301 766 300 766 273 779 274 810"/></Shape>
	    <String CONTENT="choſe de reſte que le nom de Roy ſeulement, ſe"
                    HPOS="273"
                    VPOS="762"
                    WIDTH="1036"
                    HEIGHT="65"
                    WC="0.9883886692316636"></String>
          </TextLine>
          <TextLine ID="line_13"
                    TAGREFS="LT8"
                    BASELINE="274 867 1307 863" 
                    HPOS="273"
                    VPOS="820"
                    WIDTH="1034"
                    HEIGHT="64">
            <Shape><Polygon POINTS="274 867 274 877 577 877 579 877 617 884 618 884 619 884 649 876 653 876 690 876 946 882 947 882 948 882 950 882 962 874 963 874 977 881 978 881 980 882 1097 882 1097 881 1098 881 1099 881 1106 874 1125 881 1127 881 1128 881 1162 874 1163 874 1177 881 1178 881 1180 881 1234 874 1264 881 1265 881 1267 881 1306 873 1307 863 1306 827 1283 820 1281 820 1280 820 1279 820 1277 820 1269 827 1261 834 1214 834 1201 827 1182 820 1181 820 1180 820 1178 820 1159 828 1148 832 1141 828 1131 820 1129 820 1128 820 1127 820 1125 820 1124 820 1113 828 1107 834 1071 834 1065 829 1054 820 1053 820 1052 820 1050 820 1049 820 1020 829 1016 831 1014 829 996 820 995 820 993 820 948 829 933 834 924 831 899 821 898 821 897 821 895 821 894 821 883 831 879 835 739 835 736 832 712 821 711 821 666 821 664 821 663 821 662 821 648 834 643 834 610 835 607 834 590 823 588 823 587 823 585 823 584 823 583 823 566 834 565 835 564 834 534 823 532 823 531 823 530 823 528 823 513 835 512 836 483 836 478 835 334 823 333 823 331 823 330 823 315 834 301 827 300 827 299 827 297 827 273 836 274 867"/></Shape>
	    <String CONTENT="reſolurent de luy faire entendre l’eſtat de ſes aſ¬"
                    HPOS="273"
                    VPOS="820"
                    WIDTH="1034"
                    HEIGHT="64"
                    WC="0.9804680370816997"></String>
          </TextLine>
          <TextLine ID="line_14"
                    TAGREFS="LT8"
                    BASELINE="274 927 1307 922" 
                    HPOS="273"
                    VPOS="880"
                    WIDTH="1034"
                    HEIGHT="64">
            <Shape><Polygon POINTS="274 927 274 937 380 937 399 944 401 944 402 944 531 935 564 942 565 942 702 935 1020 941 1022 941 1078 933 1086 939 1087 939 1088 939 1090 939 1137 933 1276 939 1277 939 1279 939 1307 930 1307 922 1305 893 1133 893 1102 880 1101 880 1099 880 1098 880 1097 880 1080 893 1056 893 1031 895 961 895 959 893 939 881 938 881 936 881 891 881 890 881 889 881 853 893 793 881 792 881 791 881 789 881 789 882 776 895 774 896 709 896 706 895 664 882 663 882 662 882 606 895 604 895 603 895 572 882 570 882 539 882 538 882 536 882 535 882 535 884 526 892 509 884 508 884 507 884 474 891 445 884 444 884 443 884 441 884 440 884 426 895 424 896 410 895 284 884 282 884 281 884 280 884 280 885 273 891 274 927"/></Shape>
	    <String CONTENT="faires, de le ſupplier treshumblement de conuo¬"
                    HPOS="273"
                    VPOS="880"
                    WIDTH="1034"
                    HEIGHT="64"
                    WC="0.9939131115345244"></String>
          </TextLine>
          <TextLine ID="line_15"
                    TAGREFS="LT8"
                    BASELINE="277 986 1309 983" 
                    HPOS="275"
                    VPOS="939"
                    WIDTH="1034"
                    HEIGHT="63">
            <Shape><Polygon POINTS="277 986 277 1001 962 994 973 995 1014 1002 1015 1002 1150 995 1184 1002 1185 1002 1186 1002 1188 1002 1197 994 1219 1001 1220 1001 1222 1001 1258 994 1294 1001 1295 1001 1296 1001 1298 1001 1309 992 1309 983 1307 953 1280 939 1279 939 1277 939 1276 939 1250 950 1220 939 1219 939 1218 939 1216 939 1215 939 1199 953 1012 953 996 939 995 939 993 939 967 939 966 939 965 939 963 939 950 952 914 939 913 939 889 939 887 939 886 939 885 939 872 950 836 939 834 939 833 939 832 939 830 939 814 953 776 953 753 941 751 941 750 941 668 953 649 941 648 941 647 941 645 941 644 941 622 948 598 941 596 941 595 941 594 941 592 941 580 952 558 941 557 941 556 941 517 949 488 941 486 941 485 941 483 941 456 954 275 954 277 986"/></Shape>
	    <String CONTENT="quer au pluſtoſt les eſtats de ſon Royaume, de le"
                    HPOS="275"
                    VPOS="939"
                    WIDTH="1034"
                    HEIGHT="63"
                    WC="0.994111036767765"></String>
          </TextLine>
          <TextLine ID="line_16"
                    TAGREFS="LT8"
                    BASELINE="277 1043 1307 1040" 
                    HPOS="275"
                    VPOS="1001"
                    WIDTH="1032"
                    HEIGHT="57">
            <Shape><Polygon POINTS="277 1043 277 1052 1227 1058 1228 1058 1230 1058 1250 1051 1295 1058 1296 1058 1298 1058 1299 1058 1307 1049 1307 1040 1306 1013 1283 1001 1281 1001 1280 1001 1279 1001 1246 1013 1167 1013 1132 1001 1131 1001 1129 1001 1128 1001 1106 1013 1054 1013 997 1001 996 1001 995 1001 993 1001 980 1013 935 1013 912 1001 910 1001 909 1001 908 1001 876 1009 827 1001 826 1001 825 1001 789 1013 774 1006 773 1006 772 1006 694 1013 653 1002 652 1002 592 1002 591 1002 590 1002 588 1002 577 1011 496 1013 474 1002 473 1002 471 1002 416 1010 376 1002 375 1002 373 1002 353 1011 293 1007 292 1007 290 1007 275 1013 277 1043"/></Shape>
	    <String CONTENT="manier &amp; conduire auec l&#x27;aduis des princes de"
                    HPOS="275"
                    VPOS="1001"
                    WIDTH="1032"
                    HEIGHT="57"
                    WC="0.9996269345283508"></String>
          </TextLine>
          <TextLine ID="line_17"
                    TAGREFS="LT8"
                    BASELINE="280 1102 1309 1098" 
                    HPOS="278"
                    VPOS="1056"
                    WIDTH="1031"
                    HEIGHT="64">
            <Shape><Polygon POINTS="280 1102 280 1112 409 1112 414 1112 464 1120 466 1120 467 1120 469 1120 478 1112 479 1112 486 1112 595 1119 596 1119 630 1112 636 1111 772 1111 784 1111 895 1119 897 1119 898 1119 932 1111 933 1111 943 1111 1238 1117 1239 1119 1296 1119 1296 1117 1298 1117 1299 1117 1309 1109 1309 1098 1307 1070 1273 1058 1272 1058 1271 1058 1269 1058 1268 1058 1254 1070 1231 1070 1139 1070 1137 1069 1114 1056 1113 1056 1112 1056 1110 1056 1073 1069 1072 1070 997 1070 995 1069 977 1056 976 1056 974 1056 973 1056 972 1056 942 1069 936 1071 842 1071 836 1067 812 1058 811 1058 791 1058 789 1058 788 1058 787 1058 774 1067 770 1071 742 1071 736 1067 717 1058 716 1058 715 1058 713 1058 685 1066 656 1058 655 1058 653 1058 652 1058 651 1058 640 1067 634 1071 606 1073 573 1073 566 1066 558 1059 557 1059 556 1059 554 1059 523 1066 501 1071 433 1071 422 1066 406 1059 405 1059 403 1059 278 1064 280 1102"/></Shape>
	    <String CONTENT="ſon ſang ou bien de les charger du maniement, &amp;"
                    HPOS="278"
                    VPOS="1056"
                    WIDTH="1031"
                    HEIGHT="64"
                    WC="0.9882346429723374"></String>
          </TextLine>
          <TextLine ID="line_18"
                    TAGREFS="LT8"
                    BASELINE="280 1161 1309 1158" 
                    HPOS="278"
                    VPOS="1117"
                    WIDTH="1031"
                    HEIGHT="60">
            <Shape><Polygon POINTS="280 1161 280 1169 788 1177 789 1177 889 1169 1057 1176 1059 1176 1250 1169 1294 1176 1295 1176 1296 1176 1298 1176 1309 1168 1309 1158 1307 1130 1284 1117 1283 1117 1281 1117 1280 1117 1245 1130 1193 1130 1180 1117 1178 1117 1177 1117 1175 1117 1174 1117 1147 1130 1071 1130 1056 1117 1054 1117 1053 1117 1052 1117 1050 1117 1015 1130 933 1130 914 1117 913 1117 912 1117 910 1117 822 1128 810 1119 808 1119 807 1119 806 1119 804 1119 769 1127 728 1119 727 1119 725 1119 724 1119 711 1130 591 1130 557 1119 556 1119 554 1119 553 1119 551 1119 536 1130 477 1119 475 1119 474 1119 447 1130 426 1119 425 1119 424 1119 371 1130 303 1119 301 1119 300 1119 278 1130 280 1161"/></Shape>
	    <String CONTENT="s’en repoſer ſur eux, ſuyuant les ancienes loix de"
                    HPOS="278"
                    VPOS="1117"
                    WIDTH="1031"
                    HEIGHT="60"
                    WC="0.9876653182506562"></String>
          </TextLine>
          <TextLine ID="line_19"
                    TAGREFS="LT8"
                    BASELINE="280 1219 1305 1215" 
                    HPOS="278"
                    VPOS="1173"
                    WIDTH="1027"
                    HEIGHT="68">
            <Shape><Polygon POINTS="280 1219 280 1229 456 1229 462 1229 534 1241 535 1241 536 1241 538 1241 558 1229 579 1236 580 1236 581 1236 641 1229 643 1229 656 1240 657 1240 659 1240 660 1241 687 1241 687 1240 689 1240 690 1240 708 1229 709 1227 787 1227 789 1227 807 1240 808 1240 810 1240 811 1241 840 1241 840 1240 841 1240 865 1227 867 1227 871 1227 925 1240 927 1240 928 1240 929 1240 943 1229 1022 1233 1023 1233 1025 1233 1026 1233 1033 1227 1035 1226 1035 1227 1052 1238 1053 1238 1054 1238 1056 1238 1162 1229 1238 1238 1239 1238 1303 1226 1305 1215 1302 1187 1272 1187 1272 1185 1256 1173 1254 1173 1253 1173 1252 1173 1250 1173 1228 1185 1209 1173 1208 1173 1207 1173 1205 1173 1204 1173 1162 1185 1159 1187 1041 1187 1040 1184 1025 1173 1023 1173 1022 1173 1020 1173 965 1184 950 1187 899 1187 897 1184 885 1174 883 1174 882 1174 880 1174 879 1174 859 1184 851 1188 787 1188 781 1183 769 1174 768 1174 766 1174 765 1174 730 1183 712 1188 598 1188 590 1183 583 1176 581 1176 580 1176 554 1176 553 1176 551 1176 550 1176 543 1183 538 1187 528 1181 515 1176 513 1176 512 1176 485 1181 474 1184 466 1181 448 1176 447 1176 445 1176 444 1176 443 1176 436 1181 426 1189 390 1189 377 1181 369 1176 368 1176 367 1176 365 1176 278 1180 280 1219"/></Shape>
	    <String CONTENT="Frãce, iuſqu’à ce que l’aage luy euſt apporté plus"
                    HPOS="278"
                    VPOS="1173"
                    WIDTH="1027"
                    HEIGHT="68"
                    WC="0.9860860233036977"></String>
          </TextLine>
          <TextLine ID="line_20"
                    TAGREFS="LT8"
                    BASELINE="280 1276 1306 1276" 
                    HPOS="280"
                    VPOS="1236"
                    WIDTH="1026"
                    HEIGHT="65">
            <Shape><Polygon POINTS="280 1276 280 1301 316 1301 316 1299 318 1299 319 1299 333 1289 343 1297 345 1297 346 1297 348 1297 433 1287 463 1287 479 1298 482 1299 483 1299 485 1299 486 1299 503 1297 546 1289 712 1287 785 1294 812 1295 814 1295 856 1293 925 1287 936 1291 954 1299 955 1299 957 1301 1030 1301 1030 1299 1031 1299 1057 1290 1065 1287 1072 1290 1093 1297 1094 1297 1095 1297 1097 1297 1125 1289 1129 1289 1132 1289 1182 1299 1184 1299 1185 1299 1186 1299 1197 1290 1306 1286 1306 1276 1306 1246 1243 1246 1223 1236 1222 1236 1194 1236 1193 1236 1192 1236 1190 1236 1178 1246 1102 1246 1088 1236 1087 1236 1086 1236 1084 1236 1083 1236 1060 1246 972 1246 938 1236 936 1236 935 1236 933 1236 932 1236 917 1246 886 1246 846 1236 845 1236 844 1236 770 1242 728 1236 727 1236 725 1236 724 1236 712 1246 666 1246 634 1236 633 1236 575 1236 573 1236 572 1236 570 1236 558 1246 429 1246 395 1236 394 1236 392 1236 391 1236 390 1236 379 1245 280 1245 280 1276"/></Shape>
	    <String CONTENT="grande cognoiſſance d’affaires. Quant à eux, ils ne"
                    HPOS="280"
                    VPOS="1236"
                    WIDTH="1026"
                    HEIGHT="65"
                    WC="0.9874753080881559"></String>
          </TextLine>
          <TextLine ID="line_21"
                    TAGREFS="LT8"
                    BASELINE="285 1336 1305 1333" 
                    HPOS="284"
                    VPOS="1295"
                    WIDTH="1021"
                    HEIGHT="57">
            <Shape><Polygon POINTS="285 1336 285 1344 409 1352 410 1352 898 1344 1080 1351 1082 1351 1083 1351 1084 1351 1093 1344 1291 1350 1292 1350 1294 1350 1295 1350 1305 1343 1305 1333 1303 1305 1280 1295 1279 1295 1277 1295 1144 1304 1109 1295 1107 1295 1106 1295 1105 1295 1103 1295 1093 1305 1057 1305 1042 1295 1041 1295 1040 1295 1038 1295 1037 1295 1008 1302 982 1295 981 1295 980 1295 978 1295 946 1304 905 1295 904 1295 849 1305 736 1305 717 1297 716 1297 715 1297 713 1297 678 1305 636 1297 634 1297 633 1297 599 1305 558 1297 557 1297 556 1297 530 1306 284 1306 285 1336"/></Shape>
	    <String CONTENT="pouuoyent plus longuement ſouffrir, de voir le"
                    HPOS="284"
                    VPOS="1295"
                    WIDTH="1021"
                    HEIGHT="57"
                    WC="0.9981668539669203"></String>
          </TextLine>
          <TextLine ID="line_22"
                    TAGREFS="LT8"
                    BASELINE="282 1396 1299 1389" 
                    HPOS="281"
                    VPOS="1348"
                    WIDTH="1018"
                    HEIGHT="63">
            <Shape><Polygon POINTS="282 1396 282 1411 705 1404 746 1407 817 1411 818 1411 885 1409 886 1409 887 1409 887 1408 891 1404 894 1403 984 1404 1280 1408 1281 1408 1283 1408 1299 1400 1299 1389 1296 1361 1268 1361 1254 1348 1253 1348 1252 1348 1250 1348 1249 1348 1216 1359 1194 1348 1193 1348 1192 1348 1190 1348 1162 1359 1127 1348 1125 1348 1124 1348 1061 1359 1015 1350 1014 1350 1012 1350 1011 1350 997 1361 916 1350 914 1350 913 1350 890 1362 878 1351 876 1351 875 1351 874 1351 872 1351 840 1362 689 1351 687 1351 686 1351 685 1351 672 1359 596 1352 595 1352 594 1352 592 1352 583 1361 556 1352 554 1352 553 1352 551 1352 550 1352 534 1363 362 1358 361 1358 281 1366 282 1396"/></Shape>
	    <String CONTENT="Royaume conduit à l’appetit d’vn Cardinal, (du¬"
                    HPOS="281"
                    VPOS="1348"
                    WIDTH="1018"
                    HEIGHT="63"
                    WC="0.9740583238502344"></String>
          </TextLine>
          <TextLine ID="line_23"
                    TAGREFS="LT8"
                    BASELINE="281 1453 1299 1447" 
                    HPOS="280"
                    VPOS="1407"
                    WIDTH="1019"
                    HEIGHT="65">
            <Shape><Polygon POINTS="281 1453 281 1467 288 1472 289 1472 290 1472 292 1472 348 1464 420 1471 421 1471 422 1471 424 1471 435 1462 515 1462 572 1462 581 1462 849 1469 851 1469 852 1469 872 1461 880 1468 882 1468 883 1468 1026 1469 1027 1469 1029 1469 1030 1469 1040 1461 1265 1468 1267 1468 1268 1468 1299 1458 1299 1447 1296 1420 1228 1407 1227 1407 1226 1407 1224 1407 1209 1420 1194 1420 1180 1407 1178 1407 1177 1407 1158 1407 1156 1407 1155 1407 1154 1407 1137 1419 1106 1407 1105 1407 1103 1407 1102 1407 1101 1407 1087 1419 1064 1408 1063 1408 1061 1408 1060 1408 1059 1408 1038 1420 1022 1411 1020 1411 1019 1411 1018 1411 1016 1411 1004 1422 969 1422 954 1408 952 1408 951 1408 904 1408 902 1408 901 1408 876 1422 821 1422 791 1408 789 1408 788 1408 787 1408 785 1408 766 1422 735 1409 734 1409 732 1409 731 1409 706 1420 664 1409 663 1409 662 1409 660 1409 634 1423 598 1423 560 1409 558 1409 557 1409 556 1409 519 1424 426 1424 410 1411 409 1411 407 1411 367 1411 365 1411 364 1411 362 1411 343 1423 280 1424 281 1453"/></Shape>
	    <String CONTENT="quel la vocation eſtoit de preſcher) &amp; de ſes fre¬"
                    HPOS="280"
                    VPOS="1407"
                    WIDTH="1019"
                    HEIGHT="65"
                    WC="0.9857047069072723"></String>
          </TextLine>
          <TextLine ID="line_24"
                    TAGREFS="LT8"
                    BASELINE="282 1513 1303 1509" 
                    HPOS="281"
                    VPOS="1469"
                    WIDTH="1022"
                    HEIGHT="60">
            <Shape><Polygon POINTS="282 1513 282 1521 463 1529 464 1529 498 1522 666 1528 667 1528 668 1528 694 1521 864 1521 942 1528 943 1528 944 1528 946 1528 957 1521 1052 1526 1053 1526 1087 1519 1267 1526 1268 1526 1269 1526 1303 1517 1303 1509 1301 1480 1182 1479 1150 1469 1148 1469 1147 1469 1146 1469 1120 1480 1026 1480 965 1469 963 1469 962 1469 938 1480 772 1473 770 1473 769 1473 742 1480 709 1471 708 1471 706 1471 705 1471 704 1471 694 1479 663 1473 662 1473 660 1473 641 1480 553 1472 551 1472 550 1472 549 1472 538 1481 500 1472 498 1472 497 1472 496 1472 477 1481 445 1472 444 1472 367 1472 365 1472 364 1472 362 1472 353 1480 300 1475 299 1475 297 1475 281 1481 282 1513"/></Shape>
	    <String CONTENT="res leſquels deuoyent en toutes ſortes ceder aux"
                    HPOS="281"
                    VPOS="1469"
                    WIDTH="1022"
                    HEIGHT="60"
                    WC="0.9992727028826872"></String>
          </TextLine>
          <TextLine ID="line_25"
                    TAGREFS="LT8"
                    BASELINE="284 1572 1301 1566" 
                    HPOS="282"
                    VPOS="1522"
                    WIDTH="1019"
                    HEIGHT="68">
            <Shape><Polygon POINTS="284 1572 284 1585 290 1590 292 1590 293 1590 295 1590 296 1590 314 1582 314 1581 511 1581 516 1581 671 1589 672 1589 740 1579 743 1579 821 1579 992 1579 1004 1586 1006 1586 1007 1586 1008 1586 1010 1586 1011 1586 1022 1578 1031 1585 1033 1585 1034 1585 1035 1585 1139 1583 1140 1583 1141 1583 1148 1577 1150 1577 1160 1577 1288 1585 1290 1585 1291 1585 1292 1585 1301 1577 1301 1566 1298 1537 1246 1537 1226 1522 1224 1522 1223 1522 1222 1522 1220 1522 1219 1522 1201 1536 1182 1522 1181 1522 1180 1522 1178 1522 1177 1522 1148 1537 1080 1538 996 1538 993 1537 976 1524 974 1524 973 1524 972 1524 970 1524 969 1524 947 1537 944 1538 883 1538 879 1537 861 1525 860 1525 859 1525 857 1525 812 1534 802 1525 800 1525 799 1525 773 1525 772 1525 770 1525 769 1525 754 1534 732 1525 731 1525 730 1525 728 1525 697 1537 691 1538 686 1537 663 1528 662 1528 660 1528 659 1528 657 1528 647 1537 641 1540 588 1540 583 1537 560 1526 558 1526 527 1526 526 1526 524 1526 523 1526 512 1536 473 1528 471 1528 470 1528 469 1528 459 1537 452 1541 388 1540 384 1537 373 1528 372 1528 371 1528 369 1528 328 1534 290 1528 289 1528 288 1528 286 1528 286 1529 282 1532 284 1572"/></Shape>
	    <String CONTENT="Princes du ſang, &amp; pluſtoſt rendre conte de leur"
                    HPOS="282"
                    VPOS="1522"
                    WIDTH="1019"
                    HEIGHT="68"
                    WC="0.9838473461568356"></String>
          </TextLine>
          <TextLine ID="line_26"
                    TAGREFS="LT8"
                    BASELINE="281 1630 1302 1624" 
                    HPOS="280"
                    VPOS="1582"
                    WIDTH="1022"
                    HEIGHT="58">
            <Shape><Polygon POINTS="281 1630 281 1640 1301 1635 1302 1624 1301 1596 1273 1582 1272 1582 1271 1582 1269 1582 1242 1594 1141 1582 1140 1582 1139 1582 1137 1582 1122 1596 1045 1596 1019 1583 1018 1583 1016 1583 1015 1583 996 1591 974 1583 973 1583 972 1583 970 1583 946 1597 840 1597 822 1583 821 1583 819 1583 791 1583 789 1583 788 1583 747 1598 568 1598 536 1585 535 1585 534 1585 532 1585 509 1597 475 1586 474 1586 425 1586 424 1586 422 1586 421 1586 413 1593 405 1586 403 1586 402 1586 401 1586 356 1593 323 1586 322 1586 320 1586 280 1600 281 1630"/></Shape>
	    <String CONTENT="adminiſttation, que paſſet outre à la conduite de"
                    HPOS="280"
                    VPOS="1582"
                    WIDTH="1022"
                    HEIGHT="58"
                    WC="0.9953656697273254"></String>
          </TextLine>
          <TextLine ID="line_27"
                    TAGREFS="LT8"
                    BASELINE="282 1689 1302 1684" 
                    HPOS="281"
                    VPOS="1640"
                    WIDTH="1021"
                    HEIGHT="66">
            <Shape><Polygon POINTS="282 1689 282 1697 524 1703 526 1703 596 1696 607 1696 617 1696 740 1706 742 1706 784 1696 976 1704 977 1704 1030 1695 1038 1701 1040 1701 1041 1701 1042 1701 1083 1693 1088 1693 1105 1693 1252 1701 1253 1701 1301 1692 1302 1684 1301 1654 1273 1640 1272 1640 1271 1640 1269 1640 1268 1640 1249 1653 1234 1640 1233 1640 1231 1640 1230 1640 1228 1640 1227 1640 1207 1653 1137 1653 1124 1640 1122 1640 1121 1640 1099 1640 1098 1640 1097 1640 1095 1640 1079 1653 1052 1640 1050 1640 1049 1640 1048 1640 1046 1640 1031 1654 1030 1655 895 1655 894 1654 879 1642 878 1642 876 1642 875 1642 874 1642 836 1653 803 1642 802 1642 800 1642 799 1642 798 1642 798 1643 785 1654 783 1657 674 1657 668 1654 653 1649 652 1649 651 1649 579 1654 550 1655 546 1654 530 1644 528 1644 460 1644 459 1644 458 1644 440 1654 435 1657 418 1654 373 1644 372 1644 331 1651 289 1644 288 1644 286 1644 285 1644 285 1646 281 1649 282 1689"/></Shape>
	    <String CONTENT="l&#x27;eſtat: n’eſtans exempts de ſoupçon de ſe vouloir"
                    HPOS="281"
                    VPOS="1640"
                    WIDTH="1021"
                    HEIGHT="66"
                    WC="0.9861657981779061"></String>
          </TextLine>
          <TextLine ID="line_28"
                    TAGREFS="LT8"
                    BASELINE="282 1746 1303 1741" 
                    HPOS="281"
                    VPOS="1701"
                    WIDTH="1022"
                    HEIGHT="64">
            <Shape><Polygon POINTS="282 1746 282 1757 383 1765 384 1765 386 1765 407 1757 409 1757 410 1757 441 1763 443 1763 528 1757 545 1756 557 1756 636 1764 637 1764 638 1764 664 1756 671 1761 672 1761 674 1761 675 1761 823 1754 848 1754 856 1754 920 1763 921 1763 961 1754 962 1754 965 1754 1045 1763 1046 1763 1048 1763 1049 1763 1049 1761 1059 1753 1060 1753 1075 1753 1178 1760 1180 1760 1181 1760 1194 1753 1209 1760 1211 1760 1212 1760 1302 1752 1303 1741 1302 1712 1280 1701 1279 1701 1277 1701 1276 1701 1248 1712 1112 1712 1099 1701 1098 1701 1097 1701 1095 1701 1094 1701 1069 1710 1049 1701 1048 1701 1046 1701 1045 1701 1020 1714 996 1714 984 1703 982 1703 981 1703 980 1703 978 1703 954 1714 872 1714 817 1703 815 1703 814 1703 789 1714 598 1714 587 1704 585 1704 584 1704 541 1704 539 1704 538 1704 536 1704 527 1712 489 1706 488 1706 486 1706 485 1706 473 1716 386 1716 362 1707 361 1707 360 1707 316 1714 292 1707 290 1707 289 1707 288 1707 286 1707 286 1708 281 1712 282 1746"/></Shape>
	    <String CONTENT="emparer du Royaume: Ce que les Princes crai¬"
                    HPOS="281"
                    VPOS="1701"
                    WIDTH="1022"
                    HEIGHT="64"
                    WC="0.9964927163991061"></String>
          </TextLine>
          <TextLine ID="line_29"
                    TAGREFS="LT8"
                    BASELINE="285 1805 1303 1801" 
                    HPOS="284"
                    VPOS="1760"
                    WIDTH="1019"
                    HEIGHT="62">
            <Shape><Polygon POINTS="285 1805 285 1814 345 1814 348 1814 358 1822 360 1822 361 1822 362 1822 413 1814 418 1814 449 1814 798 1821 799 1821 836 1813 852 1820 853 1820 855 1820 943 1813 954 1820 955 1820 957 1820 958 1820 995 1812 999 1812 1008 1818 1010 1818 1011 1818 1012 1818 1082 1812 1088 1812 1097 1812 1189 1818 1190 1818 1192 1818 1205 1812 1231 1820 1233 1820 1234 1820 1235 1820 1237 1820 1246 1812 1268 1818 1269 1818 1271 1818 1272 1818 1303 1810 1303 1801 1299 1763 1044 1771 1019 1763 1012 1760 1011 1760 1010 1760 1008 1760 1007 1760 1004 1763 995 1771 972 1763 965 1760 963 1760 962 1760 961 1760 959 1760 957 1763 940 1773 746 1773 735 1764 734 1764 732 1764 731 1764 730 1764 728 1764 720 1771 689 1763 681 1761 679 1761 678 1761 674 1763 649 1773 600 1773 561 1765 560 1765 558 1765 528 1773 515 1763 513 1763 512 1763 481 1763 479 1763 478 1763 477 1763 463 1773 402 1765 401 1765 343 1773 328 1763 327 1763 326 1763 324 1763 284 1763 285 1805"/></Shape>
	    <String CONTENT="dnoyent d’autant plus, que ceux de Lorraine ſe di"
                    HPOS="284"
                    VPOS="1760"
                    WIDTH="1019"
                    HEIGHT="62"
                    WC="0.9814527983568153"></String>
          </TextLine>
          <TextLine ID="line_30"
                    TAGREFS="LT8"
                    BASELINE="281 1863 1303 1860" 
                    HPOS="280"
                    VPOS="1817"
                    WIDTH="1023"
                    HEIGHT="64">
            <Shape><Polygon POINTS="281 1863 281 1873 349 1881 350 1881 352 1881 353 1881 362 1873 364 1873 865 1873 870 1873 917 1879 919 1879 1001 1873 1004 1873 1006 1873 1026 1879 1027 1879 1029 1879 1030 1879 1031 1879 1040 1873 1041 1871 1169 1871 1169 1873 1184 1879 1185 1879 1186 1879 1188 1879 1203 1873 1204 1871 1204 1873 1214 1879 1215 1879 1216 1879 1218 1881 1253 1881 1253 1879 1302 1871 1303 1860 1302 1832 1268 1817 1267 1817 1265 1817 1264 1817 1227 1831 1199 1820 1197 1820 1196 1820 1194 1820 1163 1829 1131 1817 1129 1817 1128 1817 1127 1817 1125 1817 1106 1831 1087 1817 1086 1817 1084 1817 1054 1817 1053 1817 1052 1817 1050 1817 1033 1832 908 1832 832 1817 830 1817 829 1817 789 1831 774 1818 773 1818 772 1818 727 1818 725 1818 724 1818 723 1818 704 1832 670 1818 668 1818 667 1818 666 1818 664 1818 648 1833 626 1833 591 1818 590 1818 588 1818 587 1818 585 1818 569 1832 542 1832 520 1818 519 1818 517 1818 516 1818 515 1818 479 1828 451 1818 449 1818 448 1818 447 1818 445 1818 429 1832 421 1825 420 1825 418 1825 417 1825 280 1833 281 1863"/></Shape>
	    <String CONTENT="ſoyent deſcendus de Charlemagne, fils de Pepin"
                    HPOS="280"
                    VPOS="1817"
                    WIDTH="1023"
                    HEIGHT="64"
                    WC="0.9868744339631952"></String>
          </TextLine>
          <TextLine ID="line_31"
                    TAGREFS="LT8"
                    BASELINE="281 1923 1303 1919" 
                    HPOS="280"
                    VPOS="1875"
                    WIDTH="1023"
                    HEIGHT="64">
            <Shape><Polygon POINTS="281 1923 281 1932 356 1939 357 1939 358 1939 360 1939 367 1932 368 1932 549 1932 550 1932 587 1939 588 1939 651 1931 660 1931 716 1931 1069 1936 1071 1936 1178 1930 1184 1930 1186 1930 1245 1936 1246 1936 1302 1928 1303 1919 1301 1889 1185 1889 1150 1875 1148 1875 1147 1875 1146 1875 1144 1875 1129 1888 1014 1888 988 1875 986 1875 985 1875 984 1875 982 1875 958 1890 895 1890 879 1877 878 1877 876 1877 875 1877 874 1877 849 1890 796 1890 769 1877 768 1877 719 1877 717 1877 716 1877 715 1877 704 1885 674 1877 672 1877 671 1877 670 1877 668 1877 652 1889 622 1877 621 1877 619 1877 618 1877 588 1890 545 1884 543 1884 482 1890 462 1878 460 1878 459 1878 458 1878 416 1886 380 1878 379 1878 377 1878 376 1878 375 1878 362 1888 289 1882 288 1882 286 1882 285 1882 285 1884 280 1888 281 1923"/></Shape>
	    <String CONTENT="roy de France, ſur la lignee duquel, apres la mort"
                    HPOS="280"
                    VPOS="1875"
                    WIDTH="1023"
                    HEIGHT="64"
                    WC="0.9891188752651214"></String>
          </TextLine>
          <TextLine ID="line_32"
                    TAGREFS="LT8"
                    BASELINE="282 1979 1301 1979" 
                    HPOS="282"
                    VPOS="1938"
                    WIDTH="1019"
                    HEIGHT="64">
            <Shape><Polygon POINTS="282 1979 282 1988 305 1996 307 1996 308 1996 388 1991 403 2000 405 2000 406 2000 407 2000 462 1989 520 1989 543 2000 545 2000 546 2000 614 1992 706 2000 708 2000 709 2000 711 2000 724 1989 791 2000 792 2002 817 2002 817 2000 818 2000 819 2000 833 1989 1035 2000 1037 2000 1129 1989 1214 2000 1215 2000 1216 2000 1218 2000 1231 1989 1301 1989 1301 1979 1301 1949 1276 1938 1275 1938 1228 1938 1227 1938 1226 1938 1197 1949 1107 1938 1106 1938 1105 1938 1075 1950 1010 1950 974 1938 973 1938 972 1938 970 1938 969 1938 958 1947 946 1939 944 1939 943 1939 942 1939 895 1949 859 1938 857 1938 856 1938 855 1938 853 1938 838 1949 765 1941 764 1941 645 1949 591 1938 590 1938 588 1938 587 1938 570 1949 530 1938 528 1938 527 1938 526 1938 504 1949 470 1938 469 1938 467 1938 466 1938 464 1938 454 1947 409 1949 376 1938 375 1938 373 1938 372 1938 338 1946 299 1938 297 1938 296 1938 295 1938 282 1946 282 1979"/></Shape>
	    <String CONTENT="de Loys le Quint 34.Roy de Frãce, en l&#x27;an 988."
                    HPOS="282"
                    VPOS="1938"
                    WIDTH="1019"
                    HEIGHT="64"
                    WC="0.989305132247032"></String>
          </TextLine>
          <TextLine ID="line_33"
                    TAGREFS="LT8"
                    BASELINE="281 2036 1303 2038" 
                    HPOS="280"
                    VPOS="1994"
                    WIDTH="1023"
                    HEIGHT="69">
            <Shape><Polygon POINTS="281 2036 280 2048 403 2060 405 2060 598 2052 614 2060 615 2060 617 2060 743 2053 822 2061 823 2061 860 2055 1030 2060 1031 2060 1094 2053 1103 2061 1105 2061 1106 2061 1107 2063 1141 2063 1141 2061 1143 2061 1167 2052 1302 2052 1303 2038 1303 2008 1273 1995 1272 1995 1235 1995 1234 1995 1233 1995 1231 1995 1216 2007 1114 2007 1088 1995 1087 1995 1046 1995 1045 1995 1044 1995 1042 1995 1027 2007 1027 2008 959 2008 959 2007 932 1995 931 1995 929 1995 928 1995 927 1995 909 2007 908 2008 852 2008 851 2007 819 1995 818 1995 817 1995 815 1995 792 2007 743 1994 742 1994 740 1994 739 1994 708 2006 677 1994 675 1994 602 1994 600 1994 599 1994 598 1994 577 2007 522 2007 496 1994 494 1994 493 1994 492 1994 466 2007 409 2007 368 2007 368 2006 348 1994 346 1994 345 1994 297 1994 296 1994 295 1994 293 1994 281 2002 281 2036"/></Shape>
	    <String CONTENT="ſelon que leurs hiſtoriens le recitent, Hugues Ca"
                    HPOS="280"
                    VPOS="1994"
                    WIDTH="1023"
                    HEIGHT="69"
                    WC="0.991617954507166"></String>
          </TextLine>
        </TextBlock>
        <TextBlock HPOS="1103.0"
                   VPOS="2059.0"
                   WIDTH="203.0"
                   HEIGHT="70.0"
                   ID="block_5"
                   TAGREFS="BT17">
          <Shape><Polygon POINTS="1306 2059 1306 2129 1103 2129 1103 2059"/></Shape>
          <TextLine ID="line_34"
                    TAGREFS="LT8"
                    BASELINE="1105 2101 1296 2094" 
                    HPOS="1102"
                    VPOS="2052"
                    WIDTH="194"
                    HEIGHT="68">
            <Shape><Polygon POINTS="1105 2101 1105 2120 1171 2116 1173 2116 1174 2116 1184 2108 1222 2110 1249 2113 1250 2113 1296 2104 1296 2094 1292 2063 1256 2064 1254 2063 1243 2053 1243 2052 1242 2052 1241 2052 1218 2052 1216 2052 1215 2052 1181 2064 1173 2067 1102 2067 1105 2101"/></Shape>
	    <String CONTENT="pet vſur¬"
                    HPOS="1102"
                    VPOS="2052"
                    WIDTH="194"
                    HEIGHT="68"
                    WC="0.9989295270707872"></String>
          </TextLine>
        </TextBlock>
        <TextBlock HPOS="874.0"
                   VPOS="2331.0"
                   WIDTH="333.0"
                   HEIGHT="67.0"
                   ID="eSc_textblock_f7fd8f71"
                   TAGREFS="BT9">
          <Shape><Polygon POINTS="874 2331 874 2398 1207 2398 1207 2331"/></Shape>
        </TextBlock>
      </PrintSpace>
    </Page>
  </Layout>
</alto>
