1467 2421
270 88 82 69 18

269 151 1020 70 leſe maieſté, perturbateur & violateur dé paix, eul

269 231 1017 56 nemy de repos, tranquillité, & ſeurete pubuque:

269 273 1023 61 chef principal, autheur & conducteur de ladicte

270 332 1024 67 conſpiration, faicte contre le Roy & ſon eſtat: Sa

273 391 1020 62 memoire damnee, ſon nom ſupprimé à perpetui¬

271 449 1030 67 té. Et pour reparation deſdicts crimes, ordonné

274 508 1022 66 que le corps dudict Amiral (ſi trouuer, Ie pou¬

275 567 1022 70 uoit,ſinou en figute) ſeroit prins par l’executeur

275 624 1026 67 de la haute iuſtice, mené, conduict & trainé ſur u¬

274 683 1026 70 ne claye, depuis les priſons de la conciergerie du

277 741 1019 68 Palais, iuſques à la place de Greue: & illec pendu

275 802 1029 65 à vne potence, qui pour ce faire ſenoit dreſſee &

275 860 1027 68 etigee deuant l’hoſtel de ville, & y demeureroit

283 918 1022 71 pendu l’eſpace de vingt & quatre heures? Et ce

275 975 1030 71 faict, ſeroit porté & pendu au gibet de Montfau¬

278 1036 1026 66 con, au plus haut & eminent lieu. Les enſeignes,

279 1093 1022 61 armes, & armoiries dudict feu Amiral, trainez-à

282 1156 1023 61 queues de cheuaux par les rues de Paris, & autres

283 1213 1030 66 villes, bourgs & bourgades où elles ſeroyent, trou.

282 1272 1027 56 uees auoir eſté miſes à ſon honneur, & apres rom

282 1330 1028 64 pues & briſees par l’executeur de la haute iuſtice,

281 1389 1023 67 en ſigne d’ignominie perpetuelle, en chacun lieu

281 1448 1024 55 & carrefoux, où don a accouſtumé faire cris &

283 1506 1026 66 proclamarions publiques. Toutes les armoi¬

283 1564 1025 60 ries & pourtraictures dudict feu Amiral, ſoit en

285 1626 1023 57 boſſe, ou peinctute, tableaux, & autres pourttaits

283 1681 1023 68 en quelque lieu qu’ils ſoyent, caſſez, raſez, rome

286 1743 1014 66 pus & lacerez: Enioignant à tous iuges Royaux,

282 1799 1028 58 de faire executer chacun en ſon reſſott pareille la

281 1857 1039 58 ceration d’armoiries, &à tous ſes ſuiets du reſſort!

282 1919 1027 59 de Paris, de n’en garder ou retenir aucunes: Tous

282 1973 1038 63 les biens feudaux dudict feu Amiral mouuans de

482 86 526 59 DIALOGVE. I.

1251 2025 55 59 la
