<?xml version="1.0" encoding="UTF-8"?>
<alto xmlns:xsi="http://www.w3.org/2001/XMLSchema-instance"
      xmlns="http://www.loc.gov/standards/alto/ns-v4#"
      xsi:schemaLocation="http://www.loc.gov/standards/alto/ns-v4# http://www.loc.gov/standards/alto/v4/alto-4-2.xsd">
  <Description>
    <MeasurementUnit>pixel</MeasurementUnit>
    <sourceImageInformation>
      <fileName>page_00053.png</fileName>
      <fileIdentifier>mets//page_00002.zip/page_00053.png</fileIdentifier>
    </sourceImageInformation>
  </Description>
  <Tags>
    <OtherTag ID="BT7" LABEL="CustomZone" DESCRIPTION="block type CustomZone"/><OtherTag ID="BT8" LABEL="DamageZone" DESCRIPTION="block type DamageZone"/><OtherTag ID="BT9" LABEL="DigitizationArtefactZone" DESCRIPTION="block type DigitizationArtefactZone"/><OtherTag ID="BT10" LABEL="DropCapitalZone" DESCRIPTION="block type DropCapitalZone"/><OtherTag ID="BT11" LABEL="GraphicZone" DESCRIPTION="block type GraphicZone"/><OtherTag ID="BT12" LABEL="MainZone" DESCRIPTION="block type MainZone"/><OtherTag ID="BT13" LABEL="MarginTextZone" DESCRIPTION="block type MarginTextZone"/><OtherTag ID="BT14" LABEL="MusicZone" DESCRIPTION="block type MusicZone"/><OtherTag ID="BT15" LABEL="NumberingZone" DESCRIPTION="block type NumberingZone"/><OtherTag ID="BT17" LABEL="QuireMarksZone" DESCRIPTION="block type QuireMarksZone"/><OtherTag ID="BT18" LABEL="RunningTitleZone" DESCRIPTION="block type RunningTitleZone"/><OtherTag ID="BT19" LABEL="SealZone" DESCRIPTION="block type SealZone"/><OtherTag ID="BT20" LABEL="StampZone" DESCRIPTION="block type StampZone"/><OtherTag ID="BT21" LABEL="TableZone" DESCRIPTION="block type TableZone"/><OtherTag ID="BT22" LABEL="TitlePageZone" DESCRIPTION="block type TitlePageZone"/><OtherTag ID="BT100001" LABEL="MainZone-Head" DESCRIPTION="block type MainZone-Head"/><OtherTag ID="BT100005" LABEL="MainZone-P" DESCRIPTION="block type MainZone-P"/><OtherTag ID="BT100006" LABEL="MainZone-Continued" DESCRIPTION="block type MainZone-Continued"/><OtherTag ID="BT100008" LABEL="MainZone-Sp" DESCRIPTION="block type MainZone-Sp"/><OtherTag ID="BT100002" LABEL="MainZone-Lg" DESCRIPTION="block type MainZone-Lg"/><OtherTag ID="BT100014" LABEL="MainZone-ListItem" DESCRIPTION="block type MainZone-ListItem"/>
    <OtherTag ID="LT7" LABEL="CustomLine" DESCRIPTION="line type CustomLine"/><OtherTag ID="LT8" LABEL="DefaultLine" DESCRIPTION="line type DefaultLine"/><OtherTag ID="LT9" LABEL="DropCapitalLine" DESCRIPTION="line type DropCapitalLine"/><OtherTag ID="LT10" LABEL="HeadingLine" DESCRIPTION="line type HeadingLine"/><OtherTag ID="LT11" LABEL="InterlinearLine" DESCRIPTION="line type InterlinearLine"/><OtherTag ID="LT12" LABEL="MusicLine" DESCRIPTION="line type MusicLine"/><OtherTag ID="LT765" LABEL="default" DESCRIPTION="line type default"/>
  </Tags>
  <Layout>
    <Page WIDTH="1451"
          HEIGHT="2445"
          PHYSICAL_IMG_NR="52"
          ID="eSc_dummypage_">
      <PrintSpace HPOS="0"
                  VPOS="0"
                  WIDTH="1451"
                  HEIGHT="2445">
        <TextBlock HPOS="270.0"
                   VPOS="120.0"
                   WIDTH="60.0"
                   HEIGHT="56.0"
                   ID="block_2"
                   TAGREFS="BT15">
          <Shape><Polygon POINTS="330 120 330 176 270 176 270 120"/></Shape>
          <TextLine ID="line_0"
                    TAGREFS="LT8"
                    BASELINE="270 150 351 153" 
                    HPOS="269"
                    VPOS="114"
                    WIDTH="82"
                    HEIGHT="59">
            <Shape><Polygon POINTS="270 150 269 160 309 173 311 173 312 173 313 173 328 165 332 164 349 167 351 153 350 129 331 129 328 124 319 115 319 114 317 114 316 114 315 114 270 116 270 150"/></Shape>
	    <String CONTENT="14"
                    HPOS="269"
                    VPOS="114"
                    WIDTH="82"
                    HEIGHT="59"
                    WC="0.9999129474163055"></String>
          </TextLine>
        </TextBlock>
        <TextBlock HPOS="246.0"
                   VPOS="184.0"
                   WIDTH="1065.0"
                   HEIGHT="1894.0"
                   ID="block_0"
                   TAGREFS="BT100006">
          <Shape><Polygon POINTS="1307 184 1311 2063 255 2078 246 184"/></Shape>
          <TextLine ID="line_2"
                    TAGREFS="LT8"
                    BASELINE="262 217 1297 220" 
                    HPOS="260"
                    VPOS="176"
                    WIDTH="1037"
                    HEIGHT="57">
            <Shape><Polygon POINTS="1293 217 1279 217 1266 217 1252 217 1239 217 1225 217 1211 217 1198 217 1184 217 1171 217 1157 217 1143 217 1130 217 1116 217 1103 217 1089 217 1076 217 1062 217 1048 217 1035 217 1021 217 1008 217 994 217 980 217 967 217 953 217 940 217 926 217 912 217 899 217 885 217 872 217 858 217 845 217 831 217 817 217 804 217 790 217 787 203 756 188 741 180 740 180 661 177 660 177 658 177 642 186 637 187 626 184 599 177 597 177 596 177 535 183 505 184 475 180 446 177 445 177 444 177 437 180 417 188 262 176 262 217 260 226 271 233 273 233 274 233 275 233 1296 229 1297 220 1296 217 1293 217"/></Shape>
	    <String CONTENT="France aſſemblez : leur auuic cutououj et lu quune"
                    HPOS="260"
                    VPOS="176"
                    WIDTH="1037"
                    HEIGHT="57"
                    WC="0.9684458363056183"></String>
          </TextLine>
          <TextLine ID="line_3"
                    TAGREFS="LT8"
                    BASELINE="260 278 1285 275" 
                    HPOS="259"
                    VPOS="241"
                    WIDTH="1026"
                    HEIGHT="53">
            <Shape><Polygon POINTS="1278 249 1264 249 1251 249 1237 249 1224 249 1210 249 1196 249 1183 249 1169 249 1156 249 1142 249 1129 249 1115 249 1104 249 1101 249 1088 249 1084 249 1074 249 1061 249 1047 249 1033 249 1020 249 1006 249 993 249 979 249 965 249 952 249 938 249 925 249 914 249 911 249 898 249 884 249 870 249 857 249 843 249 830 249 820 249 816 249 802 249 789 249 775 249 762 249 748 249 740 249 737 251 730 249 721 249 707 249 694 249 680 249 667 249 661 249 658 251 652 249 639 249 626 249 612 249 599 249 585 249 584 249 574 251 561 249 558 249 544 249 531 249 517 249 504 249 490 249 476 249 463 249 461 251 459 249 449 249 436 249 422 249 408 249 395 249 381 249 368 249 354 249 353 249 350 251 347 249 341 249 336 241 336 241 335 241 259 241 260 278 260 287 1078 293 1080 293 1081 293 1096 286 1104 293 1105 293 1107 293 1108 294 1266 294 1266 293 1267 293 1285 285 1285 275 1283 249 1282 249 1278 249"/></Shape>
	    <String CONTENT="iceluy eu auſsi Taduis des Preſidens &amp; Conſeil¬"
                    HPOS="259"
                    VPOS="241"
                    WIDTH="1026"
                    HEIGHT="53"
                    WC="0.9965977237579671"></String>
          </TextLine>
          <TextLine ID="line_4"
                    TAGREFS="LT8"
                    BASELINE="260 335 1294 335" 
                    HPOS="260"
                    VPOS="293"
                    WIDTH="1034"
                    HEIGHT="53">
            <Shape><Polygon POINTS="260 335 260 346 1294 346 1294 335 1294 305 1267 293 1266 293 1220 293 1218 293 1217 293 1215 293 1201 305 1158 293 1157 293 1156 293 1154 293 1118 305 1116 306 917 306 910 304 874 293 873 293 842 293 840 293 839 293 838 293 826 302 824 305 819 302 793 293 792 293 790 293 789 293 766 302 762 304 756 302 722 293 721 293 720 293 718 293 717 293 706 302 702 305 577 305 570 301 554 293 552 293 551 293 550 293 527 301 516 305 506 301 489 293 487 293 486 293 485 293 463 301 449 306 423 306 414 300 404 293 403 293 402 293 400 293 399 293 383 300 369 306 324 306 313 300 302 293 301 293 300 293 298 293 260 298 260 335"/></Shape>
	    <String CONTENT="liers des Parlemens de la France, auec lex ſei¬"
                    HPOS="260"
                    VPOS="293"
                    WIDTH="1034"
                    HEIGHT="53"
                    WC="0.9885449016347845"></String>
          </TextLine>
          <TextLine ID="line_5"
                    TAGREFS="LT8"
                    BASELINE="263 395 1294 395" 
                    HPOS="263"
                    VPOS="350"
                    WIDTH="1031"
                    HEIGHT="64">
            <Shape><Polygon POINTS="263 395 263 414 389 406 558 411 593 412 595 412 604 411 627 407 635 411 641 414 642 414 643 414 664 411 695 406 874 406 879 408 887 414 888 414 889 414 891 414 1152 406 1184 406 1186 406 1202 414 1203 414 1205 414 1206 414 1224 407 1264 414 1266 414 1267 414 1294 404 1294 395 1294 362 1270 350 1268 350 1267 350 1266 350 1240 362 1214 350 1213 350 1211 350 1210 350 1172 364 1101 364 1086 351 1085 351 1084 351 1043 350 1042 350 1040 350 1017 362 972 350 971 350 970 350 968 350 967 350 951 364 879 364 864 350 862 350 861 350 836 350 835 350 834 350 832 350 820 361 801 350 800 350 751 350 749 350 748 350 747 350 733 361 703 350 702 350 701 350 699 350 672 362 645 350 643 350 584 350 582 350 581 350 550 364 478 364 442 350 441 350 440 350 438 350 437 350 421 364 263 364 263 395"/></Shape>
	    <String CONTENT="gneurs du conſeil priué du Roy, fut fait vn Col¬"
                    HPOS="263"
                    VPOS="350"
                    WIDTH="1031"
                    HEIGHT="64"
                    WC="0.9970699293272836"></String>
          </TextLine>
          <TextLine ID="line_6"
                    TAGREFS="LT8"
                    BASELINE="262 455 1290 452" 
                    HPOS="260"
                    VPOS="408"
                    WIDTH="1030"
                    HEIGHT="64">
            <Shape><Polygon POINTS="262 455 262 464 316 472 317 472 365 464 370 464 389 464 571 472 573 472 574 472 576 472 586 464 593 464 774 469 775 469 777 469 778 469 785 463 786 463 792 463 854 471 855 471 892 463 893 463 904 469 906 469 907 469 908 469 949 463 951 463 952 463 960 469 961 469 963 469 964 469 1018 464 1040 471 1042 471 1043 471 1044 471 1046 471 1054 464 1201 471 1202 471 1203 471 1205 471 1214 463 1224 471 1225 471 1226 471 1228 472 1266 472 1266 471 1267 471 1290 461 1290 452 1287 423 1108 423 1090 410 1089 410 1088 410 1086 410 1085 410 1084 410 1067 421 1032 411 1031 411 1029 411 1028 411 1002 421 970 408 968 408 967 408 965 408 964 408 948 422 919 410 918 410 917 410 915 410 888 422 796 408 794 408 793 408 792 408 779 419 751 410 749 410 748 410 747 410 745 410 732 421 676 417 675 417 673 417 672 417 664 423 619 410 618 410 616 410 615 410 582 423 554 410 552 410 493 410 491 410 490 410 472 419 461 410 460 410 459 410 403 410 402 410 400 410 368 425 313 425 277 412 275 412 274 412 273 412 271 412 271 414 260 422 262 455"/></Shape>
	    <String CONTENT="loque à Poiſſy, deuant le Roy &amp; ſes Princes, en¬"
                    HPOS="260"
                    VPOS="408"
                    WIDTH="1030"
                    HEIGHT="64"
                    WC="0.9783268011346156"></String>
          </TextLine>
          <TextLine ID="line_7"
                    TAGREFS="LT8"
                    BASELINE="260 513 1293 513" 
                    HPOS="260"
                    VPOS="469"
                    WIDTH="1033"
                    HEIGHT="60">
            <Shape><Polygon POINTS="260 513 260 521 406 529 407 529 509 522 845 529 846 529 1188 522 1263 529 1264 529 1266 529 1293 521 1293 513 1293 482 1256 482 1241 469 1240 469 1239 469 1196 469 1195 469 1194 469 1192 469 1179 480 1126 469 1124 469 1123 469 1101 480 1071 469 1070 469 1069 469 1067 469 1066 469 1052 482 961 482 917 469 915 469 914 469 912 469 881 480 857 469 855 469 854 469 853 469 831 480 783 469 782 469 781 469 779 469 764 482 729 482 695 469 694 469 692 469 691 469 663 480 593 469 592 469 590 469 589 469 573 480 543 469 542 469 540 469 539 469 538 469 524 482 489 482 449 469 448 469 446 469 445 469 418 482 374 482 347 469 346 469 345 469 343 469 342 469 327 482 260 482 260 513"/></Shape>
	    <String CONTENT="tre les plus doctes des Catholiques &amp; des Hu¬"
                    HPOS="260"
                    VPOS="469"
                    WIDTH="1033"
                    HEIGHT="60"
                    WC="0.9946943733427259"></String>
          </TextLine>
          <TextLine ID="line_8"
                    TAGREFS="LT8"
                    BASELINE="262 569 1285 574" 
                    HPOS="262"
                    VPOS="525"
                    WIDTH="1023"
                    HEIGHT="65">
            <Shape><Polygon POINTS="262 569 262 588 455 580 505 589 517 590 518 590 542 589 626 581 642 589 646 590 648 590 649 590 663 589 720 581 1282 589 1285 574 1285 543 1233 529 1232 529 1230 529 1171 541 1143 541 1124 529 1123 529 1122 529 1120 529 1119 529 1090 539 1059 529 1058 529 1057 529 1055 529 1054 529 1039 541 1037 541 976 541 976 540 957 528 956 528 955 528 953 528 812 540 801 540 798 540 766 527 764 527 735 527 733 527 732 527 730 527 720 536 687 527 686 527 684 527 683 527 682 527 665 537 633 539 622 539 620 539 596 527 595 527 593 527 592 527 554 539 552 539 550 539 518 525 517 525 516 525 514 525 490 536 466 525 464 525 463 525 461 525 460 525 444 537 262 537 262 569"/></Shape>
	    <String CONTENT="guenots: leſquels ayãs ſait conſeſsion de leur foy."
                    HPOS="262"
                    VPOS="525"
                    WIDTH="1023"
                    HEIGHT="65"
                    WC="0.9869556266527909"></String>
          </TextLine>
          <TextLine ID="line_9"
                    TAGREFS="LT8"
                    BASELINE="259 630 1290 627" 
                    HPOS="258"
                    VPOS="585"
                    WIDTH="1032"
                    HEIGHT="64">
            <Shape><Polygon POINTS="259 630 259 641 362 649 364 649 365 649 380 641 555 641 657 641 658 641 702 649 703 649 705 649 733 641 1066 647 1067 647 1105 639 1107 639 1138 646 1139 646 1207 639 1255 647 1256 647 1258 647 1290 638 1290 627 1289 597 1266 588 1264 588 1263 588 1262 588 1260 588 1249 596 1229 585 1228 585 1226 585 1225 585 1224 585 1209 597 1207 599 1143 599 1143 597 1119 585 1118 585 1116 585 1115 585 1114 585 1099 597 1097 599 1006 599 1006 597 975 585 974 585 972 585 971 585 970 585 948 597 948 599 933 599 892 599 868 585 866 585 865 585 864 585 862 585 845 599 815 599 775 585 774 585 773 585 729 586 728 586 703 599 702 600 596 600 595 599 577 586 576 586 574 586 544 586 543 586 542 586 540 586 520 599 494 586 493 586 491 586 440 593 410 586 408 586 407 586 406 586 368 599 345 586 343 586 289 586 288 586 286 586 258 597 259 630"/></Shape>
	    <String CONTENT="diſputé d’icelle en public, &amp; maintenu leur do¬"
                    HPOS="258"
                    VPOS="585"
                    WIDTH="1032"
                    HEIGHT="64"
                    WC="0.9896688262621561"></String>
          </TextLine>
          <TextLine ID="line_10"
                    TAGREFS="LT8"
                    BASELINE="258 690 1290 690" 
                    HPOS="258"
                    VPOS="647"
                    WIDTH="1032"
                    HEIGHT="60">
            <Shape><Polygon POINTS="258 690 258 699 393 707 395 707 471 700 538 707 539 707 540 707 542 707 552 700 673 707 675 707 724 700 773 707 774 707 775 707 789 700 1018 707 1020 707 1290 699 1290 690 1290 658 1268 647 1267 647 1236 647 1234 647 1233 647 1232 647 1218 658 952 658 933 647 932 647 930 647 929 647 900 657 876 647 874 647 873 647 872 647 842 656 812 647 811 647 809 647 808 647 807 647 787 660 730 660 682 658 668 647 667 647 665 647 664 647 633 654 624 647 623 647 622 647 552 647 551 647 550 647 521 658 483 647 482 647 480 647 479 647 453 660 372 660 279 647 278 647 277 647 258 657 258 690"/></Shape>
	    <String CONTENT="ctrine par les Eſcritures, obtindrent pour conclu"
                    HPOS="258"
                    VPOS="647"
                    WIDTH="1032"
                    HEIGHT="60"
                    WC="0.9778175877065075"></String>
          </TextLine>
          <TextLine ID="line_11"
                    TAGREFS="LT8"
                    BASELINE="259 749 1292 747" 
                    HPOS="258"
                    VPOS="702"
                    WIDTH="1034"
                    HEIGHT="64">
            <Shape><Polygon POINTS="259 749 259 759 743 766 744 766 779 757 785 757 1002 757 1005 757 1028 764 1029 764 1031 764 1290 756 1292 747 1289 715 1218 715 1205 703 1203 703 1202 703 1201 703 1164 709 1120 702 1119 702 1118 702 1116 702 1108 709 1061 702 1059 702 1058 702 1057 702 1042 714 1016 702 1014 702 1013 702 1012 702 1010 702 990 714 959 702 957 702 956 702 955 702 929 714 903 702 902 702 900 702 899 702 898 702 884 714 862 702 861 702 860 702 858 702 857 702 840 714 824 702 823 702 821 702 798 702 797 702 796 702 764 715 682 709 680 709 650 715 635 703 634 703 633 703 604 703 603 703 601 703 578 715 562 703 561 703 559 703 558 703 557 703 555 703 536 715 521 703 520 703 518 703 461 703 460 703 459 703 457 703 438 717 320 717 277 703 275 703 274 703 273 703 271 703 258 714 259 749"/></Shape>
	    <String CONTENT="ſion vn edict du Roy, par l’aduis du ſuſdicti Con¬"
                    HPOS="258"
                    VPOS="702"
                    WIDTH="1034"
                    HEIGHT="64"
                    WC="0.9907006371021271"></String>
          </TextLine>
          <TextLine ID="line_12"
                    TAGREFS="LT8"
                    BASELINE="256 808 1293 808" 
                    HPOS="256"
                    VPOS="764"
                    WIDTH="1037"
                    HEIGHT="65">
            <Shape><Polygon POINTS="256 808 256 816 339 828 341 828 407 817 589 817 590 817 634 827 635 827 637 827 665 817 768 817 815 817 817 817 888 828 889 829 941 829 941 828 942 828 944 828 960 817 986 828 987 828 989 828 1071 817 1076 817 1078 817 1127 828 1129 828 1179 819 1273 825 1274 825 1275 825 1293 817 1293 808 1293 775 1258 764 1256 764 1205 764 1203 764 1202 764 1180 776 1127 776 1114 764 1112 764 1111 764 1109 764 1058 776 991 776 978 764 976 764 975 764 974 764 921 776 858 776 836 764 835 764 834 764 781 776 643 776 627 776 627 775 612 764 611 764 610 764 608 764 607 764 582 774 551 764 550 764 548 764 547 764 546 764 531 775 531 776 355 776 355 775 342 764 341 764 339 764 270 764 269 764 267 764 266 764 256 771 256 808"/></Shape>
	    <String CONTENT="ſeil, au mois de lanuier en l’an 1561. par lequel fut"
                    HPOS="256"
                    VPOS="764"
                    WIDTH="1037"
                    HEIGHT="65"
                    WC="0.9856769892404664"></String>
          </TextLine>
          <TextLine ID="line_13"
                    TAGREFS="LT8"
                    BASELINE="262 867 1293 867" 
                    HPOS="262"
                    VPOS="824"
                    WIDTH="1031"
                    HEIGHT="60">
            <Shape><Polygon POINTS="262 867 262 884 438 876 571 876 581 881 584 884 585 884 586 884 588 884 656 881 771 876 951 878 1281 884 1282 884 1283 884 1285 884 1293 877 1293 867 1293 835 1266 824 1264 824 1263 824 1262 824 1236 835 1080 824 1078 824 1077 824 1048 836 983 836 945 824 944 824 942 824 941 824 940 824 925 836 862 836 830 824 828 824 781 824 779 824 778 824 749 836 597 836 578 824 577 824 576 824 524 824 523 824 521 824 520 824 509 834 446 835 432 824 430 824 429 824 385 824 384 824 383 824 381 824 370 834 262 835 262 867"/></Shape>
	    <String CONTENT="permiſe aux Huguenots liberté de conſcience, &amp;"
                    HPOS="262"
                    VPOS="824"
                    WIDTH="1031"
                    HEIGHT="60"
                    WC="0.9730028231093224"></String>
          </TextLine>
          <TextLine ID="line_14"
                    TAGREFS="LT8"
                    BASELINE="258 923 1286 920" 
                    HPOS="256"
                    VPOS="881"
                    WIDTH="1030"
                    HEIGHT="61">
            <Shape><Polygon POINTS="258 923 258 934 448 934 452 934 485 941 486 941 487 941 489 941 498 934 499 934 619 934 629 941 630 941 631 941 707 942 709 942 768 933 775 933 779 933 804 939 805 939 807 939 994 933 1005 933 1008 933 1063 941 1065 941 1160 933 1169 941 1171 941 1172 941 1173 942 1262 942 1262 941 1263 941 1286 931 1286 920 1283 893 1211 893 1198 881 1196 881 1195 881 1169 881 1168 881 1167 881 1143 892 1123 881 1122 881 1120 881 1119 881 1118 881 1103 893 1074 893 1055 881 1054 881 1052 881 1012 881 1010 881 1009 881 1008 881 997 891 953 892 921 881 919 881 918 881 917 881 915 881 900 893 843 893 796 881 794 881 793 881 768 895 705 895 679 882 677 882 648 882 646 882 645 882 643 882 624 895 561 895 509 882 508 882 506 882 505 882 495 891 485 882 483 882 482 882 456 882 455 882 453 882 452 882 438 893 383 886 381 886 256 895 258 923"/></Shape>
	    <String CONTENT="exercice de leur religion hors des villes du Roy¬"
                    HPOS="256"
                    VPOS="881"
                    WIDTH="1030"
                    HEIGHT="61"
                    WC="0.984180865239124"></String>
          </TextLine>
          <TextLine ID="line_15"
                    TAGREFS="LT8"
                    BASELINE="258 983 1289 980" 
                    HPOS="256"
                    VPOS="939"
                    WIDTH="1033"
                    HEIGHT="63">
            <Shape><Polygon POINTS="258 983 258 992 413 992 415 992 436 999 437 999 438 999 529 992 540 992 547 992 627 1002 629 1002 630 1002 631 1002 641 994 694 999 695 999 737 992 739 992 740 992 770 1002 771 1002 773 1002 821 992 823 992 1006 992 1043 999 1044 999 1081 991 1085 991 1086 991 1097 999 1099 999 1100 999 1101 999 1103 999 1127 992 1152 1001 1153 1001 1154 1002 1266 1002 1266 1001 1267 1001 1289 991 1289 980 1286 952 1218 939 1217 939 1215 939 1181 950 1164 939 1162 939 1161 939 1109 939 1108 939 1107 939 1105 939 1092 952 1043 952 1008 939 1006 939 1005 939 1004 939 1002 939 990 950 934 950 889 939 888 939 887 939 885 939 884 939 870 952 701 952 653 941 652 941 650 941 615 952 578 941 577 941 576 941 536 948 497 941 495 941 494 941 468 950 457 941 456 941 455 941 421 941 419 941 418 941 417 941 403 952 350 946 349 946 256 953 258 983"/></Shape>
	    <String CONTENT="aume. De là ſourdit vngrand nombre d’Egliſes"
                    HPOS="256"
                    VPOS="939"
                    WIDTH="1033"
                    HEIGHT="63"
                    WC="0.9870894114176433"></String>
          </TextLine>
          <TextLine ID="line_16"
                    TAGREFS="LT8"
                    BASELINE="259 1043 1298 1040" 
                    HPOS="258"
                    VPOS="998"
                    WIDTH="1040"
                    HEIGHT="62">
            <Shape><Polygon POINTS="259 1043 259 1052 283 1060 285 1060 286 1060 288 1060 305 1052 668 1052 736 1060 737 1060 783 1051 787 1051 797 1051 876 1058 877 1058 1020 1052 1048 1059 1050 1059 1051 1059 1052 1059 1054 1059 1066 1051 1088 1058 1089 1058 1090 1058 1126 1051 1137 1059 1138 1059 1139 1059 1141 1060 1277 1060 1277 1059 1278 1059 1298 1049 1298 1040 1296 1011 1188 1011 1154 998 1153 998 1152 998 1150 998 1122 1010 1103 998 1101 998 1100 998 1099 998 1097 998 1067 1011 1020 1011 1002 998 1001 998 999 998 945 998 944 998 942 998 914 1007 902 998 900 998 899 998 866 998 865 998 864 998 862 998 850 1007 816 998 815 998 813 998 812 998 811 998 796 1010 766 999 764 999 728 999 726 999 725 999 699 1013 444 1013 404 999 403 999 354 999 353 999 351 999 305 1011 279 1001 278 1001 277 1001 275 1001 274 1001 258 1010 259 1043"/></Shape>
	    <String CONTENT="(ainſi les nommoit-on) &amp; d’aſſemblees de Hugue."
                    HPOS="258"
                    VPOS="998"
                    WIDTH="1040"
                    HEIGHT="62"
                    WC="0.9889014401334397"></String>
          </TextLine>
          <TextLine ID="line_17"
                    TAGREFS="LT8"
                    BASELINE="258 1101 1287 1098" 
                    HPOS="256"
                    VPOS="1058"
                    WIDTH="1031"
                    HEIGHT="61">
            <Shape><Polygon POINTS="258 1101 258 1111 396 1119 398 1119 437 1111 442 1111 456 1111 565 1117 566 1117 668 1111 675 1111 680 1111 766 1119 767 1119 768 1119 770 1119 782 1111 783 1109 793 1111 834 1116 835 1116 889 1111 902 1109 921 1111 1016 1116 1017 1116 1018 1116 1020 1116 1029 1109 1031 1109 1039 1109 1100 1117 1101 1117 1213 1109 1222 1109 1226 1109 1270 1117 1271 1117 1273 1117 1287 1109 1287 1098 1286 1067 1274 1058 1273 1058 1271 1058 1248 1058 1247 1058 1245 1058 1244 1058 1229 1070 1153 1070 1122 1058 1120 1058 1119 1058 1118 1058 1116 1058 1104 1069 1055 1069 997 1058 995 1058 994 1058 974 1069 959 1058 957 1058 956 1058 906 1058 904 1058 903 1058 880 1067 869 1058 868 1058 866 1058 813 1058 812 1058 811 1058 764 1071 562 1071 544 1059 543 1059 542 1059 502 1059 501 1059 499 1059 498 1059 489 1067 456 1059 455 1059 453 1059 452 1059 425 1069 271 1064 270 1064 269 1064 256 1070 258 1101"/></Shape>
	    <String CONTENT="nots par la France: on preſcha à la Cour,hors de"
                    HPOS="256"
                    VPOS="1058"
                    WIDTH="1031"
                    HEIGHT="61"
                    WC="0.995845657222125"></String>
          </TextLine>
          <TextLine ID="line_18"
                    TAGREFS="LT8"
                    BASELINE="258 1162 1290 1160" 
                    HPOS="256"
                    VPOS="1116"
                    WIDTH="1034"
                    HEIGHT="61">
            <Shape><Polygon POINTS="258 1162 258 1170 771 1177 773 1177 774 1177 789 1170 793 1169 857 1170 1067 1176 1069 1176 1289 1169 1290 1160 1287 1126 1248 1116 1247 1116 1245 1116 1226 1126 1220 1130 1100 1130 1093 1126 1080 1116 1078 1116 1077 1116 1039 1116 1037 1116 1036 1116 1010 1126 999 1130 993 1126 978 1116 976 1116 975 1116 945 1116 944 1116 942 1116 911 1126 898 1131 766 1131 756 1127 739 1117 737 1117 672 1117 671 1117 669 1117 649 1127 639 1132 499 1132 491 1127 485 1124 483 1124 482 1124 466 1127 446 1131 440 1127 425 1117 423 1117 422 1117 421 1117 419 1117 396 1127 388 1131 380 1127 370 1124 369 1124 368 1124 338 1128 319 1130 315 1128 294 1117 293 1117 266 1117 264 1117 263 1117 262 1117 262 1119 256 1123 258 1162"/></Shape>
	    <String CONTENT="Paris, &amp; es autres villes, auec tolle efficace, qu’à"
                    HPOS="256"
                    VPOS="1116"
                    WIDTH="1034"
                    HEIGHT="61"
                    WC="0.9887844987635342"></String>
          </TextLine>
          <TextLine ID="line_19"
                    TAGREFS="LT8"
                    BASELINE="259 1217 1289 1219" 
                    HPOS="258"
                    VPOS="1179"
                    WIDTH="1031"
                    HEIGHT="58">
            <Shape><Polygon POINTS="259 1217 258 1223 321 1236 323 1236 365 1227 440 1236 441 1236 442 1236 444 1236 456 1226 483 1233 485 1233 486 1233 532 1226 543 1233 544 1233 546 1233 547 1233 548 1233 550 1233 558 1226 580 1236 581 1236 582 1236 735 1227 773 1237 774 1237 775 1237 868 1227 917 1234 918 1234 919 1234 946 1227 957 1234 959 1234 960 1234 961 1234 963 1234 979 1227 980 1227 1127 1234 1129 1234 1287 1227 1289 1219 1289 1191 1267 1180 1266 1180 1264 1180 1183 1188 1116 1180 1115 1180 1114 1180 1112 1180 1104 1188 976 1189 955 1189 953 1189 942 1180 941 1180 940 1180 900 1180 899 1180 898 1180 876 1189 874 1189 861 1189 729 1183 728 1183 679 1188 664 1179 663 1179 661 1179 660 1179 616 1188 615 1189 452 1189 449 1188 410 1179 379 1179 377 1179 376 1179 374 1179 364 1188 362 1188 259 1188 259 1217"/></Shape>
	    <String CONTENT="vray dire on voyoit ces gens-là s’amender en la"
                    HPOS="258"
                    VPOS="1179"
                    WIDTH="1031"
                    HEIGHT="58"
                    WC="0.9945725860695044"></String>
          </TextLine>
          <TextLine ID="line_20"
                    TAGREFS="LT8"
                    BASELINE="259 1278 1290 1275" 
                    HPOS="258"
                    VPOS="1234"
                    WIDTH="1032"
                    HEIGHT="59">
            <Shape><Polygon POINTS="259 1278 259 1286 768 1293 770 1293 851 1286 1264 1291 1266 1291 1267 1291 1290 1283 1290 1275 1289 1246 1266 1234 1264 1234 1263 1234 1262 1234 1237 1245 1207 1234 1206 1234 1164 1234 1162 1234 1161 1234 1160 1234 1149 1242 1138 1234 1137 1234 1135 1234 1134 1234 1086 1245 1039 1234 1037 1234 1036 1234 1035 1234 1021 1246 944 1246 884 1234 883 1234 881 1234 851 1245 800 1234 798 1234 797 1234 759 1248 614 1248 595 1236 593 1236 592 1236 547 1236 546 1236 544 1236 523 1248 385 1248 358 1236 357 1236 355 1236 354 1236 330 1246 293 1236 292 1236 290 1236 289 1236 258 1246 259 1278"/></Shape>
	    <String CONTENT="vie, &amp; s’accroiſtre en nombre à veue d’œil. Mon¬"
                    HPOS="258"
                    VPOS="1234"
                    WIDTH="1032"
                    HEIGHT="59"
                    WC="0.986436419341029"></String>
          </TextLine>
          <TextLine ID="line_21"
                    TAGREFS="LT8"
                    BASELINE="258 1336 1287 1333" 
                    HPOS="256"
                    VPOS="1291"
                    WIDTH="1031"
                    HEIGHT="56">
            <Shape><Polygon POINTS="258 1336 258 1347 1286 1344 1287 1333 1286 1304 1254 1291 1252 1291 1230 1291 1229 1291 1228 1291 1226 1291 1214 1302 1181 1291 1180 1291 1179 1291 1177 1291 1150 1302 1150 1304 1076 1304 1076 1302 1062 1291 1061 1291 1059 1291 1021 1291 1020 1291 1018 1291 997 1302 997 1304 940 1304 938 1302 926 1291 925 1291 923 1291 922 1291 921 1291 898 1302 896 1304 737 1304 735 1302 724 1293 722 1293 721 1293 720 1293 718 1293 692 1302 688 1302 686 1301 657 1293 656 1293 654 1293 653 1293 652 1293 641 1301 639 1302 637 1301 627 1293 626 1293 624 1293 623 1293 622 1293 601 1301 595 1305 576 1305 571 1301 562 1293 561 1293 559 1293 558 1293 514 1301 499 1304 493 1301 474 1293 472 1293 442 1293 441 1293 440 1293 438 1293 429 1301 426 1304 419 1301 399 1293 398 1293 396 1293 360 1301 345 1305 317 1305 311 1301 300 1293 298 1293 297 1293 296 1293 256 1299 258 1336"/></Shape>
	    <String CONTENT="ſieur le Cardinal de Lorraine &amp; meſs:eurs ſes fre"
                    HPOS="256"
                    VPOS="1291"
                    WIDTH="1031"
                    HEIGHT="56"
                    WC="0.9925980555767916"></String>
          </TextLine>
          <TextLine ID="line_22"
                    TAGREFS="LT8"
                    BASELINE="258 1396 1289 1393" 
                    HPOS="256"
                    VPOS="1354"
                    WIDTH="1033"
                    HEIGHT="61">
            <Shape><Polygon POINTS="258 1396 258 1415 372 1405 391 1414 392 1414 393 1414 396 1414 456 1405 599 1411 664 1414 665 1414 667 1414 676 1411 691 1404 1029 1404 1051 1405 1105 1411 1107 1411 1108 1411 1123 1404 1124 1404 1126 1404 1138 1411 1139 1411 1141 1411 1181 1404 1183 1404 1191 1411 1192 1411 1194 1411 1195 1412 1274 1412 1274 1411 1275 1411 1277 1411 1289 1403 1289 1393 1286 1363 1225 1354 1224 1354 1222 1354 1221 1354 1207 1362 1100 1354 1099 1354 1052 1362 1027 1354 1025 1354 1024 1354 960 1361 912 1354 911 1354 910 1354 892 1363 631 1363 619 1355 618 1355 616 1355 569 1355 567 1355 566 1355 565 1355 551 1363 518 1355 517 1355 516 1355 514 1355 483 1365 256 1365 258 1396"/></Shape>
	    <String CONTENT="res, ne pouuãs ſupporter vne telle liberté en ceux"
                    HPOS="256"
                    VPOS="1354"
                    WIDTH="1033"
                    HEIGHT="61"
                    WC="0.9676131835350623"></String>
          </TextLine>
          <TextLine ID="line_23"
                    TAGREFS="LT8"
                    BASELINE="256 1454 1286 1450" 
                    HPOS="255"
                    VPOS="1412"
                    WIDTH="1031"
                    HEIGHT="64">
            <Shape><Polygon POINTS="256 1454 256 1473 411 1464 422 1472 426 1476 427 1476 429 1476 430 1476 455 1472 490 1465 520 1471 550 1476 551 1476 552 1476 567 1471 581 1464 748 1462 888 1464 896 1467 934 1475 936 1475 937 1475 967 1465 983 1461 1008 1465 1061 1473 1062 1473 1120 1465 1240 1473 1241 1473 1243 1473 1286 1461 1286 1450 1282 1422 982 1422 948 1412 946 1412 945 1412 944 1412 942 1412 930 1423 911 1414 910 1414 908 1414 751 1423 743 1423 737 1423 631 1414 630 1414 588 1424 582 1424 571 1424 474 1415 472 1415 471 1415 470 1415 457 1424 455 1424 410 1418 408 1418 407 1418 387 1424 369 1415 368 1415 312 1415 311 1415 255 1424 256 1454"/></Shape>
	    <String CONTENT="qu’ils reputoyent leurs ennemis, &amp; craignans que"
                    HPOS="255"
                    VPOS="1412"
                    WIDTH="1031"
                    HEIGHT="64"
                    WC="0.9992386760811011"></String>
          </TextLine>
          <TextLine ID="line_24"
                    TAGREFS="LT8"
                    BASELINE="255 1514 1286 1509" 
                    HPOS="254"
                    VPOS="1468"
                    WIDTH="1032"
                    HEIGHT="62">
            <Shape><Polygon POINTS="255 1514 255 1524 451 1530 452 1530 504 1524 516 1522 608 1522 997 1528 998 1528 999 1528 1001 1528 1010 1521 1012 1521 1025 1528 1027 1528 1028 1528 1058 1521 1067 1519 1095 1521 1176 1526 1177 1526 1285 1519 1286 1509 1285 1480 1239 1468 1237 1468 1236 1468 1234 1468 1233 1468 1218 1480 1217 1480 1202 1480 1055 1475 1054 1475 1009 1481 1004 1481 1001 1481 965 1469 964 1469 963 1469 961 1469 960 1469 944 1481 942 1483 849 1483 839 1483 767 1469 766 1469 764 1469 732 1481 720 1471 718 1471 717 1471 692 1471 691 1471 690 1471 688 1471 672 1483 650 1471 649 1471 618 1471 616 1471 615 1471 614 1471 596 1481 585 1476 584 1476 582 1476 581 1476 554 1483 523 1471 521 1471 520 1471 475 1472 474 1472 451 1484 449 1484 377 1472 376 1472 374 1472 357 1481 267 1477 266 1477 264 1477 263 1477 254 1481 255 1514"/></Shape>
	    <String CONTENT="ſi quelquefois telle doctrine venoit en auant, ils"
                    HPOS="254"
                    VPOS="1468"
                    WIDTH="1032"
                    HEIGHT="62"
                    WC="0.9929867553710937"></String>
          </TextLine>
          <TextLine ID="line_25"
                    TAGREFS="LT8"
                    BASELINE="254 1574 1287 1570" 
                    HPOS="252"
                    VPOS="1526"
                    WIDTH="1035"
                    HEIGHT="56">
            <Shape><Polygon POINTS="254 1574 254 1582 1287 1578 1287 1570 1285 1537 1211 1526 1210 1526 1209 1526 1207 1526 1194 1537 1192 1538 1119 1538 1118 1537 1089 1526 1088 1526 1086 1526 1085 1526 1084 1526 1070 1537 1070 1538 1035 1538 1035 1537 1005 1526 1004 1526 1002 1526 942 1538 936 1538 929 1538 855 1528 854 1528 853 1528 851 1528 839 1538 821 1538 789 1538 787 1538 759 1528 758 1528 756 1528 755 1528 729 1538 728 1540 629 1540 629 1538 596 1528 595 1528 593 1528 592 1528 570 1540 569 1540 566 1540 523 1529 521 1529 455 1540 451 1540 448 1540 414 1529 413 1529 332 1529 331 1529 330 1529 328 1529 315 1540 315 1541 252 1541 254 1574"/></Shape>
	    <String CONTENT="ne fuſſent cõtraints par la reformation de ces Hu"
                    HPOS="252"
                    VPOS="1526"
                    WIDTH="1035"
                    HEIGHT="56"
                    WC="0.995014055967331"></String>
          </TextLine>
          <TextLine ID="line_26"
                    TAGREFS="LT8"
                    BASELINE="258 1631 1283 1631" 
                    HPOS="258"
                    VPOS="1589"
                    WIDTH="1025"
                    HEIGHT="60">
            <Shape><Polygon POINTS="258 1631 258 1649 426 1646 427 1646 429 1646 438 1639 520 1640 528 1649 529 1649 531 1649 532 1649 550 1649 676 1640 705 1647 710 1649 711 1649 713 1649 714 1649 718 1647 737 1639 752 1646 754 1646 755 1646 787 1639 1282 1644 1283 1631 1283 1602 1114 1602 1096 1589 1095 1589 1093 1589 1067 1589 1066 1589 1065 1589 1063 1589 1047 1601 961 1589 960 1589 959 1589 918 1601 898 1589 896 1589 895 1589 850 1589 849 1589 847 1589 801 1602 683 1602 618 1601 590 1589 589 1589 588 1589 586 1589 585 1589 573 1600 524 1601 506 1589 505 1589 504 1589 479 1589 478 1589 476 1589 475 1589 460 1602 437 1602 403 1589 402 1589 400 1589 399 1589 366 1602 258 1602 258 1631"/></Shape>
	    <String CONTENT="guenots, de quitter 300. mille eſcuz de reuenu,"
                    HPOS="258"
                    VPOS="1589"
                    WIDTH="1025"
                    HEIGHT="60"
                    WC="0.9993052431877624"></String>
          </TextLine>
          <TextLine ID="line_27"
                    TAGREFS="LT8"
                    BASELINE="256 1691 1289 1688" 
                    HPOS="255"
                    VPOS="1646"
                    WIDTH="1034"
                    HEIGHT="61">
            <Shape><Polygon POINTS="256 1691 256 1701 426 1699 466 1701 558 1707 559 1707 561 1707 574 1700 577 1699 614 1700 710 1704 711 1704 900 1699 942 1697 946 1697 967 1704 968 1704 970 1704 1029 1697 1036 1697 1047 1697 1215 1706 1217 1706 1218 1706 1234 1697 1271 1706 1273 1706 1274 1706 1275 1706 1289 1696 1289 1688 1287 1659 1262 1646 1260 1646 1259 1646 1258 1646 1229 1658 1164 1655 1153 1646 1152 1646 1150 1646 1149 1646 1033 1658 946 1646 945 1646 944 1646 942 1646 926 1659 866 1659 773 1646 771 1646 770 1646 745 1658 664 1647 663 1647 661 1647 639 1658 601 1647 600 1647 599 1647 597 1647 596 1647 581 1659 563 1653 562 1653 561 1653 456 1659 425 1650 423 1650 422 1650 421 1650 383 1659 365 1647 364 1647 362 1647 320 1647 319 1647 317 1647 316 1647 302 1658 255 1661 256 1691"/></Shape>
	    <String CONTENT="qu’ils auoyent des benefices en leur maiſon, &amp;"
                    HPOS="255"
                    VPOS="1646"
                    WIDTH="1034"
                    HEIGHT="61"
                    WC="0.9992718256038168"></String>
          </TextLine>
          <TextLine ID="line_28"
                    TAGREFS="LT8"
                    BASELINE="256 1750 1285 1744" 
                    HPOS="255"
                    VPOS="1707"
                    WIDTH="1030"
                    HEIGHT="58">
            <Shape><Polygon POINTS="256 1750 256 1759 533 1765 535 1765 536 1765 538 1765 546 1759 547 1759 648 1763 649 1763 650 1763 663 1757 668 1756 789 1756 792 1757 798 1763 800 1763 801 1763 802 1764 921 1764 921 1763 922 1763 946 1756 955 1754 963 1756 984 1763 986 1763 987 1763 989 1763 1013 1756 1021 1754 1027 1756 1042 1761 1043 1761 1044 1761 1283 1754 1285 1744 1282 1715 1160 1708 1158 1708 1023 1715 987 1707 986 1707 984 1707 983 1707 982 1707 971 1715 808 1708 807 1708 805 1708 774 1716 667 1708 665 1708 664 1708 663 1708 654 1715 616 1710 615 1710 614 1710 612 1710 601 1718 523 1711 521 1711 404 1719 338 1711 336 1711 255 1721 256 1750"/></Shape>
	    <String CONTENT="rendre compte de leurs charges &amp; maniemens"
                    HPOS="255"
                    VPOS="1707"
                    WIDTH="1030"
                    HEIGHT="58"
                    WC="0.9913285984879449"></String>
          </TextLine>
          <TextLine ID="line_29"
                    TAGREFS="LT8"
                    BASELINE="256 1809 1287 1802" 
                    HPOS="255"
                    VPOS="1760"
                    WIDTH="1032"
                    HEIGHT="68">
            <Shape><Polygon POINTS="256 1809 256 1828 315 1818 415 1826 422 1826 423 1826 429 1826 502 1817 546 1822 547 1822 756 1816 766 1822 767 1824 768 1824 770 1824 771 1824 797 1822 891 1814 1285 1816 1287 1802 1285 1773 1243 1773 1226 1760 1225 1760 1224 1760 1203 1760 1202 1760 1201 1760 1199 1760 1183 1773 993 1773 960 1761 959 1761 957 1761 956 1761 955 1761 942 1772 910 1761 908 1761 907 1761 906 1761 904 1761 889 1775 835 1776 789 1776 778 1767 777 1767 775 1767 774 1767 732 1773 696 1763 695 1763 694 1763 692 1763 667 1775 650 1764 649 1764 648 1764 646 1764 565 1775 551 1764 550 1764 548 1764 524 1764 523 1764 521 1764 520 1764 506 1776 456 1779 388 1779 362 1765 361 1765 323 1765 321 1765 320 1765 293 1778 271 1772 270 1772 269 1772 267 1772 255 1778 256 1809"/></Shape>
	    <String CONTENT="paſſez:pour fortifier leut parti de Lorraine, atire¬"
                    HPOS="255"
                    VPOS="1760"
                    WIDTH="1032"
                    HEIGHT="68"
                    WC="0.9917037544342188"></String>
          </TextLine>
          <TextLine ID="line_30"
                    TAGREFS="LT8"
                    BASELINE="255 1867 1286 1860" 
                    HPOS="254"
                    VPOS="1822"
                    WIDTH="1032"
                    HEIGHT="56">
            <Shape><Polygon POINTS="255 1867 255 1877 1274 1878 1275 1878 1277 1878 1278 1878 1286 1870 1286 1860 1282 1831 991 1832 990 1832 956 1822 955 1822 953 1822 952 1822 951 1822 938 1832 938 1833 870 1833 868 1833 835 1824 834 1824 832 1824 831 1824 830 1824 817 1833 816 1835 786 1835 786 1833 766 1824 764 1824 763 1824 721 1831 686 1824 684 1824 683 1824 663 1835 660 1835 601 1825 600 1825 599 1825 597 1825 586 1835 527 1835 499 1825 498 1825 497 1825 495 1825 494 1825 480 1836 396 1836 393 1836 381 1826 380 1826 379 1826 377 1826 286 1835 270 1826 269 1826 267 1826 266 1826 264 1826 254 1833 255 1867"/></Shape>
	    <String CONTENT="rent à eux Antoine de Bourbon, luy promettans"
                    HPOS="254"
                    VPOS="1822"
                    WIDTH="1032"
                    HEIGHT="56"
                    WC="0.9864269235859746"></String>
          </TextLine>
          <TextLine ID="line_31"
                    TAGREFS="LT8"
                    BASELINE="256 1927 1289 1920" 
                    HPOS="255"
                    VPOS="1878"
                    WIDTH="1034"
                    HEIGHT="68">
            <Shape><Polygon POINTS="256 1927 256 1936 342 1936 379 1946 380 1946 381 1946 383 1946 384 1946 396 1936 430 1943 432 1943 433 1943 464 1935 466 1935 597 1935 619 1935 667 1945 668 1945 669 1945 696 1934 699 1934 713 1934 869 1943 870 1943 872 1943 910 1934 915 1932 921 1934 965 1942 967 1943 1057 1943 1057 1942 1058 1942 1093 1932 1101 1931 1176 1931 1177 1932 1190 1941 1191 1941 1192 1941 1194 1941 1287 1931 1289 1920 1286 1890 1143 1890 1130 1878 1129 1878 1127 1878 1126 1878 1124 1878 1078 1890 899 1879 898 1879 896 1879 872 1893 826 1893 811 1881 809 1881 808 1881 783 1881 782 1881 781 1881 779 1881 767 1892 730 1881 729 1881 728 1881 726 1881 725 1881 714 1890 649 1893 615 1893 603 1882 601 1882 600 1882 599 1882 597 1882 573 1894 475 1894 452 1884 451 1884 449 1884 360 1892 326 1884 324 1884 323 1884 321 1884 320 1884 312 1890 278 1884 277 1884 275 1884 274 1884 255 1893 256 1927"/></Shape>
	    <String CONTENT="de luy faire rendre par le Roy d’Eſpagne le royau"
                    HPOS="255"
                    VPOS="1878"
                    WIDTH="1034"
                    HEIGHT="68"
                    WC="0.9808180161884853"></String>
          </TextLine>
          <TextLine ID="line_32"
                    TAGREFS="LT8"
                    BASELINE="256 1984 1287 1981" 
                    HPOS="255"
                    VPOS="1941"
                    WIDTH="1032"
                    HEIGHT="62">
            <Shape><Polygon POINTS="256 1984 256 1991 313 2000 315 2000 316 2000 334 1992 558 1992 592 2002 593 2002 595 2003 631 2003 631 2002 633 2002 652 1992 768 1992 786 2000 787 2000 789 2000 980 1991 1001 1991 1002 1991 1010 1998 1012 1998 1013 1998 1014 1998 1078 1992 1130 2000 1131 2000 1217 1991 1226 1991 1232 1991 1278 2000 1279 2000 1281 2000 1282 2000 1282 1999 1287 1994 1287 1981 1286 1950 1271 1941 1270 1941 1268 1941 1233 1941 1232 1941 1230 1941 1229 1941 1217 1951 1126 1951 1112 1941 1111 1941 1109 1941 1069 1941 1067 1941 1066 1941 1040 1950 1013 1941 1012 1941 1010 1941 1009 1941 1008 1941 997 1950 964 1941 963 1941 961 1941 960 1941 938 1950 828 1943 827 1943 768 1951 709 1951 699 1942 698 1942 696 1942 645 1942 643 1942 642 1942 620 1953 464 1953 448 1942 446 1942 445 1942 444 1942 381 1949 351 1942 350 1942 349 1942 347 1942 346 1942 334 1953 255 1953 256 1984"/></Shape>
	    <String CONTENT="nie de Nauarre qu’il occupoit, ou la Sardaigne en"
                    HPOS="255"
                    VPOS="1941"
                    WIDTH="1032"
                    HEIGHT="62"
                    WC="0.9956088820282294"></String>
          </TextLine>
          <TextLine ID="line_33"
                    TAGREFS="LT8"
                    BASELINE="259 2042 1286 2040" 
                    HPOS="258"
                    VPOS="2000"
                    WIDTH="1028"
                    HEIGHT="64">
            <Shape><Polygon POINTS="259 2042 259 2053 316 2064 317 2064 319 2064 341 2057 398 2064 399 2064 400 2064 402 2064 413 2056 438 2064 440 2064 441 2064 442 2064 474 2055 501 2064 502 2064 504 2064 584 2055 751 2064 752 2064 872 2053 1153 2063 1154 2063 1156 2063 1157 2063 1169 2052 1286 2051 1286 2040 1285 2011 1271 2003 1270 2003 1268 2003 1267 2003 1184 2008 1173 2000 1172 2000 1171 2000 1169 2000 1112 2011 1074 2000 1073 2000 1071 2000 1070 2000 1037 2013 986 2013 968 2000 967 2000 965 2000 923 2000 922 2000 921 2000 919 2000 904 2013 729 2013 707 2002 706 2002 663 2002 661 2002 608 2013 538 2013 513 2002 512 2002 510 2002 451 2013 339 2013 285 2002 283 2002 282 2002 258 2013 259 2042"/></Shape>
	    <String CONTENT="change, erigee en Royaume: Ils s’adioignirent"
                    HPOS="258"
                    VPOS="2000"
                    WIDTH="1028"
                    HEIGHT="64"
                    WC="0.9862499025132921"></String>
          </TextLine>
        </TextBlock>
        <TextBlock HPOS="573.0"
                   VPOS="101.0"
                   WIDTH="498.0"
                   HEIGHT="60.0"
                   ID="block_1"
                   TAGREFS="BT18">
          <Shape><Polygon POINTS="1071 101 1071 161 573 161 573 101"/></Shape>
          <TextLine ID="line_1"
                    TAGREFS="LT8"
                    BASELINE="563 150 1071 146" 
                    HPOS="562"
                    VPOS="107"
                    WIDTH="509"
                    HEIGHT="56">
            <Shape><Polygon POINTS="1065 138 1051 138 1037 138 1024 138 1010 138 997 138 983 138 970 138 956 138 942 138 929 138 915 138 902 138 888 138 874 138 861 138 847 138 834 138 820 138 807 138 793 138 779 138 778 129 767 118 760 111 760 110 759 110 758 110 756 110 755 110 754 110 754 111 747 116 741 122 736 116 726 108 726 107 725 107 724 107 701 107 699 107 698 107 696 107 696 108 690 114 686 119 680 114 673 108 673 107 672 107 671 107 669 107 639 112 631 114 629 112 624 108 624 107 623 107 622 107 620 107 562 108 563 150 563 154 578 163 580 163 581 163 618 154 620 154 623 154 646 163 648 163 649 163 650 163 671 154 673 154 677 154 726 163 728 163 729 163 730 163 730 161 737 154 739 153 741 154 755 161 756 161 758 163 786 163 786 161 787 161 789 161 789 160 794 154 797 153 804 154 830 161 831 161 832 161 834 161 857 154 865 153 872 154 892 161 893 161 895 161 896 161 921 154 934 152 946 154 963 160 964 160 965 160 967 160 979 154 987 152 998 154 1013 160 1014 160 1016 160 1070 154 1071 146 1069 138 1065 138"/></Shape>
	    <String CONTENT="DIAPOGVE."
                    HPOS="562"
                    VPOS="107"
                    WIDTH="509"
                    HEIGHT="56"
                    WC="0.9998494254218208"></String>
          </TextLine>
        </TextBlock>
        <TextBlock HPOS="1113.0"
                   VPOS="2073.0"
                   WIDTH="202.0"
                   HEIGHT="49.0"
                   ID="eSc_textblock_4fcbc0dd"
                   TAGREFS="BT17">
          <Shape><Polygon POINTS="1315 2122 1315 2073 1113 2073 1113 2122"/></Shape>
          <TextLine ID="line_34"
                    TAGREFS="LT8"
                    BASELINE="1122 2099 1286 2099" 
                    HPOS="1122"
                    VPOS="2055"
                    WIDTH="164"
                    HEIGHT="58">
            <Shape><Polygon POINTS="1122 2099 1122 2113 1286 2113 1286 2099 1286 2068 1256 2055 1255 2055 1254 2055 1252 2055 1221 2067 1210 2056 1210 2055 1209 2055 1207 2055 1187 2055 1186 2055 1184 2055 1183 2055 1183 2056 1173 2066 1122 2068 1122 2099"/></Shape>
	    <String CONTENT="auſsi le"
                    HPOS="1122"
                    VPOS="2055"
                    WIDTH="164"
                    HEIGHT="58"
                    WC="0.9993579685688019"></String>
          </TextLine>
        </TextBlock>
        <TextBlock HPOS="878.0"
                   VPOS="2336.0"
                   WIDTH="336.0"
                   HEIGHT="67.0"
                   ID="eSc_textblock_93dbdc9f"
                   TAGREFS="BT9">
          <Shape><Polygon POINTS="878 2336 878 2403 1214 2403 1214 2336"/></Shape>
        </TextBlock>
      </PrintSpace>
    </Page>
  </Layout>
</alto>
