1451 2411
234 69 102 59 150.

231 134 1043 64 ſons auoir eſgard en telles fautes, uy és autres, anx.

234 192 1045 69 ſeruices paſſez que les coulpables, leurs parens &

234 251 1046 67 amis peuuent auoir faits: afin que la vertu (à la¬

235 309 1035 68 quelle parmi les hommes eſt douë recognoiſſan¬

235 367 1047 61 ce & guerdon) ne ſoit ſatioſaite de ſes morires(au

239 425 1036 69 preiudice de la gloire de Dieu & de la ſeurerl ch

237 482 1046 67 mune) auec la remiſsion de la peine deuc à la ſan¬

237 543 1046 70 te: ains ſoit l’vne tœuſiours guerdonnee, & l'autre

237 601 1049 70 chaſtiee & punie: & qu'auſsi aux faux accuſateurs.

238 660 1044 71 ſoit impoſee peine,ſuyuant les loix, ordonnãces,

237 723 541 67 ou couſtumes des lioux.

486 66 568 54 DIAEOGVE I.

267 779 1019 70 24 Que la neceſeité de tenir armee en cam¬

243 835 1045 73 pagne paſſee, le Gebcral en remettant ſa charge

241 894 1031 69 entre les mains du confeil, ne deſdaigne poinc (uy

242 952 1045 71 les autres cheſs inſerieura pareillement leur tẽps

239 1014 1051 62 accompli) de retounner comme auparanant per¬

243 1074 878 63 ſonnes priuees, ouauoir moindre charge.

282 1123 1012 71 25 Que l’on introduiſe & obſerue trel-eſtroi!

241 1188 1051 67 tement, depuis le chefgeneral iuſques aux moin¬

242 1243 1046 69 dres chefs &membres, la diſcipline eccleſiaſtique

241 1303 1058 69 & religieuſe, ordonnée & introduite paricy deuãt.

250 1359 1042 74 par' les Synodes tenus en la France, auant la der¬

242 1419 1054 69 niere diſsipation des Egliſes, par les Miniſtres &

243 1484 1043 57 Anciens d’icelles: afin que par ce moyen on yoye

243 1537 1052 68 à l’œil, le regne de Dieu & le ſceptre de ſa parole,

241 1597 1039 65 eſtabli & entretenu: & le regne de Satan, auec la

241 1656 1042 59 cohorte des vices,que le monde & la chair entre¬

241 1711 1057 63 tienent, deſtruits,chaſſez, & abolis d’entre les fidk

241 1772 1057 67 les, comme il appartient à vrais enfans de lumie

238 1828 1062 69 re: Eſtans aſſeurez qu’en ce faiſant, ils ſerontbe¬

237 1891 1039 57 nits à la vi lle & aux champs: ils habiteront en tou

238 1948 1062 71 te ſeureté, rien ne les eſpomrntera: le couſteau

1136 2014 134 52 meur
