1450 2439
317 66 75 61 80

315 142 1018 62 œuures, qu’il n’en a ny ſoin ny cure: Et toutefois

314 201 1015 67 ſi y faut-il penſer, Hiſtoriographe mon amy, & y

313 262 1019 52 entendre continuellement: ce doit eſtre noſtre

317 321 1013 61 principal but. Mais s’il plaiſt à Dieu, nous en par

311 380 1019 59 lerons à loiſir, deuãt que nous-nous laiſsions l’vn

313 440 1016 58 l'autre. Tu entendras poſsible, ce que tu n’as ia¬

310 499 1019 63 mais appris, quoy qu’il ſemble que tu en ayes ouy

313 556 1017 63 parler quelque fois: Pour maintenant il eſt que¬

310 612 1020 64 ſtion de pourſuyure ton hiſtoire, & de nous dire

311 673 1021 62 (ſi tu le ſçais) comme c’eſt que le Roy entend ce

315 735 282 56 que tu as dit.

565 75 538 55 DIALOGVE I.

307 787 1021 57 L'hiſt. Ie te le diray tout à ceſte heure, & t’eſcou¬

310 850 1023 60 teray quand tu voudras: auſsi bien ne ſcay-ie dire

317 906 1017 65 (quand il eſt queſtion de ſalut) où c’eſt que i’en

307 967 1026 58 ſuis. L’ignorance de nos curez, & la noſtre, nous

307 1043 1023 46 a logen couehane ccinycnce Gumiotassenge dr (en

307 1085 263 54 me on dit.)

307 1139 1021 66 Le pol. Ie ſeray s’il te plaiſt de la partie, Alithie,

302 1201 1032 60 auſsi bien ne voy ie point de religion, ne de

306 1258 1028 54 voye de ſalut, ains pluſtoſt tout atheiſme, & che¬

303 1319 1031 59 min de perdition parmi nous. On a beau ſe dire

303 1375 1033 64 treſ-chreſtien, il eſt tout clair qu’on ment fauſſe¬

302 1444 147 45 ment.

300 1490 1034 54 Ali. Ie ſuis bien aiſe de vous voir en chemin de

300 1555 1036 60 vouloir apprendre, nous en parlerõs plus à plein

298 1608 1040 61 Dieu aidant: Pour ceſte heure oyons l’Hiſtorio¬

295 1669 1043 64 graphe ſur ſon interpretation, & le reſte de ſon

295 1730 219 59 diſcours.

291 1784 1043 64 L’hi. Comme ie vous ay dit, il y a des Huguenots

291 1844 1046 66 en grand nombre, qui ſont eſchappez de la tue¬

290 1906 1047 61 rie, tous leſquels peuuent eſtre repartis en deux

290 1960 1044 71 eſpeces: l’vne ſera de ceux qui s’en ſont fuys hors

1260 2020 66 57 la
