1448 2415
248 61 95 49 1o2

248 126 1025 56 Roy a voulu & taſché, comme il taſche encores

245 190 1031 58 faire enleuer en Frãce le petir roy d’Eſcoſſe, pour

248 250 1030 57 mettre vn iour à venir toute la grãde Bretagne en

248 308 1032 59 vn acceſſoire dangereux; & qu’il entretiẽt la guer¬

248 366 1033 60 re par forces & par menees le plus qu’il peut en

248 421 1030 61 Eſcoſſe. Elle qui eſt bien aduertie d’vne entrepri

248 480 1033 66 ſe faite n’agueres par le cõmandemẽt du Roy, ſur

248 539 1033 66 I'Iſle de Gerſoy, pour y ſurprẽdre & tuer ceux qui

252 597 1029 65 y eſtoyent refugiez ſous ſa protectiõ. Ceſte Prin

248 657 1034 63 ceſſe, à laquelle ſans doute tous les Huguenots re

249 720 1036 60 gardent attentiuement, luy adreſſans leurs prieres

250 776 1034 61 & vœus. Ie ſcay fort bien que toutes les fois qu’el

249 831 1032 66 le voudra, il luy ſera fort aiſé (y employãt vn des

249 893 1039 63 Myllords que le Roy demandoit, ou autre tel des

250 952 1035 59 grans de ſon Royaume qu’elle voudra choiſir) de

246 1008 1040 63 ſe faire maiſtreſſe de la terre, dõtelle ne porte que

249 1069 1035 60 Ie nom & les armes. Quãt aux Princes & Eſtats

252 1129 1032 62 de l’Empire, ne doutez pas s’ils veulent (cõme ils

250 1191 1034 58 doyuẽt) qu’ils ne puiſſent recouurer maintenant,

252 1243 1029 63 les terres de Mets, Vérdun, & Thou, que le Roy

250 1305 1032 62 a vſurpé ſur l’Empire: & auec ce, paſſer outre pour

252 1361 1032 65 ſe rẽbourſer des deſpẽs que l’Empereur Charles

252 1422 1033 60 leur ſit faire deuãt Mets, & de ceux qu’ils ferõt au

253 1485 1033 49 recouuremẽt de ces terres. A voſtre auis, l’Eie¬

252 1542 1029 53 cteut Palatin entre autres Prĩces de la Germanie,

253 1599 1031 60 n’a-il pas occaſiõ de ſe reſſentir de ce que le Roy

254 1656 1034 54 taſchoit d’attirer en ſa cour le duc Chriſtofle, &

250 1715 1034 62 d’endormir le duc Iean Caſimit, pir des penſions

250 1773 1036 66 qu’il luy offroit, pendant qu’il faiſoit ſon appreſt

254 1836 1032 61 pour perdre tous ceux de la religiõ: & particulie¬

250 1893 1034 61 remẽt l’Amiral, que l’Electeur aimoit ſinguliere¬

246 1953 1036 59 mẽt? Ie diray cela, que quãd ce Prince ſeul ſe vou

246 2009 1039 63 dra eſuertuer & reſſentir de l’outrage fait à l’Ami

499 60 563 56 DIALOGVE I.

1207 2066 74 57 ral
