1437 2426
137 132 1029 64 auſsi le Conneſtable, & le mar eſchal ſainct A n¬

137 208 1033 53 dre, tant à cauſe de ſa recerche qu ils craignoyet

138 257 1033 62 qu’on ſiſt vn iour ſur eux, des dons immenſes, re¬

136 315 1036 63 ceus du Roy, contre les loix du Royaume, que

141 374 1033 62 pour la crainte qu’ils auoyẽt d’eſtre contrains de

137 431 1034 64 rendre les confiſcations des Lutheriẽs & Hugue¬

138 490 1032 62 nots, ſi vne fois ils auoyent le credit & la faueur¬

141 547 1026 70 Pluſieurs autres grands ſeigneurs auſsi ſe renge¬

138 609 1030 55 rent du coſté de meſaieurs de Lorrainc, en haine

140 665 1027 60 de ceſte doctrine de l’Euangile. L’expugnation

140 726 1031 65 de laquelle eſtant iuree par eux, le duc de Guyſe

138 785 1033 61 commença à faire preuue de leur deſſein ſur les

138 842 1033 66 Huguenots de Vaſſy, deſquels luy ou ſes gens tue

138 903 1034 60 rent vn bon nombre, ainſi qu’ils les trouuerent aſ

137 960 1031 67 ſemblez au preſche. Quand & quand le prince

140 1018 1030 65 de Condé par le commandemẽt de la Royne me

138 1083 1033 58 re (qui par letres & courriers luy recommandoit

140 1134 1026 66 la deſenſe d’elle & du Roy ſon fils, ayant deſcou¬

142 1198 1026 54 uert l'entre priſe de meſsieurs de Lorraine, & de

140 1257 1031 59 leurs conſederez)prit les armes, & les fit prendre

140 1315 1030 62 auec luy aux Huguenots de la Frãce, pour la con

136 1370 1034 58 ſeruation du Roy, de ſes Edicts, vaſſaux & ſuiets.

386 75 506 54 DIRLOGVE.

1117 70 62 63 15

196 1432 976 61 Meſsieurs de Lorrame, ayans auparauant aſ¬

140 1490 1031 62 ſemblé forces de pied & de cheual en grand nom

140 1549 1032 57 bre. & auec eux le Conneſtable, & le mareſchal

138 1607 1034 56 ſainct André, vindrent à la Cour armez: & la s’e¬

138 1665 1030 62 ſtans emparez du Roy, eurent auſsi à la fin ſa me¬

138 1726 546 61 re fauorable à leur party.

137 1781 1034 62 Le po. Il eſt ainſi. Et voila d’où nous vindrẽt beau

140 1846 1030 53 coup de maux:car ſi la Royne mere n’euſt iamais

141 1901 1031 62 donné courage & mandemẽt au prince de Cõdé

146 1958 1026 70 de s’armer, ou l’ayãt ſait, s’elle n’euſt point à la fin
