1474 2440
253 100 86 65 B4

250 158 1055 68 de Condé fut fait pritomner, ee puis tué de ſang.

248 237 1045 39 froid, par commandement du duc d'Anſou : Ea

248 281 1037 66 charge de l’armee des Huguenots par eux remiſe

252 340 1043 58 (apres la mort du prince de Cõdé) entre les maïs

249 397 1047 55 de l’Amiral, ſous l’authorité des ieunes prihces

252 458 1055 59 de Nauarre & de Condé. L’edict de paciſication;

250 513 1057 61 de ces troubles fait par Charles & ſon conſeil, a¬

250 574 1059 59 uec toutes les ſolennitez requiſes le 22.iour d'l¬

250 635 1045 53 ouſt 1570. Les promeſſes & iuremens ſolennels

250 692 1050 61 faits par Charles, les Seigneurs de ſon conſeil,

249 752 1054 62 tous les parlemens, gouuerneurs & miniſtres de

249 809 1043 61 la iuſtice de France, de le garder inuiolablement

249 872 1048 57 & à iamais: Les outrages, violences, & iniuſtices

246 928 1061 62 faites preſque par toute la Frãce aux Huguenors;

248 984 1056 58 durant deux ans depuis ledict Edict: Le ſemblam

250 1042 1053 61 que Charles faiſoit de vouloir faire chaſtier les.

248 1107 1049 58 ſeditieux & perturbateurs de paix & repos ? Les

246 1164 1051 64 menees que luy & ſa mere ont fait, pour faire vt¬¬

246 1222 1047 60 nir à leur cour la royne de Nauarre, ſon fils; ſes

244 1282 1044 61 neueux, l’Amiral, & autres ſeigneurs & gentils

245 1339 1041 64 hommes Huguenots: Les nopces du roy de Na¬

246 1398 1050 60 uarre auec Marguerite ſœur de Charles: La bleſ¬

245 1458 1041 53 ſure de l'Amiral faite le dernier iout des deux ans

245 1518 1039 58 apres la paix derniere: Le meuttre d’iceluy Ami¬

244 1572 1045 66 ral, & de tant de ſeigneurs gentils-hommes, & au

244 1636 1048 58 tres,tant hommes, ſemmes, que petits enfans Hu

245 1693 1037 55 guenots, maſſacrez inhumainement dans Paris,

241 1751 1049 61 le Dimanche 24. iour d’Aouſt 1572. & autres

242 1812 1058 51 iours enſuyuans: les cruels maſſacres, violenres;

242 1870 1044 61 & rauiſſemens faits en pluſieurs villes & endroits

240 1926 1038 62 de la France, & ceux qu’on fait iournellement, ſur

237 1987 1043 62 la cõſcienee, honneur, vie & biens des Huguenos:

512 101 571 52 DIALOGVEI.

1200 2044 77 55 les
