1431 2424
141 136 1025 67 rance d’aucumrepos ou ſelicité, que ſut le maria¬

142 199 1022 62 ſe du roy de Nauarre (comme s’il euſt eſté le ſau

142 259 1026 62 ueur de l’Egliſe) ayans bien quelque peu, voire

141 317 1025 61 trop legerement inſiſté ſur la forme, mais ſur la

140 378 428 51 matiere nullement.

351 74 565 53 DIALOGVE I.

140 429 1028 67 L'egl.Il eſt certain: Et ceſte faute me poiſe beau.

142 494 1028 56 coup: Mais cependant i’ay tant d’aſſeurance de la

141 579 1027 33 toquuse de Mconcipomyiu ſamete d uscomre

146 608 1024 63 plir le contract de noſtre alliance: ce qu’il a eſté,

145 667 450 57 il eſt, & ſera à iamais.

145 724 1023 58 Ali. Il faut tenir ceſte reſolution, & s’y conſoler:

148 786 1024 63 que Dieu eſt tout ſage, tout bon, tout puiſſant, &

145 843 1029 64 ialoux de ſa gloire, & partant qu’il ne veut rien

146 902 1028 63 perdre du ſien: & qu’eſtant la meſme verité, il ne

142 969 1032 53 défaudra vn ſeul iota de ſa parole, à ſçauoir de ſes

145 1022 1027 63 promeſſes enuers ſes enſans, & de ſes iugemens

148 1081 842 59 enuers ſes ennemis, & le temps eſt pres.

1083 84 86 45 321

145 1137 1031 66 L'egl. Mais ſurquoy eſt-ce ie vous prie que ces

145 1201 1031 59 meſchans ont pris leur argument pour tout raua¬

148 1253 1026 66 ger & deſtruire, qu’elle occaſion en auoyent ils?

144 1315 1035 61 car de ceſte conſpiration qu’ils ont impoſee aux

146 1373 1033 62 mieux, c’eſt vne couuerture ſi ſorte qu’on y voit

148 1435 400 50 le iour au trauers.

145 1490 1032 62 Ali. Ie ne ſache point qu’ils ayenq eu aun oeca¬

145 1548 1032 63 ſion de ce faïre, que celle que Cain eut en tuant

148 1605 1028 58 Abel, celle d’Herode en faiſant meurtrir les en¬

149 1668 1040 61 ſans. Le tout pour enſuyure les louxr qui æſtoyent

148 1729 1032 59 bien au long couchees dans les memoires qu’on

152 1784 1025 62 bailla à l'Amiral deuant les nopces, que pleuſt à

149 1840 1027 69 Dien qu’il les euſt creues, & que quelque iour

150 1902 1023 68 tout le reſte des gens de bien y prene garde pour

150 1958 490 68 euiter à leurs ſurpriſes.

932 2013 112 67 H.v.
