1400 2400
122 130 1028 60 à remettre entre les mains du gouuerneur de la

124 189 1024 63 ville, ou du pays, qui entendroit du Roy ce qu’il

122 249 1027 60 luy plairoit d’en ordonner. Et toutefois on voyoit

124 308 1022 60 que les priſonniers n’eſtoyẽt point deliurez, ains

121 368 1023 50 tous les iours en empriſonnoit-on de nouueaux.

121 421 1020 57 Pluſieurs d’entre leſdicts Huguenots moins cre¬

121 484 1032 61 dules que les autres, ont penſé faire plus ſagemẽt

121 541 1024 55 de ſortir viſtement hors de France que d’y demeu

120 601 1020 60 rer plus longuement : mais ils n’ont pas ſi toſt e¬

116 657 1026 63 ſté hors du Royaume (cõbien qu’ils ſe ſoyent re¬

117 716 1025 62 tirez és terres cõfederees au Roy) que ſes officiers

116 774 1024 62 en beaucoup d’endroits, leut ont ſaiſi & anno¬

114 832 1026 64 té leurs biens, les ont confiſquez, vendu les meu¬

110 892 1027 64 bles d’aucuns, & d’aucuns autres ſaccagez & pil¬

116 958 140 52 lez.

348 60 536 64 DIALOGVE I.

169 1008 971 62 Or pour retourner aux choſes de Paris, le Roy

112 1068 1029 61 le s. iour du mois de Decembre, ayant fait ve¬

110 1126 1028 55 nir à ſoy Pezou Bouchier (l’vn des conducteurs

110 1188 1028 50 des Pariſiens ) luy demanda, s’il y auoit encores

110 1245 1026 67 dãs la ville quelques Huguenots de reſte: A quoy

113 1304 1025 62 Pezou reſpondit, qu’il en auoit ietté le iour aupa

112 1364 1026 58 rauant ſix vingts dans l’eau, & qu’il en auoit enco¬

110 1425 1026 57 res entre ſes inains autant pour la nuict venant:

112 1481 1025 64 Dequoy le Roy grandement reſiouy, s’en print à

109 1538 753 55 rire ſi fort, que ne le ſcauriez croire.

1094 56 54 72 75

168 1596 964 64 Le 9.iour de Septẽbre, le Roy eſmeu de peur,

108 1653 1025 61 & de cholere tout enſemble, iurant & blaſphe¬

108 1717 1028 60 mant qu’il vouloit tuer de ſa main propre tout le

106 1773 1030 65 reſidu des Huguenots, commanda qu’on luy ap¬

109 1832 1028 62 portaſt ſes armes, ſe fit armer, & fit venir à ſoy les

106 1890 1030 64 capitaines de ſes gardes, diſant que par la mort¬

109 1948 1025 66 Dieu, il vouloit commencer à la teſte du prince
