1425 2432
125 170 1016 83 bleſſe, & du Peuple, ſont d’autre part tellement

127 249 1012 72 alienez de ceſte maiſon, & ſi fort enaigris con¬

127 318 1019 73 tre ſes deſportemens, Ils ſont par le contraire ſi

127 387 1018 68 deuots enuers vous, & tant affectioneZ à voſtre

127 452 1018 77 maiſon, qu’il ſemble bien qu’il n’y fit onques ſi

128 526 672 68 beau, qu’il y faict maintenant.

197 593 949 69 Du party des Catholiques, voſtre excellence

128 664 1015 64 a autant d’occaſion de s’en aſſeurer, comme

129 730 1017 65 s’il les tenoit tous, par maniere de dire, dans ſa

128 805 1011 62 manche: Sur tout maintenant, que tous eux re¬

131 866 1012 74 gardent, pour l’abſence du Roy de Poloigne, ſur

131 936 1011 70 vous, que ſeul ils croyent, & par le nom du¬

128 1006 1015 66 quel ils iurent, comme de leur Liberateur: Quãt

128 1074 1013 70 au party des Huguenotz, ce traicté monſtre aſ¬

128 1140 1015 78 ſez en diuers paſſages, le plaiſir qu’ils prendro¬

128 1214 1015 66 yent à vous voir reprendre ce que de droit vous

128 1283 1014 70 appartient. Et combien que pour quelques re¬

136 1345 1007 75 ſpets de l’hiſtoire, il s’auiſe de marquer des cho¬

129 1417 1016 73 ſes que les voſtres ont exploité par le paſſé au de

128 1487 1018 72 ſauatage de leurs affaires, le temps, (vray cyrur

131 1555 1012 73 gien des playes les plus deſeſperees,) a tellemẽt

132 1626 1006 72 penſé ces coups, qu’il ne parle que par acquit, &

131 1695 1012 66 comme en paſſant de ces choſes: traictant au re¬

131 1759 1011 71 ſte ſi rondement de vos droicts, & de vos pre¬

132 1832 1017 70 tenſions, qu’on ne peut mieux deſirer: Que s’il

135 1899 1011 70 ſe met a parler de vous en particulier, il fait

135 1971 1011 69 tellement ſonner l’execution que vous fiſtes ſur

874 2037 135 72 b.iiu.
