1481 2440
284 67 102 61 144

313 128 1012 60 Apres le ſerment fait, ils eſliſent auec voix &

286 184 1039 69 ſuffrages publiques en leur dicte ville ou cité, vn

283 248 1042 59 chef ou Maieur pour leur commãder, tant au fait

286 306 1037 64 de la guerre (pour leur defenſe & conſeruation)

283 364 1042 67 que de la police ciuile, afin que le tout y ſoit fait

283 427 328 59 par bon ordre.

425 479 900 64 Qu’à chacun deſdicts Maieurs ils eſliſent

286 542 1037 61 vn conſeil de 24. hommes, leſquels & pareille¬

282 599 1034 63 ment le Maieur, ſeront pris & choiſis ſans accep¬

280 658 1045 60 tiõ de la qualité,ſoit des nobles, ou d’entre le peu

284 718 1042 66 ple, tant de la ville que du plat pays, comme ils ſe

282 780 874 60 ront cognus propres pour le bien public.

551 65 571 54 DIALOGVE I.

344 836 983 61 6 Qu’outre leſdicts 24, conſeillers qui ſerõt

282 896 1040 62 ordinaires auec le Maieur qui ſera le 25.y ait 75.

279 954 1043 59 hommes eſleus, leſquels auec le nombre de cent,

282 1015 1040 58 qui ſeront pareillement indifferemment pris tant

280 1070 1039 64 des habitans des villes que du plat pays: par de¬

279 1142 1043 50 uant leſquels pourront appeller les parties es cau

279 1188 1040 61 ſes criminelles ſeulement, c’eſt à ſçauoir, où y au

280 1249 1039 55 roit condamnation de mort, banniſſement, oumu

280 1305 460 54 tilation de membres.

415 1359 907 68 Que ſans le cõſeil des 24.le Maieur ne puiſ

278 1421 1041 60 ſe reſoudre ny faire aucune choſe de la guerre ou

276 1478 1039 64 de la police (qui peuuent tomber ſous delibera¬

272 1538 1044 65 tion) Et és choſes de plus grande importance, le

276 1599 1042 57 conſeil des 25. ne puiſſe aucune choſe determiner

272 1656 1040 64 ſans le conſeil des cent: comme pour loy nouuel¬

278 1717 1037 54 le, ou abrogation d’anciene, ordonnãce des mon¬

275 1775 1039 63 noyes, leuee de deniers, accord de trefues ou paix

272 1840 1042 55 & choſes directement touchantes au public, &

278 1897 317 60 d’importance.

336 1946 976 73 8 Que les choſes ordonnees par les chefs &

1121 2007 190 56 conſeils
