1469 2417
265 75 96 59 108

265 142 1033 70 pour taſcher de le marier auec la Reginelle ſœul

264 202 1033 67 du roy de Poloigne, toute vieille qu’elle eſtoit, e¬

264 264 1037 63 ſtimans que ce ſeroit vn bon ioyen pour le faire

268 322 1037 66 paruenir à ce Royaume là apres la mort de Sigiſ¬

265 381 1038 64 mond lors regnant. I'auois bien ſceu auſs i qu’a¬

269 440 1030 68 pres ceſte depeſche, le Roy & la Royne ayans e¬

267 496 1036 67 ſté aduertis que le roy Sigiſmond eſtoit mort ſur

265 558 1038 62 ces entrefaites, auoyent enuoyé en ambaſſade

265 612 1036 68 Monluc eueſque de Valẽce, par deuers les Polo¬

263 674 1044 63 nois auec des bien belles memoires & cha rge biẽ

260 739 1045 58 ample de richement mentir de beaucoup promet

267 796 1035 56 tre, & de rien tenir: pour eſſayer par ceſt artifice,

268 852 1037 62 de faire eſlire Monſieur à ce beau Royaume vac¬

269 911 1036 69 quant. Maintenant tant plus ie penſe à ce ſtratage

268 974 1037 62 me que tu m’as recité, tãt plus ie le trouue remar¬

269 1027 1036 70 quable, & digne d’eſtre logé en ſon reng au liure

269 1088 1034 57 de mes memoires. Mais ie m’aſſeure biẽ ſi le Roy

269 1144 1037 71 y àduiſe de pres, qu’il empeſchera bien le deſſein

269 1212 229 51 de l’autre.

531 79 560 52 DIALOGVE I.

272 1260 1034 74 Le pol. Tout auſsi bien comme l’autre ſe peut gar

271 1326 1039 66 der d’eſtre attrapé, anticipãt ſon compagnon, par

273 1388 555 60 vn gaillard contrantidote.

269 1443 567 66 L’hiſt. A bon chat, bon rat.

269 1499 1040 68 Le pol. Or ie veux laiſſer ces grands iouer leurs

271 1561 1040 58 tours, comme mieux ils l’entendent: & acheuant

271 1618 1038 61 mon diſcours dire en vn mot, ce que ie penſe de

273 1697 1036 48 la portée des petits. Ie ſuis trelaſſeute que quand

273 1736 1034 63 tous les autres ſe tairoyent, les vrais Catholiques

279 1791 1026 74 François, & quelque nouueau Bodille, que les Hi

277 1851 1029 70 ſtoriens nous recitent auoir iadis tué Childeric

275 1908 1031 75 roy de Frãce, ainſi qu’il reuenoit de la chaſſe, pour

276 1969 1027 77 ce qu’il l’auoit fait fouëtter publiquement atta¬

1216 2020 91 65 ché
