1436 2409
143 135 1034 65 moins ceſt outrage, que s’il eſtoit fait à ſa propre

143 208 1025 55 petſonne: ayant vne ſois declaré, que qui la tou¬

139 256 1034 57 che, touche la prunelle de ſon œil. Partant eſt en

139 314 1033 62 ioint à l’Egliſe, & à tous ſes membres ſuruiuans,

139 374 1034 54 d'attendre en toute patiẽce l’aduenement du Sei¬

139 433 1037 64 gneur, Ayans ſouuenance que Ieruſalem, apres le

137 492 1039 60 meurtre fait en la perſonne de noſtre Seigneur Ie

135 548 1042 64 ſus Chriſt (d’autant que la vengeance tardoit à ve

133 607 1041 63 nir,cuidant eſtre eſchappee & à deliure) ſe ſentit

133 666 1036 64 raſer iuſques aux fondemens, & vit diſsiper & de¬

133 730 1047 58 ſtruire ſa nation quarante ans apres, par l’armee

133 789 1036 51 des Romains, deſquels neantmoins (en mettant à

131 843 1047 55 mort leſus Chriſt) ils ſembloyent pourchaſſer l’a

128 902 1040 64 mitié & la bonne grace. Qu’ils ſe ſouuienẽt auſsi

129 964 1047 62 que le premier monde moqueur & prophane, a¬

131 1019 1035 70 pres auoir meſpriſé par l’eſpace de plus de cent

128 1082 1040 59 ans les admonitions de ce bon patriarche Noé,

123 1136 1043 67 fut ſubmergé, lors qu’il y penſoit le moins: quand

124 1195 1041 64 l'Egliſe de Dieu (laquelle toute conſiſtoit lors en

124 1256 1040 62 huict perſonnes) fut garantie & conſeruee, au mi¬

125 1314 1045 64 lieu des flots & des vagues. Qu'Achab & Iezabel

124 1378 1041 62 ſa ſemme, apres auoir que lque tẽps regné en per¬

123 1432 1039 56 ſecutant l’Egliſe, furent deſtruits, eux & toute leur

121 1490 1039 63 race,par Iehu, que Dieu ſuſcita à ceſt effet: & d’v¬

123 1553 1039 61 ne infinité d’autres exemples,par leſquels on voit

123 1611 1034 60 à l’œil que le Seigneur apres auoir fouetté ſes en¬

120 1671 1036 60 ſans, lette les verges au feu. Et pource que (com¬

120 1730 1038 60 me le peuuẽt conſiderer toutes perſonnes qui ont

120 1786 1037 63 quelque ſentiment, ſolide iugement & bon diſ¬

119 1845 1037 64 cours) la ligue du Pape. du roy d’Eſpagne, & de

120 1907 1034 59 tous les catholiques Romains, & la particuliere

119 1964 1034 66 intelligence qui eſt entre l’Empereur & ſes deux

321 76 585 49 DIALOGVEI.

1106 85 43 47 13
