1440 2450
282 201 1009 82 qui ſont de ſon obeiſſance: les Iuifs (dy-ie) que

279 277 1013 72 chaſcũ ſcait eſtre vrays ennemis de Chriſt: Mon

283 351 1011 68 ſeigneur, mettons lé cas que ces gens cy fuſſent

279 421 1013 62 tobeZ en quelque erreur: (come vn chacu d’eux

277 484 1011 67 confeſſe qu’ils en ont commis vn bien lourd,

277 549 1015 71 quand ils ſe ſont par tant de fois fiez à ceux là

277 623 1017 65 de Valois: Mais mettõs le cas que l’erreur fuſt en

256 686 1032 74 articles de la foy: ils ſe ſont touſiours ſouſmis

276 755 1014 71 d’en vouloir eſter à l’eſcriture: Ils paſſeront con¬

275 824 1008 70 dẽnation, s’on leur moſtre qu’ils ſont deceus: &

276 894 1014 73 ſont preſts à ſe retracter s’on leur pouuoit enſei¬

277 966 1015 65 gner mieux. Ils ont faict voir tout ce qu’ils cro

277 1030 1014 72 yent. Ils ſont touſiours preſts de le faire auec dou

275 1099 1016 71 ceur & come à Chreſtiens appartiẽt. Ie ſuis icy

275 1167 1015 75 cõtraint de dire, qu'il me ſemble que ceſte voye

275 1237 1009 73 eſt la meilleure, & la plus ſeure, pour l’eſtat &

279 1308 1005 70 pour la conſcience, que n’eſt celle de feu, & ſang.

282 1374 1009 76 Quant à eux, ils ſcauẽt reſpondre de leur foy, de

275 1446 1009 67 leur eſperance, parlent de Dieu pertinẽment, &

276 1517 1008 70 preſque mieux que nos docteurs: Quãt à nous,

272 1582 1018 71 nous ne ſcauos pas bonnemẽt pourquoy nous vi

272 1653 1018 67 uos, nous ne parlõs iamais de Dieu, ſi ce n’eſt le

272 1720 1016 69 blaſphemãt, & ne croyos qu’à nos curez, ou à ce

273 1789 1018 68 que leurs chãbrieres croyent, de leur vie, auec la

271 1856 1016 75 noſtre, ſi l’on en faict cõparaiſon, on ſcait qu’ils

272 1925 1008 71 ſont loin de desbauche, autant que nous en ſom¬

272 1998 1014 70 mes pres: cependant nous nous diſpenſons de les

1174 2071 105 56 tu?r
