1438 2423
270 114 84 46 110

269 173 891 66 Lairra couler quelque temps en longueur:

270 239 792 57 Puis ſi deſpit, la fureur l’eſpoinçonne,

274 289 914 69 Que ſans reſpect de ſceptre ou de couronne

277 348 800 58 Tout allumé de honte & de courroux,

273 409 817 63 Ce Roy peu ſage occira de cent coups.

270 465 912 65 Luy de ſon Prince ayant la dextre teincte,

274 522 917 68 Pres le Roy mort tuera la Royne enceincte

273 580 899 68 D’vn meſme coup (tant ſon fiel ſera grand)

273 639 775 66 Perdant le pere, & la mere & l’enfant

273 704 839 53 Qui ſe cachoit dedans le ventre encore.

492 107 546 51 DIADOSVEI.

328 753 976 72 Et ſuyuamment adreſſant ſon langage au plus

274 817 1030 66 ieune frere, que lon dit n’auoir rien ſceu de ces

273 874 1029 69 deſſeins ſanguinaires, pour le contenir en office,

276 939 127 55 il dit,

278 993 846 66 Seigneur Troyen, le Prince ne s’honore

277 1049 683 69 De felonnie, il faut que la fierté

277 1109 781 60 Soit aux lions: aux Rois ſoit la bonté,

282 1173 822 61 Comme mieux nez, & qui ont la nature

280 1235 790 58 Plus pres de Dieu que toute creature.

335 1281 979 74 Et reprenant la deſcription de ce Roy, il ad¬

282 1348 155 57 iouſte,

341 1399 775 70 Ce Roy doit eſtre abuſé par flateurs

284 1467 803 58 Peſte des tois, courtizans & menteurs:

285 1521 858 72 Qui des plus grans aſsiegeans les oreilles

282 1577 914 62 Font les diſcrets, & leur content merueilles.

337 1692 849 70 Le plus ſouuent les Princes s’abeſtiſſent

286 1753 950 72 De deux ou trois, que mignons ils choiſiſſent

292 1814 767 66 Vrais ignorans, qui font les ſuffiſans,

286 1879 715 67 Qui ne ſeroyent entre les artizans

288 1934 855 62 Dignes d’honneur, groſſes lames ferrees,

288 1993 868 73 Du peuple ſimple à grand tort honorees:

651 1646 291 58 & peu apres,

1219 2046 99 84 Qui
