1414 2421
107 161 1039 35 (ue dvupun ossucaumamito uoto menue der

111 193 1031 63 pit) Vlcide la Royne enceinte, ſont bien gens

111 251 1027 62 pour dõner eſchek-& mat à la maiſon de Valois,

107 313 636 58 s’ils entrent vn coup en furie.

308 71 570 48 DIAEOGVE I.

106 369 1034 60 Ali. Tu m’as remis à la memoire ce que Ron¬

107 453 1035 31 tald eniort oquatermesa ee lalis curiel Chonm

107 497 1032 49 ler, a mis en eſcrit de Bodilſe dans ſa Franciade,

106 547 1036 54 remiſe en lumiere depuis le maſſacre de Paris,

107 605 1036 58 quand en parlant de trois Rois freres, il dit tout à

111 673 178 58 propos.

174 722 876 62 Trois fait-neants, groſſes maſſes de terre,

115 784 969 70 Ny bons en paix, ny bons en temps de guerre,

111 836 700 65 La maudiſſon du peuple deſpité:

113 899 840 61 L'vn pour ſouiller ſon corps d’oiſiueté,

111 961 896 62 Pour n’aller point au conſeil, ny pour ſaire

114 1019 759 58 Choſe qui ſoit au Prince. neceſſaire:

113 1077 753 56 Pour ne donner audience à chacun,

114 1135 861 56 Pour n’auoir ſoin de ſoy ny du commun¬

115 1197 842 59 Pour ne voir point ny palais ny iuſtices,

114 1254 856 57 Mais pour rouiller ſa vie entre les vices:

119 1308 813 66 Traiſtre à ſon peuple, & à ſoy deſloyal,

119 1373 814 55 Sans plus monter en ſon throne royal.

1056 83 80 43 1o9

170 1486 674 66 De ſes ſuiets comme peſte hay,

117 1549 766 62 A contre cœur des ſeigneurs obey:

123 1605 798 60 Chaud de cholere, & d’ardeur inutile,

121 1662 745 56 Fera fouëtter le Cheualier Bodille

115 1722 771 64 En lieu public, lié contre vn poſteau,

134 1780 743 63 Tout deſchiré de veines & de peau:

122 1842 800 62 Bodille plein d’vn valeureux courage,

135 1896 779 67 Touſiours penſif en ſi vilain outrage,

133 1961 913 67 Ne remaſchant que vengeance en ſon cœur

443 1436 286 58 & peu apres,
