1434 2412
265 60 58 62 90

253 124 1037 68 hommes qui n’ont pas flechi le genouil deuant

253 188 1037 58 Baal. Fortifie-les, Seigneur, comme tu renfor¬

257 246 1034 58 ças iadis part on Eſprit ton ſeruiteur Daniel. Pre

253 302 1034 63 ſerue-les comme les trois enfans en la ſournaiſe,

254 361 1039 66 afin qu’ils n’adorent l’image de ce grand Nabu¬

253 420 1034 63 chodonoſor. Chaſſe-le pluſtoſt Seigneur, arrie¬

254 481 1036 53 re des hommes, ſon habitation ſoit auec les be¬

255 541 1036 63 ſtes des champs. Qu'on le paiſſe d’herbe com¬

255 600 1035 61 me les bœufs,iuſqu’à ce qu’il te recognoiſſe pour

257 659 1036 60 ſouuerain dominateur, Roy des Rois, & Seigneur

257 715 1034 63 des Seigneurs, eſtabliſſant les dominations, & les

258 774 1036 60 donnant & oſtant à qui & quand bon te ſemble.

262 837 1035 59 Quant à ceux, Pere de miſericorde, qui comme

259 895 1036 59 brebis ſans paſteur entre les loups affamez, pour

259 948 1039 59 l'infirmité de la chair & foibleſſe de leur foy, font

259 1013 1032 59 de leur corps vn hommage contraint à ce mor¬

258 1067 1036 59 ceau de paſtę tranſſubſtantié en chair,à ceſt acci¬

261 1129 1038 60 dent ſans ſuiet, forcez (par l’erreur commun qui

261 1184 1032 64 a obtenu lieu de loy) d’aller à la Meſſe, pour ſau¬

262 1246 1033 53 uer leur vie & leuis, biens: Monſtre-leur, Sei¬

264 1306 1035 59 gneur, & leur fay ſentir viuement & à bon eſcient

262 1366 1036 58 en leur cœur, combien ta gloire & ton honneur

264 1425 1034 59 nous doyuent eſtre plus recommandez que no¬

266 1482 1032 64 ſtre propre vie. Fay-leur cognoiſtre l’outrage

266 1541 1035 54 qu’ils font à ta maieſté, adherant tant ſoit peu au

268 1601 1031 59 ſeruice des faux dieux, que Dauid ne vouloit pas

269 1657 740 62 ſeulement nommer par ſa bouche.

491 61 554 54 DIALOGVE I.

312 1715 989 68 Que l’impudicité eſt trop grande de la femme,

272 1774 1032 63 qui apres s’eſtre oubliee, lors que ſon mari la cha

272 1831 735 65 ſtie, recourt ſoudain à ſon paillard.

329 1892 976 68 Que tu vomis les tiedes, & ne prens point plai

269 1951 809 65 ſir à ceux qui clochent des deux coſtez.

1194 2008 108 75 Que
