1459 2449
283 95 84 64 64

281 165 1033 64 d’Acier, & quelques autres Huguenots ſe retire¬

281 225 1032 55 rent à ſauueté: tellement qu’à leur retour de la

285 285 1028 63 pourſuyte, & quelques iours apres,le Roy leur en

281 349 1035 57 ſit mauuais viſage, croyant que ceux qui eſtoyent

280 404 1032 62 reſchappez, n’eſtoyent ſauuez que par leur faute.

514 87 558 65 DIALOGVE I.

348 459 964 58 Tout ce iour de Dimãche 24. d’Aouſt, fut em

285 522 1028 63 ployé à tuer, violer, & ſaccager: de ſorte, qu’on

280 587 1032 55 croit que le nombre des tuez ce iour-la dans Pa¬

279 635 1033 65 ris & ſes faux-bourgs, ſurpaſſe dix mille perſon¬

279 697 1034 66 nes, tant ſeigneurs, gentils-hommes, preſidens,

279 757 1038 53 conſeillers, aduocats, eſcoliers, medecins, procn¬

276 814 1037 62 reurs, marchands, artiſans, ſemmes, filles, qu’en¬

276 874 1041 55 fans, & preſcheurs. Les rues eſtoyent couuertes

279 934 1038 60 de corps morts, la riuiere teincte en ſang, les por¬

280 993 1034 60 tes & entrees du palais du Roy peinctes de meſ¬

277 1061 1035 49 me couleur: mais les tueurs n’eſtoyent pas encore

276 1107 189 56 ſaoulez.

334 1165 976 63 Le Roy, la Royne ſa mere, & meſsieurs ſes fre

273 1224 1036 63 res, & les dames ſortirent ſur le ſoir, pour voir les

272 1285 1035 63 morts l’vn apres l’autre: Entre autres, la Royne¬

274 1346 1036 59 mere voulut voir le ſeigneur de Soubize, pour ſca

272 1401 1037 68 uoir à quoy il tenoit, qu’il fuſt impuiſſant d’habi¬

272 1465 405 52 ter auec ſa ſemme.

342 1521 971 62 Vers les cinq heures apres midy de ce Diman

268 1582 1044 58 che, il fut fait vn ban auec les trompettes de par

268 1639 1048 63 le Roy, Que chacun euſt à ſe retirer dans les mai

261 1697 1051 64 ſons, & que ceux qui y eſtoyent, n’euſſent à en ſor¬

262 1755 1051 54 tir hors: ains fuſt ſeulement loiſible aux ſoldats

262 1816 1050 58 de la garde. & aux cõmiſſaires de Paris auec leurs

261 1876 1048 61 trouppes, d’aller par la ville armez, Sur peine de

259 1934 904 61 grieſ chaſtiement à qui feroit au contraire.

302 1990 1005 72 Pluſieurs ayans ouy ce ban, penſoyent que l’af¬

1177 2047 129 57 faire
