1472 2435
299 98 74 61 94

292 166 1032 68 quelque bonne vie & changement de mœurs que

293 240 1031 49 i’aye apperceu en mes proches voiſins qui en fai¬

293 284 1032 62 ſoyent profeſsion, & ie laiſſe à part ceſte bar ba¬

293 343 1034 65 re tuerie que l’Hiſtoriographe a recité) tout y eſt

293 403 1032 61 tellement conduit, qu’il n’eſt pas poſsible de voir

294 462 1031 60 vne plus grande maſſe de meſchãcetez, ny vn cha¬

293 520 1032 61 os plus horrible, ſoit que tu regardes la Iuſtice,

292 581 1032 58 ou que tu contemples la Police, depuis vn bout

297 639 1030 64 iuſques à l’autre. Que dy ie, ſi tu les regardes: tu

292 700 1031 57 aurois beau y regarder, tu ne les y ſcaurois voir:

290 756 1038 62 elles n’y ſont pas, pieç’a qu'elles s’en ſont allees:

290 818 1038 59 on ne les y trouue plus qu’en elcrit, on n’y voit

289 876 1032 62 que leurs noms & leurs maſques. Quant au ſer¬

292 938 1033 58 uice de Dieu que nos peres nous auoyent ap¬

293 992 1035 61 prins à bonne intention, nos Princes d’auiour¬

290 1051 1035 52 dhuy, leurs courtiſans, & à leur imitation vne in¬

292 1109 1035 63 finité d’autres gentils-hommes & de bourgeois

290 1168 992 63 & marchands, ne s’en ſont que rire & moquer.

290 1222 1034 64 Le ſoldat le deſpite & deteſte: la cour pour le di¬

290 1283 1037 63 re en vn mot à l’exemple du Roy, & la plus gran¬

290 1343 1034 62 de partie de France à l’exemple de la cour eſt plei

289 1398 1035 69 ne de blaſphemes, d’atheiſme, & parmi eux l’epi¬

293 1459 1032 58 cureiſme, l’inceſte, la ſodomie, & toute autre ſor

292 1517 1035 64 te de lubricité, eſt vulgaire & familiere. Tu as

292 1578 1032 65 ouy combien de fois la foy publique (qui deuſt e¬

290 1634 1035 61 ſtre vn lien indiſſoluble pour entretenir la ſocieté

292 1697 1033 58 humaine) y a eſté violee, tellement qu’on ne ſcait

293 1755 1027 68 plus à qui lon ſe doit ficr. Nous penſions qu’a¬

293 1812 1030 68 pres tant d’Edicts rompus, celuy de la pacifiea¬

290 1874 1031 63 tion derniere, fait au mois d’Aouſt en l’an 1770.

290 1930 1033 61 ſeroit à la fin obſerué. Noſtre poure France com

292 1989 1033 71 mençoit d’auoir quelque relaſche à ſes miſeres:

519 97 544 46 DIALOJVE I.

1198 2057 123 47 nous
