1434 2420
150 141 1032 66 affection au bien de la France. Craignant, dy-ie,

153 219 1033 47 que tout a vn coup ils ne nous iettaſſent le chac

149 263 1038 58 aux iambes & la rage ſur le dos, comme font ordi

147 329 1039 51 nairément ceux à qui il prend énuie de tuer leur

131 379 1052 60 chien, & que ſur cela ils nous fiſſent noſtre proces

142 439 1043 57 apres la mort, comme on a fait à l’Amiral: nous

142 498 1040 58 auons mieux aimé nous en ſortir de bonne heure,

143 559 1040 59 que d’y demeurer trop longuement. Sur tout

143 617 1034 55 quand nous auons conſideré, que de tous les Prin

139 674 1032 60 ces voiſins, les vns ne s’en ſouciẽt pas beaucoup¬

139 732 1039 53 les autres ſont bien aiſes de la ruine de tant de

138 789 1044 64 François, de ſi grands perſonnages & de ſi bons

138 849 1044 59 ſeruiteurs du Roy: & prennent plaiſir de voir le

138 907 1043 63 Roy, ſe coupper du bras droict le gauche, & au¬

138 970 1043 55 tres membres de ſon corps. Ie dy notamment

137 1025 1042 64 qu’ils y prenent plaiſit: car s’ils en eſtoyent mar¬

137 1087 1041 61 ris, s’ils auoyent regret de voir vn ſi piteux ſpecta¬

135 1142 1042 65 cle, ils s’y oppoſeroyent de faict, & l’empeſche¬

133 1201 1038 64 royent par force de paſſer outre à ſe deſchirer ſoy

135 1261 1040 61 meſme, tout ainſi qu’õ fait à l’amy frenetique qui

129 1321 1046 62 le veut precipiter, lequel on veille & on retient à

133 1376 1035 63 force, le liant pieds & mains, quand il bleſſe, bat,

133 1438 1037 63 ou tue. Mais quand ie voy que les Potentats voi¬

134 1499 1040 57 ſins n’en tienent compte, non pas ſeulement de

134 1552 1043 64 luy faire entẽdre par letres & an baſſades, le tort

135 1610 1035 59 qu’il ſe fait, & aux ſiens, de les maſſacrer de la ſor

135 1669 1035 65 te: ie dy qu’ils en ſont bien aiſes, & que c’eſt le

135 1728 1033 65 doigt de Dieu qui eſt courtoucé contre France:

138 1789 1033 66 que de quelque coſté que le baſt vire, il faut que

138 1845 1026 65 ceſte grande & floriſſante maiſon de Valoys pre¬

138 1906 1051 60 ne fin, & que ce braue & puiſſant Royaume, ſoit

139 1966 1032 66 tranſporte à quelqu’antre Prince, ou reparti entre

368 75 568 52 DIALOGVET.

1119 80 56 67 97

956 2038 32 41 C
