1467 2411
269 66 84 65 ne

269 133 1026 65 chacun en ſon deuoir. Mais ie ne voudroy pas

273 192 1026 67 que le tyran ſceuſt qu’il euſt eſcrit quelquę choſe

269 255 1030 63 de luy, ſous quelque eſcorce que ce ſoit:ſans doue

271 313 1028 63 te il le ſeroit mourir, ou pour le moins il l’en ſe¬

271 368 1031 65 roit deſdire par force, cõme il a fait eſcrire à mon

270 432 1032 62 ſieur de.Puybrac par viue crainte, & auec la pro¬

273 486 1026 65 meſſe d’vne abbaye, vne epiſtre en latin à Staniſla

274 546 1025 66 us Heluidius Polonois, pour donner couleur à ſa

271 604 512 64 trahiſon du 24 d’Aouſt.

523 68 550 55 DIALOGVEE

267 663 1039 64 Le pol. Tu dis vray, I'ay veu ceſte letre dont tu

270 723 1028 67 parles, ie ne penſoy pas que ce fuſt Puybrac qui

269 779 1033 68 l'euſt faite: il ne s’eſt oſé nommer de honte le po¬

269 865 1033 40 ute noiraumi,omnmbotunEouome puntae deauyy

271 898 1035 67 gueres profité iuſqu’à preſẽt, auec tous ſes eſcrits,

271 955 1032 71 enuers les Poloneis: tout le monde cognoiſt deſ¬

271 1016 1036 66 ia par trop la trahiſon de celuy, à la louange due

266 1071 1033 66 quel il s’eſt efforcé d’eſcrire. Il ne faut, auiour¬

267 1131 1041 66 d’huy que les traicts que tu m’as recité de Ron¬

267 1190 1039 69 ſard, pour faire deuiner que c’eſt, & de qui il par¬

266 1248 1040 68 le: & ſi l’Hiſtoriographe met en lumiere ce qu’il

266 1312 1037 59 en ſcait, comme il nous le vient de raçompter, ce

265 1366 1041 69 la eſt trop plus que ſuffiſant pour mõſtrer à tous

267 1427 1041 65 gens de bien, la preudhommie des meurtris, & la

270 1489 529 58 felonnie des meurtriers.

266 1540 1041 65 L'hiſt. Ne doute pas que ie ne le puhlie, auec tou¬

263 1601 1045 65 tes les circonſtãces des tours qu’ils ont joué pour

265 1663 1041 63 ſurprendre ces poures gens: les letres, les menees

273 1719 1033 65 plus ſecretes, les larmes ſeinctes, les mots cou¬

266 1778 1044 66 uerts: tout ſera deduit par le menu. L’arreſt du¬

263 1836 1039 61 parlement auſsi qu’ils ont donné contre l’Ami¬:

259 1896 1032 66 ral, long temps apres ſa mort: & celuy contre. Bri¬

259 1956 1041 67 quemaut & Cauagnes, Ie n’en oublieroy rien,

1157 2007 129 58 Dieu
