1449 2452
284 201 1019 82 mier de la paix de France, que nul

284 296 1021 67 autre de vos negoces: tant vous e¬

283 374 1007 72 ſtiez remplis d’enuie de voir tous

287 453 633 80 les François paiſibles.

365 546 936 72 En ce que n’ayans peu obtenir

283 625 1018 75 autre choſe des articles, qui vous fu

286 709 1011 75 rent iurez en Poloigne par l’Eueſ¬

284 795 1015 79 qua, quelque pourſuite que vos

282 873 1018 71 ambaſſadeurs en fiſſent enuers le

291 956 1008 77 Tyran, pour le moins le bruit de

284 1043 1017 75 leur venue auancea la fabrique &

286 1123 1011 77 publication de ce meſchant, trupe¬

283 1209 1016 78 lu & traiſtre Edict de paix: & par

283 1291 1016 80 conſequent leua le ſiege deuant la

284 1371 334 78 Rochelle.

614 117 334 62 EPISTRE.

350 1461 949 79 En ce que l’inſtante priere que

286 1540 1006 78 vos ambaſſadeurs firent, eſtans ar¬

282 1625 1012 76 riuez à la Cour du Tyran, à eſte, co

282 1712 1017 73 me Dieu à voulu, cauſe & moyen

282 1794 1012 77 de la deliurance des poures gens

283 1879 1013 78 de Sancerre, que le Tyran eſtoitre

282 1968 1011 73 ſolu de faire mager l’vn par l’autre.

1140 2041 157 70 Mais
