1486 2432
275 45 94 54 106

275 125 388 39 dre le euin tui cur.

331 168 979 65 Mais voyons le traict qu’a faict Monſieur fre¬

271 231 1039 62 re du Roy, & la Royne ſa mere, en ceſte tragedie

271 289 1040 54 de Paris. Le ſamedi au ſoir, deuant le Dimanche

271 348 1039 60 du maſſacre, ils vindrẽt tous deux trouuer le Roy:

273 406 1037 62 Ils luy remonſtrent, ils le prient qu’il haſte l’exe¬

273 470 1039 56 cution de leut entrepriſe: ils ſcauoyent bien que

273 525 1038 61 ſi ceſte occaſion ſe perdoit, qu’ils ne la recouure¬

271 586 1041 55 royent iamais telle, comme ils l’auoyent lors ſur

275 643 1039 60 les Huguenots: qu’ils les tenoyent tous dans le fi¬

274 702 1040 61 lé qu’il leur auoit promis: que le moyen que ils

275 762 1036 51 auoyent tant de fois tenté (mais en vain) de les ex¬

277 820 1039 59 terminer, eſtoit tout preſt & preſent: qu’il ne fal¬

274 876 1041 64 loit donc plus ſonger, qu’il eſtoit temps de s’en

273 933 1043 66 reſoudre: que le roy d’Eſpagne (ſi les affaires du

275 995 1037 60 prince d’Orenge alloyent mal, comme ils ſem¬

275 1052 1041 62 bloyent decliner depuis la route de Genlis) ſcau¬

274 1113 1042 59 roit bien tout à temps ſe venger ſur la France, du

274 1172 1045 62 mal qu’il auoit receu par ſon moyen & ſupport

275 1228 1043 65 en ſes eſtats du pays bas. Partant le ſupplioyent

277 1288 1042 60 qu’il y fiſt met tre la main à bon eſcient & ſoudai¬

277 1344 1041 65 nement, dés ce ſoir la ſans plus tarder: qu’ils a¬

277 1406 1044 61 uoyent donné ordre auec le duc de Guyſe, le duc

278 1465 1040 52 d’Aumale, le duc de Neuers, & le comte de Rets,

278 1522 997 65 que toutes choſes fuſſent preſtes & diſpoſees.

282 1580 1037 68 Que ſi le Roy vouloit retarder plus longuement

278 1638 1040 65 l’execution, la Royne ſa mere le prioit auec lar¬

281 1696 1041 59 mes, & ſon frere fort affectueuſement de leur don

278 1757 1038 65 ner congé, en recompenſe des ſeruices qu’ils luy

278 1817 1038 59 auoyent faits: qu’ils eſtoyent reſolus de ſe retirer

277 1876 1042 62 hors de France, & de s’en aller en part où ils n’en

275 1936 497 64 ouyſſent iamais parler.

521 48 587 60 AIALOGVE I.

1231 1990 90 62 Par
