1429 2430
137 178 1034 67 re qui branſle: mais auſsi pour raffermir & aſſeu¬

136 251 1035 50 rer ſon eſtat de Flandres, qui autrement eſt en

139 299 1032 62 voye d’eſtre perdu, pour la bonne couduite de ce

140 353 1032 66 vieil reſueur le duc d’Albe. Que ſi le roy d’Eſpa¬

137 418 1036 61 gne ne ſe veut ſeruir en ceſt affaire du prince d’O¬

136 477 1036 60 renge, aimant mieux perdre tout à plat ſon eſtat

135 535 1033 61 de Flandres, que de le conſeruer par ſon moyen,

132 595 1039 62 & en acquerir vn autre: cela s’appelle ſe courrou¬

132 654 1040 58 cer contre ſes morceaux. Mais quoy qu’il en ſoit,

133 714 1036 59 s’il aime mieux y employer monſieur de Sauoye,

135 769 1040 66 en luy laiſſant pour ſon partage, le Lyonois, Dau¬

136 830 1039 59 phiné & Prouence, contigus à ſon eſtat: ie ne dou

135 888 1038 62 te pas que ce Prince, qui a occaſion de ſe reſſentir

133 946 1042 61 des torts que la France, à fait à ſon feu pere & à

133 1004 1042 66 luy-meſmes, luy qui eſt guerrier & ſage, & qui a la

135 1070 1041 55 reputation de garder inuiolablement la foy à ſes

132 1123 1044 62 ſuiets Huguenots, n’acquiere facilement & en peu

132 1185 1045 61 de temps, ſinon tout, au moins la plus grande par

133 1240 1043 60 tie de France: Surquoy (pour les, diſficultez &

133 1298 1044 61 meſſeances procedantes d’alliances & affinitez

133 1358 1046 64 que quelques vns pourroyent alleguer, pour deſ¬

132 1414 1040 65 guiſer le mal qui eſt à la porte) ie diray que les

135 1472 1040 62 grands n’ont point accouſtumé de pardonner à

132 1530 1044 57 loix d’amitié, d’affinité, ou d’autre confederation

133 1591 1048 64 quelques ancienes qu’elles ſoyent, quãd il eſt que

133 1648 1043 62 ſtion d’amplifier & d’eſtendre leur Empire: ains

143 1709 1034 56 plantent touſiours les limites de leur terre, là où

139 1769 780 62 la poincte de leur eſpee peut atriuer.

356 118 555 48 DIMEOUVEI..

1110 105 57 71 99

164 1825 1019 65 Au demeurant, quant au roy d’Eſpagne, il n’a

140 1880 1047 68 pas faute de priſes ſuffiſantes fur le Roy. Pour a¬

139 1941 1048 61 uoir ſuborné les villes de ſõ obeiſſãce au pays bas

147 2003 1033 66 voulu ſubuert ir ſes eſtas par pratiques: entretenu

236 2112 92 64 RUE L

217 2212 107 62 LYO?

904 2056 126 59 G.ii.
