1392 2399
145 138 1031 64 la France, l’autre, de ceux qui y ſont demeurez:

148 209 1028 52 Ceux qui ſont ſortis, ſe ſont retirez en Suyſſe, en

144 259 1036 62 Allemagne, en Angleterre, & és lſles qui luy ſont

141 319 1036 59 ſuiettes. A ceux-cy le Roy ne touche que par le¬

140 379 1038 51 tres, meſſagers, & autres meneos: taſchant (com¬

141 435 1035 60 me bon pere de famille qui a ſoin de ſes enfans)

138 495 1036 52 de les faire reuenir en lieu où il les puiſſe trouuer

138 554 1040 61 quand il voudra: pour la pitié qu’il a des diſettes

134 613 1042 52 & neceſsitez qu’ils endurent eſtant hors de leurs

134 669 1040 56 maiſons, eſquelles il deſire (ce diſent ſes letres)

136 733 1038 58 qu’ils reuienent, pour pouuoir iouyr de leurs biẽs

132 786 1038 62 en ſe conformant à ſa volonté, & faiſant ce qu’il

128 848 1040 51 commandera. Ceux qui ſont demeurez en Fran¬

130 904 1039 55 ce, outre les morts, ſont de diuerſes conditions.

130 964 1036 54 Les vns ſe ſont retirez dans des villes fortes, com

128 1022 1042 60 me vous diriez dans Montauban, Sancerre, Nyſ¬

128 1082 1032 53 mes, la Rochelle, & dans certaines autres villes.

128 1140 1036 63 Contre ceux-cy le Roy a enuoyé ſes freres pour

126 1206 1040 57 les exterminer s’il le peut faire: pource qu’ils n’õt

126 1258 1036 61 pas voulu laiſſer entrer dans les villes où ils ſont,

125 1319 1039 61 ceux qui y alloyent pour les tuer de par le Roy, &

128 1369 674 68 qu’ils leur ont fermé les portes.

345 75 568 50 BIAEJGVE I.

1116 90 54 43 81

125 1432 1040 59 Ali. O poures gens! leur condition ſera élle don

125 1495 1041 63 ques pire que des beſtes, à qui nature apprent de

124 1552 1041 53 ſe conſeruer, les armant en diuerſes ſortes pour

124 1608 1042 57 leur deffence? ſeront-ils pirement traictez que l’eſ

124 1668 1040 64 claue, à qui outre le droict de nature, celuy des

125 1729 1035 63 gens, voire la loy ciuile, permet de fermer l’huis

126 1784 1035 67 au nez de ſon maiſtre, s’il cognoiſt qu’il le vueille

128 1851 121 54 tuet?

128 1901 1033 66 L'hiſt. Ie ne ſcay qu’en dire: mais ſur toutes les

130 1961 838 63 villes, il en veut à celle de la Rochelle.

946 2019 42 58 F
