1418 2390
194 233 955 23 AvIals lur cone lis vous tone celrds,

136 276 1016 75 de ce que vous ayans eu compaſ¬

132 357 1018 71 ſion du rude & barbare traiteinet,

136 439 1018 77 que les François ſouffrent ſous la

144 523 1009 77 Tyrannie de ceux de Valoys: vous

134 606 1018 72 auez oſté du milieu d’eux ce Roy

134 691 1012 72 frere du Tyran auec vn bon nom¬

135 768 1017 91 bre des ſuppoſts & appuis de la Ty¬

135 863 1021 71 rannie, que vous auez faicts codui

134 941 1020 78 re en triomphe captifs ſous les loix

135 1025 1025 77 de voſtre Patrie, au treſgrand bien

134 1115 1018 68 & contentement des vrays & natu¬

135 1192 1015 77 rels François. Leſquels en ceſt en¬

135 1278 1019 73 droit s’aſſeurent que vous ferez de

136 1364 1016 76 façon & maniere, que iamais plus

136 1445 1010 64 ces beſtes farouſches ne retourne¬

134 1528 1020 74 ront pour les mordre. Voila les

138 1613 1014 79 poincts, qui me font dire, que les

136 1699 796 69 François vous ſont deteurs.

457 107 329 51 EPISTRE.

225 1783 927 75 Quant a ce dõt vous vous pour

135 1866 1014 76 riez plaindre, que ie vay deſcou¬

136 1954 1017 76 urant par trop leurs pouretez &

886 2027 117 85 b.j.
