1434 2446
273 92 28 50 2

275 157 1021 65 Charles 1x. ſi eſt-il ſi modeſte & bien auisé, que

273 220 1026 61 tant s’en faut qu’il ſe ſoit eſſayé à me diuertir de

274 282 1026 60 mon ſainct propos, qu’au contraire touſiours il

274 335 1025 67 m’y a aidé & fauoriſé au poſsible: iuſques là, que

273 396 1020 63 me voyant partir de France, il s’eſt ioinct à moy,

274 456 1025 60 auec ce bon Hiſtoriographe: Me priãs tous deux

274 515 1021 65 (quoy qu’ils ne cognoiſſent pour toutes veritez,

273 572 1025 62 que celle de l'eſtat) de leur permettre de courre

278 633 1021 61 pareille fortune que moy (Ce ſurent les mots dõt

270 688 1029 67 ils m’vſerent à mon depart) quelque choſe qui me

271 748 1027 56 deuſt auenira depuis en çà, nous auons touſiours

271 804 1025 68 eſté compagnons de voyage, de table, & de lict,

273 871 1026 58 auec toute la meilleure paix & creance que lon

271 922 351 57 ſcauroit deſirer.

550 93 499 56 DIADOUVE.

271 979 1024 64 Ali. Ie ſuis bien aiſe d’entendre ce que tu en dis,

270 1040 1026 63 & de ce que Dieu t’a pourueu en eux d’vne ſi ho¬

271 1100 1027 64 neſte compagnie, & penſe que ce n’eſt pas ſans

274 1159 1024 64 myſtere qu’ils ſont venus auec toy. Mais qui t’euſt

271 1218 381 66 iamais pensé icy?

271 1273 1022 66 Phi. Mais vous vraiement:il y a bien plus dequoy

269 1335 1029 60 s'eſmerueiller à vous y voir habirer, & y tenir mai

271 1394 1021 65 ſon (cõme ie m’apperçoy que vous l’y auez dreſ¬

269 1452 679 63 ſee) qu’il n’y a de m’y voir venir.

273 1508 1023 64 Ali. Quant à moy, eſtant pluſtoſt Coſmouague

274 1569 1024 53 qu’atreſtee en certain lieu, ce n’eſt pas de merueil

271 1626 1025 65 les ſi paſſant par ce pays, & m’y voyant la bien re¬

271 1686 1028 62 ceuë, i’y ay planté mon bourdon & enſeigne, &

271 1740 1033 59 dreſsé ma famille, tout ainſi cõme ie ſay en tour

267 1803 1032 61 autre lieu où lon me reçoit: Mais toy, duquel la

273 1858 1026 66 patrie eſt ſi fertile, ſi heureuſe, & plaine d’vn ſi

270 1921 1026 61 grand nombre de nos amis, ie m’esbahy com me

269 1979 1022 63 tu as iamais eu le cœur d’en ſortir,pour venir pe¬

1105 2060 187 44 Iegriner
