1481 2433
288 77 62 54 112

290 148 1030 62 Ali. Ie n’ay pas retenu le tout: mais voicy ce que

290 206 202 57 i’en ſcay.

351 258 774 66 C’eſt Chilperic indigne d’eſtre Roy,

289 318 755 65 Mange ſuiet, tout rouillé d’auarice,

293 381 752 58 Cruel tyran, ſeruiteur de tout vice:

293 437 839 65 Lequel d’impoſts ſon peuple deſtruira,

290 500 625 56 Ses citoyens en exil bannira.

289 556 797 59 Affamé d’or, & par armes contraires,

298 616 725 51 Voudra rauir la terre de ſes freres.

290 673 896 60 N’aimant perſonne, & de perſonne aimé,

289 733 721 64 Qui de putains vn ſerrail diffamé,

285 792 821 63 Fera mener en quelque part qu’il aille:

286 848 944 67 Soit temps de paix, ou ſoit temps de bataille,

285 911 680 58 En voluptez conſuniera le iour,

284 969 856 56 Et n’aura Dieu que le ventre & l’amour,

282 1025 937 67 Du peuple ſien n’entendra les complaintes,

290 1086 867 53 Toutes vertus, toutes couſtumes ſainctes

282 1142 923 65 Des vieux Gaulois, fuyront deuant ce Roy:

286 1202 801 61 Grand ennemiy des paſteurs de ſa loy.

279 1262 774 54 Les eſcoliers n’auront les benefrees,

279 1319 880 65 Les gens de bien les honneurs des offices.

290 1378 725 62 Tout ſe fera par flateurs eshontez,

278 1439 702 59 Et les vertus ſeront les voluptez.

275 1496 775 59 Iamais d’enhaut la puiſſance celeſte,

278 1557 743 55 Ne monſtra tant ſon ire manifeſte,

270 1615 809 62 Et iamais Dieu le grand Pere de tous

273 1677 959 57 Ne monſtra tant aux hommes ſon courroux:

265 1735 872 62 Signes de ſang, de meurtres, & de guerre,

258 1795 874 55 De tous coſtez vn tremblement de terre

258 1851 778 61 (IHorrible peur des hommes agitez)

254 1909 825 57 De fonds en comble abbatra les citez.

252 1972 785 58 Ianzais les feux la terre ne creuerent

547 75 551 54 DIALOG-VE- I

1214 2020 83 62 En
