1442 2404
156 141 1032 74 petvſurpa le Royaume, lequel depuis eſt tombé

152 204 1037 63 és mains de ſes ſucceſſeurs de Valois, auſquels

153 264 1039 57 les Lorrains l’arracheroyent facilement, ſi la ver¬

153 324 1037 55 tu des naturels vaſſaux & loyaux ſuiets, n’y met¬

155 381 1033 65 toit empeſchement. Quant à la religion, ils deſi¬

155 439 1033 65 royent que le Roy ſe lanſaſt flechir, à faire ceſſer

155 500 1033 63 les feux qui, eſtoyent allumez par tout le Royau¬

155 558 1034 56 me encontre les Lutheriens, à cauſe de leur foy &

153 618 1036 61 doctrine, laquelle les Lutheriens diſoyent eſtre

155 677 1033 62 contens, que: le Roy fiſt examiner aux gens do¬

155 733 1031 66 ctes par la ſaincte Eſcriture, ſeul & vray iuge de

161 793 198 60 ce faict.

392 82 510 52 DIALOGVE.

213 849 975 65 Ces poincts redigez par eſcrit en forme de

155 909 1033 65 ſupplication & remonſtrance, Loys de Bourbon

155 966 1030 67 prince de Condé, s’eſtoit chargé de les preſenter

155 1025 1030 68 au Roy, qui pour lors eſtoit à Amboiſe: Quand

155 1088 1030 60 ceux de Lorraine, doutans qu’vne telle requeſte

155 1144 1029 66 ne ſuſt cauſe de quelque ſiniſtre changement à

157 1206 1029 62 leur deſauantage, par le moyen des gentils hom?

156 1263 1025 60 mes de leur ſuite, & des archers de la garde, fi¬

155 1326 1034 60 rent empoigner aucuns des gentilshommes qui

156 1383 1036 62 eſtoyent venus pour accompagner le prince de

161 1442 1028 52 Condé : les firent executer à mort, & eſcarterent

157 1499 1032 59 les autres: de ſorte, que ce deſſein des Princes &

155 1558 1033 60 ſeigneurs Frãçois fut de tout poinct interuerty, &

157 1616 1031 61 vn bruit ſemé (pour rendre le faict odieux) que ce

157 1684 1027 45 n'eſtoit pas contre ceux de ſorraine, ains contre

159 1734 1029 63 le Roy: non pour le ſupplier pour la religion, ou

157 1790 1031 66 pour le bien de l’eſtat, ains pour l’occuper & en¬

160 1851 1030 61 uahir, que celle entrepriſe eſtoit faite. Le nom de

160 1908 1025 63 Huguenot fut auſsi dés lors mis à ſus, pour vn ſo¬

159 1968 1027 67 beiquet d’ignominie à eeux qu’auparauant on

1141 86 52 56 9

912 2031 119 52 A.V.
