1396 2410
166 171 990 23 2 22 yle eucieret loutela nacroclletcors chlars

128 194 1038 64 gez d’armes dans le Louure: dequoy Teligny a¬

125 251 1039 68 uerti par le trompette de l’Amiral, reſpõdit, Quo.

125 313 1037 60 c’eſtoyent des peurs qu’on ſe donnoit ſans occa¬

125 368 1033 60 ſion: qu’il eſtoit treſaſſeuré de la bonne intentiõ

127 427 1043 60 du Roy, qu’il cognoiſſoit fort bien ſon cœur &

124 488 1042 59 ſes affections: qu’on ne deuoit pas ſe faire accroi¬

127 544 1035 66 re des choſes tant hors de propos. Ie croy que Te

127 607 1037 62 ligny ny penſoit aucun mal, d’autant que le iour

127 662 1034 55 deuant la bleſſeure de l’Amiral, on auoit ordon¬

127 725 1041 52 né certain combat & aſſaut, qu’on deuoit donner.

128 780 1033 63 à vn chaſteau, qui pour ceſt effect deuoit eſtre

129 839 1035 66 dreſſé, à quoy les courtiſans eſtoyent conuiez de

131 903 256 56 ſe preparer.

324 70 574 53 DIALOGVEI.

148 953 1008 69 Le Roy, pour aſſembler les ſeigneurs & gentils

129 1016 1027 63 hommes Huguenots en vn quartier, leur fit à tous

128 1076 1032 64 marquer logis pres celuy de l’Admiral, pour luy.

131 1135 1026 63 eſtre plus pres & à poinct: quelques vns y allerẽt

131 1194 1027 63 loger, les autres ne peurent ſi toſt changer de

131 1251 134 67 logis.

1099 88 75 47 996

186 1309 966 63 Le comte de Montgomery, Briquemaut le pe

128 1372 1032 59 re, & quelques autres gentils-hommes, auoyent

129 1425 1025 62 mandé à Teligny, que s’il vouloit, ils iroyent vo¬

132 1482 1028 63 lontiers veiller au logis de l’Amiral: mais Teli¬

135 1543 1023 63 gny les remerciant, leur manda qu’il n’eſtoit ia de

132 1597 173 59 beſoin.

137 1656 1020 65 Cependant les autres veilloyent: le Cheualier

132 1744 1028 38 d’imgoulcime (quine le voulut pomc amexcod

131 1776 1026 58 cher) entretenant ſes plus intimes amis, leur don¬

133 1835 1027 64 noit bon courage, les aſſeurãt qu’il ſeroit ce iour

132 1893 1032 56 la Amiral de France: mais il fut trompé, d’autant

133 1950 1029 70 que l’eſtat vaquãt fut dõné au marquis de Villars.

869 2005 149 60 D.iiii.
