1454 2417
260 87 71 60 28

259 155 1020 59 Ali. C'eſt vne queſtion bien mal.aiſee à ſoudres

258 222 1026 61 toutefois quant aux Huguenors, ils ne pouuoyent

258 279 1023 59 faire de moins pour iuſtiher leur cauſe, & recom¬

259 338 1025 59 mander deuant Dieu & les hommes leur parti

259 396 1024 60 (qu’on accuſoit de ſedition) que de monſtrer vne

258 451 1022 64 manſuetude & ſucceſsiue obeiſſance à leur Roy,

259 508 621 62 & à ſes miniſtres, ſelon Dieu.

526 93 550 56 DIALOSVE I.

258 570 1028 62 Phila. Voire: mais on pratiquoit par trop ſouuẽt

258 627 1028 64 ſur eux, la fable du loup d’AEſope, lequel beuuãt

256 687 1027 63 au haut de la riuiere, chargeoit l’agneau(qui beu¬

258 746 1026 61 uoit tout au bas) de luy troubler l’eau, comme il

253 805 1027 65 diſoit que ſon pere auoit fait,prenãt ſur ceſte que

259 866 845 52 relle d’Alleman, occaſion de le deuorer.

259 922 1021 63 Le pol. Laiſſons ce diſcours ie vous prie, n’inter¬

258 980 842 64 roiapons pas celuy de l’Hiſtoriographe.

258 1035 1025 67 L’hiſt. Ceſt Edict de paix fait & publié, il fut iuré

258 1099 1030 61 & promis par tous les officiers de la France, de

259 1158 1022 61 Tobſeruer: Les Huguenots de leur part renuoye¬

258 1215 1025 60 rent leur ſecours d’Allemagne, & ſe conformerẽt

260 1275 1027 57 en tout le ſurplus, à la volonté du Roy, declaree

259 1329 291 58 en ſon Edict.

318 1391 959 61 La Royne de Nauarre, le prince de Nauarre,

258 1448 1026 58 le prince de Condé, l’Admiral, le comte de la Ro

258 1509 1023 63 che-foucaut, & quelques autres ſeigneurs & gen¬

260 1571 1024 52 tils-hommes s’eſtans retirez à la Rochelle, apres

258 1626 1023 63 les ſermens & promoſſes de la conſeruer au Roy

258 1687 1028 63 faites comme il appartenoit, viuoyent le plus pai

258 1746 1025 65 ſiblement qu’on pourroit penſer: & quelques gen

259 1802 1025 60 tils-hõmes, gens de letres, & marchans, ſous meſ¬

262 1870 1019 56 mes promeſſes s’eſtoyent pareillement retirez és

259 1921 1024 66 autres trois villes baillees pour refuge: & tous les

260 1981 1026 64 autrés Huguenots retournez en leurs maiſons, ſe

1077 2046 207 55 tenoyent
