1425 2421
133 157 873 66 Qui viueut gras des impoſts & des maux,

131 219 867 60 Que les Rois font à leurs poures vaſſaux:

134 275 739 55 Tant la faueur qui les fautes efface,

126 333 861 65 Fait que le ſot pour habile homme paſſe

125 395 865 62 Quelle fureur! qu’vn Roy pere commun

122 455 830 60 Doyue chaſſer tous les autres pour vn,

122 512 833 59 Ou deux, ou trois! & bleſſer par audace

133 568 714 57 Vn maſle cœur iſſu de noble race,

126 626 721 65 Sans regarder ſi le flateur dit vray!

126 685 789 62 Ce Chlideric doit cognoiſtre à leſſay

122 747 780 54 Le mal qui vient de croire à flaterie,

122 805 815 62 Perdaut d’vn coup & vie & ſeigneurie.

349 96 548 47 DIADSVEI.

119 864 1036 62 Le pol. A ce que ie voy, vrayement Ronſard triom

125 926 1030 58 phe de dire, & touche de merueilleux poinćts. Ie

123 980 1031 62 n’euſſe iamais penſé, qu’il euſt oſé mettre ces cho

122 1043 1025 59 ſes ſi clairement en auant du viuant de ce Roy,

126 1100 1024 59 quoy qu’il les couche ſous d’autres noms feincts.

1096 117 63 25 144

126 1160 1031 61 Phil. Or confere ie te prie maintenãt ce que nous

125 1219 590 50 auons veu, auec ce diſcours.

127 1276 1030 64 Ali. Certes c’eſt vn piteux eſtat, ie ne ſcay qu’en

127 1335 121 58 dire.

127 1390 1032 69 Le pol. Comment eſt-il poſsible que Ronſard ait

129 1448 263 70 publié cela?

129 1509 1028 64 Ali.Il en dit bien d’auantage: Il deſcrit bien en¬

130 1573 1024 62 cores plus particulierement ce Roy & ſon re¬

131 1627 1028 67 gne, ſous le nom de Chilperic: l’impudicité de

133 1714 1029 39 la cous,ies mcurtres,r crome mouuene qui appa¬

133 1744 1029 71 roiſt & autres ſignes: l’obſtinatiõ du Roy, iuſqu’à

142 1802 1017 75 predire qu’il eſtouffera ſa femme pour eſpouſer

135 1868 216 58 ſa putain.

135 1919 1028 78 Le pol. He ie te prie ſi tu te ſouuiens de ce qu’il en

137 1979 382 66 dit, recite-le moy.
