1432 2454
305 188 1005 76 aux Sabins les Romains, pour Nu¬

304 278 1013 73 ma leur legiſlateur, Les Spartains

302 358 1015 75 aux deux familles des Agiades &

300 444 1011 74 des Eurytiontides: ny comme le ſa¬

298 526 1011 77 cré Empire des Romains ſe peut di¬

301 608 1010 73 re l’eſtre aux familles des Palatins,

304 695 1013 69 des Saxons, de ceux de Bauieres

305 777 1011 79 pour les grans & fameux Empe¬

301 862 1016 73 reurs, qu’il a receu de ces maiſons.

305 944 1015 78 Ceſtuy-cy n’a pas l’encouleure, la

300 1023 1020 78 deſmarche, ny la façon (ſous voſtre

300 1109 1025 79 bon congé ſoit dict) pour reſpodre

295 1201 1025 70 en pas vne ſorte au reg auquel vous

300 1276 1022 76 l’eſſeuez. Et pluſtoſt ſeroit il à crain

300 1366 1016 72 dre, que Dieu irrité contre vous co¬

300 1442 1026 78 me à bon droict il le peut eſtre, s’il

300 1535 1025 73 regarde à tant d’erreurs qui couret

300 1610 1024 68 en voſtre Patrie, au lieu d’vn diable

300 1694 1020 83 qu’il employa quad il voulut trom¬

304 1777 1024 82 per Achab, n’ait employé ces deux

305 1858 1021 82 que ſcauez, Mõluc l’éueſque & Lan

310 1946 1015 81 ſac le cheualier pour eſtre eſprits

642 103 327 64 EPISTRE.

1063 2034 253 70 de men¬
