1464 2415
279 100 75 58 16

276 174 1037 62 par lequel entre autres choſes, le Roy vouloit,

275 246 1027 47 que la memoire de toutes les choſes paſſées és

276 292 1021 55 guerres ciuiles de la France, voire les ſentences

273 354 1044 55 & iugemens donnez contre les Lutheriens ou

276 410 1024 60 Huguenots, du temps du roy Henry ſon pere iuſ¬

275 468 1021 60 ques alors, fuſſent annullees & abolies perpetuel¬

275 528 1031 58 lement. Declaroit tout ce qui s’eſtoit fait en ce¬

273 584 1024 64 ſte guerre, auoir eſté fait pour ſon ſeruice: pour

273 641 1021 63 lequel auſsi il recognoiſſoit que le ſecours d’Al¬

276 707 1024 57 lemagne leur eſtoit venu, reputant pour bons pa

275 762 1022 57 rens ſiens, les princes de Nauarre & de Con¬

275 818 1031 62 dé, le prince d’Orenge, le comte Ludouic de

277 874 1032 58 Naſſau, & de Mansfeld, ſes bons couſins & a¬

273 935 1027 63 mis, & les Huguenots François, ſes loyaux vaſ¬

273 995 1031 55 ſaux & ſuiets: leur promettant liberté de con¬

273 1053 1031 61 ſcience & exercice de leur religion, en certai¬

275 1112 1029 59 nes villes, & és maiſons des ſeigneurs gentils

273 1171 1024 59 hommes & autres ayans fief de haubert : Et par

273 1232 1033 62 ce que la memoire des dommages reciproque¬

276 1293 1028 56 ment donnez en ces guerres, ne ſe pouuoit ſi toſt

277 1347 1025 63 perdre comme il ſeroit bien requis (voulant e¬

276 1407 1028 63 uiter tout inconueuient, & donner ſeureté à.

273 1465 1025 63 ceux des Huguenots qui pourroyent eſtre en

277 1526 1021 57 quelque crainte retournans en leurs maiſons,

275 1583 1025 60 d’eſtre priuez de repos) attendant que les rancu¬

273 1639 1028 55 nes & inimitiez fuſſent adoucies, le Roy accorda.

275 1695 1022 63 de leur bailler en garde, les villes de la Rochelle,

273 1754 1025 67 Mont-auban, Coignac, & la Charité : eſquelles

272 1816 1025 58 ceux d’entr’eux qui ne voudroyent ſi toſt s’en al¬

271 1875 1030 54 ler en leurs maiſons, ſe pourroyent retirer & ha¬

268 1931 1030 66 bituer, à la chirge que le roy de Nauarre, le prin¬

269 1991 1033 67 ce de Condé, & vingt gentils-hommes de maiſon

462 108 572 53 DIALGOVEI.

1222 2050 83 72 qui
