1413 2434
173 187 1009 82 gneurs, Gentilshommes & gens de

173 267 1004 81 Conſeil treſnotables, chargez d’or,

169 352 1017 80 d’argent & de meubles dont ils ont

169 444 1015 76 vuydé leur pays pour s’en venir

170 523 1015 81 peupler le noſtre. A nous qui leur a¬

169 608 1013 74 uons couſté en faiſant nos propres

166 689 1016 76 affaires vn monde d’argent de deſ¬

163 770 1018 81 peſe pour le deffray de nos Ambaſ¬

165 858 1020 75 ſadeurs, leſquels neantmoins n’ont

162 941 1016 77 daigné accepter l’ordre de Mon¬

165 1023 1019 75 ſieur S. Michel qui rend tous ceux

163 1106 1018 79 la qui le portent, couſins de Char¬

162 1184 1023 89 les de Valois. Il ſemble pluſtoſt que

161 1279 1024 63 nous ſommes leurs deteurs en tou

163 1363 1017 77 te façon. Et quad bien tu pourroys

161 1446 1025 75 monſtrer que nous ſommes en quel

159 1529 1023 74 que ſorte les creanciers de tes Fran

163 1607 1015 85 çois, quel bien fay-tu Coſmopoli¬

162 1698 1022 70 te ny à eux ny a nous auſſi, nous fai

162 1776 1020 75 ſant part de leurs miſeres & deſcou

159 1868 1019 69 urant leurs pouretez? n’eſt ce pas

162 1945 1015 68 autant comme ſi tu nous diſois? Il

510 102 331 56 EPISRRE.

886 2043 130 58 a. V.
