1413 2420
183 147 972 65 Le pillage des ſeigneurs, gentilshommes, mar

130 205 1021 66 chands, & autres Huguenots tuez, eſtoit fait par

129 268 1029 56 authorité priuee, ou donné & departi par le Roy.

130 325 1025 55 à les courtiſans, & autres ſiens bons ſeruiteurs:

131 383 1026 64 deſquels les aucuns trouuãs quelque choſe de ſin¬

131 442 1024 66 gulier parmi la deſpouille des morts, le venoy¬

129 497 1031 67 ent offrir & preſenter au Roy, à ſa mete, ou à quel

131 559 1024 67 que autre des Princes à qui ils eſtoyent plus affe¬

130 627 217 46 ctionnez.

343 86 564 48 DIALOGVE I.

187 668 971 71 En ces entrefaites le Roy aſſembla ſon con¬

130 734 1032 64 ſeil, auquel furent monſtrees par Monſieur frere

134 794 1026 54 du Roy, certaines letres du mareſchal de Mont¬

131 849 1030 65 morency, à Teligny, du vendredi 22. d’Aouſt a¬

133 907 1031 66 pres la bleſſure de l’Amiral, en reſponſe de celles

135 970 1025 66 que Teligny luy en auoit eſcrit: & furent leſdictes

138 1029 1026 62 letres trouuees dãs les coffres & entre les papiers

134 1084 1028 68 de Teligny mort: Par icelles, le mareſchal de

133 1148 1032 57 Montmorency monſtroit ouuertement, le deſ¬

137 1204 1025 62 plaiſir qu’il auoit receu; entendant la bleſſure de

137 1266 1025 62 PAmiral ſon couſin: Qu’il ne vouloit pas en pour

135 1325 1039 62 ſuyure moins la vengeance, que ſi l’outrage euſt

137 1382 1029 63 eſté fait à ſa propre perſonne, n’eſtant pas pour

137 1438 1036 65 laiſſer en arriere, choſe qui peuſt ſeruir à ceſt ef¬

139 1496 1023 66 fect, ſachant combien vn tel acte eſtoit deſplaiſãt

141 1562 186 59 au Roy.

1095 98 11 35 6

196 1611 972 65 Or auoit-il eſté conclu au ſecret conſeil d’en¬

141 1673 1025 66 tre le Roy, la Royue-mere, Mõſieur frere du Roy

143 1734 1037 59 le duc d’Aumale, le duc de Neuers, le comte de

143 1792 1030 63 Rets, Lanſac, Tauanes, Moruilliers, Limoges, &

153 1855 1017 59 Villeroy (tenu quelques iours auant la tuerie)

146 1909 1018 65 qu’auſsi toſt que l’Amiral & les Huguenots ſeroy

148 1969 1024 65 ent depeſchez dans Paris, le duc de Guyſe, &ceux

892 2027 111 59 E.ii.
