1472 2408
272 64 83 68 158

272 129 434 66 Phil. Et moy auſei.

268 189 1032 70 L'hiſt. Ie trouue ce que Daniel a dit ſi ſainct, que

272 251 1026 56 non ſeulement ie ſoubſcris à la verité du faict, à

271 315 1028 59 l'aduis qu’il dõne à tous Princes qui ont receu l’E

272 369 1024 64 uangile, & à l’ordre qu’il donne aux poures Fran¬

271 430 1029 62 çois: Mais auſsi (par la grace de Dieu, qui m’a tou

268 486 1028 63 ché en l’oyant diſcourir du ſaict des Huguenots)

271 547 1028 63 pour beaucoup de circonſtances, en la conſidera

270 604 1029 63 tion deſquelles il m’a fait entrer,ie croy qu’ils ſõt

271 662 1027 67 pens de bien, & qu’ils tienent la vraye pureté de

267 721 1031 64 r eligion Chreſtiene: meſmement quand ie me re

268 782 1030 60 mets en memoire de leur conſeſsion de foy (qui

268 840 1030 53 eſt imprimee au bout des Pſeaumes de Dauid) la

267 897 1029 64 quelle i’ay leue & releue pluſieurs fois:Mais pour

266 959 1034 61 ce que deuant qu'y mettre le nez, ie m'eſtoy tou¬

267 1016 1031 62 ſiours propoſé de ne rien croire de ce qui y eſt cõ

268 1074 1027 56 tenu, de peur d’eſtré ſurprins, comme noſtre curé

267 1133 1032 54 nous a touſiours dit, qu’il eſt mal-aiſé de lire vn li

267 1194 1024 59 ure des Huguenots ſans le deuenir: Ie n’y auoy

270 1250 1021 63 pas prins garde de ſi pres, mais te ſuis content d’e¬

264 1304 1027 68 ſtrę trompé de ceſte ſorte. Et au ſurplus ie m’aſ¬

264 1368 1028 55 ſeure, comme Daniel a dit, que Dieu ne laiſſera

264 1428 1034 63 impunie (quoy qu’il tarde) la meſchanceté qui à

266 1484 1026 66 eſté faite aux poures Huguenots François: Et les

263 1547 1031 52 meſchans ont beau en rire, car ils ne ſcauroyent

263 1606 1024 58 attacher au bout de leur vie celle des Huguenots,

262 1662 1026 59 qu’ils leur oſtent ſi licencieuſemẽt, comme s’il n’e

262 1719 1025 66 ſtoit point de Dieu. Or à luy ſoit louange, de la

263 1781 1022 62 grace qu’il me fait de m’ouurir les yeux, me com¬

260 1835 1023 68 muniquer ſa lumiere, & m’eſlõgner des tenebres:

262 1894 1019 68 le priant qu’il me fortifie, pour pouuoir, ſi beſoin

263 1954 1018 70 eſt, ſouffrir & endurer pour le teſmoignape de ſa

533 72 571 55 DIALOGVE I.

1125 2012 151 58 verité,
