1413 2408
125 139 1028 69 haut, il ne mẽ chaut quoy qu’il luy puiſſe aduenir¬

128 210 1025 54 Que pleuſt à Dieu qu’elle irefuſt ſamais venue en

127 260 1027 61 France, nous ne ſerions pas és peines où nous

123 318 1030 63 ſommes. Mais ie té prie, conſidere vn peu quel ar

124 375 1030 66 gument Ronſard baille à tous François, quand il

124 437 1029 60 monſtre l'entreptiſe execũteé par Bodille, contré

123 494 1031 62 le roy Childeric, ſa femme, & ſon enfant, pour a¬

123 552 1030 56 uoir eſté ſeulement ſouetté. A ton aduis, n’eſt-cé

121 615 1033 61 pas autant que s’il diſoit, en argumentãt du moin

120 670 1034 63 dre au plus grand: Vous tous qui auez eſté en dix

123 729 1034 61 mille ſortes plus inhumainemẽt traictez que Bo¬

124 789 1030 53 dille, en vos perſonnes,honneurs & biens, de vos

123 844 1030 65 ſemmes & enfans: Vous deſquels les plus pro¬

119 903 1037 60 ches parens,allier, amis & voiſis ont eſté meur¬

121 960 1031 67 tris & violez,contre tout droict, contre la foy pu¬

121 1022 1031 64 blique: s’il y a quelque cœut maſle iſſu de noble

123 1080 1031 66 race, s’il'y a quelque generofité de reſte entré

123 1141 1031 58 vous, que ne la monſtrez vous à ceſte fois contre

121 1195 1032 65 ce traiſtre à ſon peuple, & à ſoy deſloyal? cõtre ce

121 1257 1037 60 mange-ſuiect, cruel tyran, affamé d’or; n’aimant

124 1315 1030 65 perſonne? ce meſchant Roy, en vices endurcy (car

123 1371 1034 67 voila vne partie des titres qu’il luy baille) Ne voy¬

123 1432 1041 62 ez-vous pas ſes deportemens,ceux de ſa mere, de:

119 1491 1034 60 ſon frere, de ſes autres conſeillers que ie vien de

120 1546 1041 63 deſcrire? attendẽz-vous à voir dauantage de fi¬

124 1609 1038 60 gnes du eiel? ou plus de teſtoins en la terre de

121 1665 1039 63 ſon infame deſloy auté? comnje s'il diſoit, Vous

121 1725 1044 62 ne ſcauriez. Aſſeure-toy Alithié; que Ronſard

123 1781 1023 75 eſt merueilleuſement ſubtil, il ſcait bien pinſer

125 1844 232 55 ſans rire.

354 80 558 49 DIALOGVEI.

1085 94 60 45 315

124 1896 1040 70 Ali. Ouy pour le ſeur: Que ie ſeroy aiſe que on

129 1961 1036 63 entendiſt bien ſon diſcours, pour eſtre eſmeus

908 2013 114 61 H.ii.
