1448 2417
323 75 35 60 4

372 134 960 63 En meſme temps le Roy fit demander pour

298 192 1034 63 Monſieur ſon frere, la Royne d’Angleterre en ma

299 253 1029 62 riage, ayant enuoyé à ceſt effect vn ambaſſade ho

298 311 1033 62 norable à ladicte royne d’Angleterre: auec laquel

295 369 1033 62 le auſsi le Roy fit traiter d’vne ligue, confedeta¬

300 432 1028 56 tion & alliance, laquelle depuis fut conclue & re¬

294 490 1035 59 ſolue, au grand contentement des Huguenots; auſ

292 542 1028 70 quels telle ligue ſembloit ſeruir de gage, de l’ami¬

292 606 493 55 tié du Roy enuers eux.

554 68 560 56 DIALOGVE I.

302 668 1014 61 Ali. Ie me ſouuien bien, que le Roy apres les pre

287 719 1036 61 miers troubles de France, enuoya le Mareſchal

287 780 1032 60 de Vieille-ville en Suyſſe, pour traiter Ligue a¬

291 837 1030 55 uec les ſeigneurs de Berne: mais ils n’en voulurẽt

291 898 1030 63 poilit faire auec luy, qu’il ne leur promiſt quand

288 956 1032 53 & quand, d’obſeruer eſtroitement ſon Edict de

290 1015 1030 61 paix enuers les Huguenots: mais de ceſte cy d’An

292 1076 677 59 gleterre, ie n’en ay rien ouy dire.

286 1130 1030 62 L’hiſt. Ie ne ſcay pas auſsi comme elle eſt faite, ie

284 1193 1031 58 ne t’en puis dire autre choſe: mais en meſme tẽps

283 1248 1029 63 le Roy faiſoit pareillemẽt traiter vne ligue, d’en

278 1309 1030 60 tre luy, la royne d’Angleterre, & les princes Pro

284 1368 1025 60 teſtans d’Allemagne: & vne autre ligue en parti¬

283 1424 1025 61 culier, du Roy auec le duc de Florẽce, vers lequel

276 1478 1024 68 il auoit enuoyé Iean Galeas Fregoze Geneuois,

282 1545 1023 60 qui en rapporta bonnes paroles, & promeſſe que

279 1600 1025 55 le duc de Florence preſteroit deux cens mille du

279 1661 1022 60 cats pour la guerre de Flandre, contre le roy Ph̃

278 1718 1023 62 lippe: pour le moins le faiſoit-il entendre ainſi à

279 1779 514 57 l’Amiral & aux deputez.

357 1832 943 62 La royne de Nauarre vint trouuer à la fin le

279 1887 1018 69 Roy, duquel (ce diſoit-il) elle eſtoit la meilleure

276 1952 1020 66 tante, la plus deſiree, la mieux aimee & mieux ve¬

1200 2012 94 46 nue
