1424 2410
104 180 1006 77 vos contrées, auquel vous puiſſiez

100 259 1015 78 faire eſſire le Tira pour chef, (quad

107 346 1000 71 bien ce ſeroit au Royaume des Fu¬

101 427 1014 67 ries) vous ſcauez combien il eſt di¬

105 511 1006 78 gne auec ſa mere & ſon conſeil d’y

107 598 1010 78 preſider: ou que vous peuſſiez trou

104 681 1011 79 uer quelque habile moye pour en

105 759 1009 77 depeſtrer bien toſt la Françe. Ce ſe

101 846 1013 72 roit (ie le vous iure) combler les

104 929 1010 73 François de tous biens. En ce cas la

108 1018 1007 70 vous pourriez tenir pour tous aſſeu

105 1099 1008 73 rez qu’ils vous erigeroyent des Co¬

104 1183 1006 67 lomnes comme à leurs liberateurs,

101 1267 1016 71 & vous preſteroyent à toute heure

105 1349 1010 75 l’aide que pourriez deſirer contre

99 1436 1015 71 ceux qui vous voudroyent nuire:

105 1511 1009 79 autrement il neſt pas poſſible pen¬

107 1601 1008 75 dant que ces Schelmes viurot, que

109 1685 1008 72 vous puiſſiez recouurer d’eux vn

104 1765 1013 75 tout ſeul brin de payement. Car

100 1841 1016 87 tout cela qu’ils peuuent faire, c’eſt

108 1933 1007 72 de viure au iour la iournee, les ar¬

434 100 322 48 EPISTRE.

872 2012 127 84 b.ij.
