1466 2438
275 79 81 59 130

276 144 1032 61 cruauté & d’vn ſi peruers iugement, Apres auoir

276 220 1031 45 veu plec a (come auisitout le monde à pett von)

272 261 1036 55 la confeſsion de ſoy de ces vieux Lutheriens Frã¬

273 325 1033 59 çois, qui aimoyent mieux endurer tous tourmens

266 381 1044 60 que de riẽ quitter de la cognoiſſance que le ſainct

266 436 1040 61 Eſprit leur auoit donné, de Dieu le Pere en noſtre

270 495 1037 64 Seigneur Ieſus Chriſt, laquelle ils recognoiſſent

266 553 1038 61 eſtre le ſouuerain bien de l’homme, le ſalut éter¬

265 613 1042 56 nel, ſans lequel la condition des hommes, ſatoit

270 671 1034 65 plus miſerable que celle des beſtes brutes: Eta¬

266 735 1038 58 uoir veu que nul ne leur pouuoit arracher ceſte e¬

265 789 1038 69 ſperance, Que nulle tribulation, angoiſſe, perſecu

268 851 1036 55 tion, faim, nudité, couſteau, ny feu, ne les pouuoit

265 907 1039 65 ſeparer de l’amour de Chriſt, quoy qu’ils fuſſent

268 971 1032 61 pour ceſte ſeule occaſion tous les iours tuez, no¬

269 1028 1033 60 putez comme brebis de la boucherie, voire ſans

264 1087 1035 53 comparaiſon plus rudement traitez: eſtans iour¬

266 1144 1034 54 nellemene bruſlez tous viſs à petit ſeu, & leurs lan

270 1205 1027 62 gues couppees, pour les garder de donnengloire

265 1263 1032 63 à Dieu deuãt le peuple, eſtans en tout & par tout

266 1323 1025 59 pour le dire en vn mot, maſtinez en leur honneur,

266 1381 1030 53 vie, & biens, comme les plus deteſtables hereti¬

265 1439 1031 63 ques qui furent onques, & declarez criminels de

264 1495 1031 58 leze maieſté diuine & humaine, ainſi que plus à

266 1558 1027 64 plein appert tant par les proces, procedures & a¬

261 1614 1035 62 reſts ſur ce faits, reſeruez iuſques à maintenant rie

264 1675 1028 61 re les greffes des Parlemens, & des autres iugesde

262 1732 1030 63 la France, que par les actes & confeſsion de foy

264 1791 1023 64 d’vn grand nombre d’eux redigez par eſcrit és li¬

264 1852 871 53 ures des martyrs & teſmoins de la verité.

539 77 566 50 DIALOGVE I.

327 1911 958 58 Auoir veuauſsi que pour vn de ces Lutheriẽs

262 1966 1025 68 qu’on bruſloit, vn grand nombre d’hõmes, ſem¬

1184 2042 103 51 mec
