1439 2408
164 147 1022 85 eſprits, ils firent apporter le tableau, lequel bien

168 208 1022 86 dextre mẽt deſueloppé, eſtant regardé par eux, &

164 270 1023 81 trouué tel que ie vous vien de dire, ie vous laiſſe

163 326 1023 82 à penſer ſi ces ſeigneurs en furent eſtonnez, &

167 386 620 62 monſieur le Cardinal faſché.

425 88 463 63 DIALOGVE.

164 445 1022 83 L'hiſt. Ie n’auoy' point encore ouy faire ce conte:

161 504 1026 83 mais vrayement il eſt admirable, & digne que ie

161 571 1027 69 de couche entre mes cierluos pour inomiti ci a vn

160 619 1027 83 coſté la force de la verité, laquelle d’vne façon

161 679 1026 82 où d’autre toſt ou tard faut que ſe deſcouure, &

165 735 994 87 la puiſſance du deſpit ſur vne perſonne outree.

161 797 1025 85 Le pol. Quant au deſpit dont tu parles,ſi celuy du

163 854 1033 90 Luquoys le pouſſa à faire ce traict que i’ay recité,

161 917 1025 82 aſſeure toy que le deſpit que monſieur le Cardi¬

161 975 1022 81 nal en print, cuidant que ce fuſſent Huguenots

164 1035 1013 83 qui luy euſſẽt ioué ce tour, leur a cauſé beaucoup

163 1096 826 71 de maux qui leur ſont depuis ſuruenus.

1140 115 33 61 11

163 1147 1023 83 Phil. Ainſi bien ſouuent, l'innocent ſouffre la pei

161 1214 1020 78 ne deue au coulpable: mais pour n’entrer plus a¬

160 1272 1021 81 uant en ce diſcours, ie te prie Hiſtoriographe, re¬

164 1328 544 67 pren le fil de ton hiſtoire.

157 1381 1027 82 L’hiſt. Charles Ix. François ſon frere decedé, ſuc¬

159 1446 1022 81 ceda à la couronne en l’aage de dix ans: Et Ca¬

161 1502 1022 79 therine de Medicis ſa mere, & trtnuome de¬

165 1563 1008 82 Bourbõ roy de Nauarre, premier Prince du ſanp

161 1621 1019 81 eſtans en different touchant le gouuernement de

163 1677 1016 88 la perſonne de Charles & de ſon eſtat, & peu a¬

167 1743 1014 83 pres tombez d’accord à l’auantage de la mete: le

165 1795 1016 89 prince de Condé fut declaré innocent, & abiou¬

161 1854 1022 89 du faict d’Amboiſe, tenu pour bon parent du

161 1914 1018 87 Roy, & deliuré: Les ſeux auſsi & pourſuites con¬

159 1974 1018 90 tre les Huguenots furent ſaits ceſſer: les eſtats de
