1430 2409
310 73 8 51 2

262 139 1036 71 bien toſt ſortir de Sodome, deuant que ceux qui

259 203 1041 64 leur font quitter l’heritage du ciel pour vne eſcu¬

258 259 1047 59 elle de lentilles, executent leur coniuration & deſ¬

258 315 1044 70 ſeins. Qu’ils n’ayẽt point regret de laiſſer les aulx

258 377 1044 70 & les oignons d’Egypte, ſachans combien plus

259 440 1038 63 vaut vn peu de pain auec ioye & contentemẽt de

257 493 1039 67 conſcience, qu’vne maiſon pleine de richeſſes a.

258 559 1035 60 uec vne inquietude & continuel tourment d’e¬

261 611 124 66 ſprit.

535 74 570 54 DIALOGVE I.

299 677 793 59 Que trop mieux vaut en toutes ſortes

303 730 750 64 Vn iour chez toy, que mille ailleurs:

295 790 673 59 Et ſont les eſtats trop meilleurs

301 851 712 61 Des ſimples gardes de tes portes,

302 910 603 60 Qu’auoir vn logis de beauté,

294 966 591 53 Entte les meſchans arreſté.

255 1025 1033 63 Qu’ils ayent memoire (en conſiderant leur miſe¬

251 1082 1042 64 ranie condition) de ce poure enfant prodigue, &

253 1145 1040 60 qu’à ſon exemple, ils laiſſent la viande aux pour¬

249 1201 1033 63 ceaux: s’aſſeurans que toy grand Pere de famille,

249 1262 1059 60 es preſt à les recueillir. & à les traicter & entrete-

247 1322 1046 63 nir, tout ainſi que ceux-là qui n’ont bougé de ta

247 1382 1046 59 maiſon. Les autres qui d’vne gayeté de cœur ont

246 1438 1042 59 delaiſſé ton ſainct ſeruice, commumquans à tou¬

245 1498 1045 63 tes iufametez: voire Seigneur, en te faiſant la guer

243 1557 1045 53 re, ſe ſont adioints à ces tueurs, s’il y a encores

245 1616 1044 62 quelque reſte de miſericorde pour eux, ſi parmi

241 1676 1043 62 çeux-cy ſe trouuent quelques vns de tes eleus, aye

243 1733 1043 61 pitié Seigneur, aye compaſsion d’iceux, les faiſant

241 1792 1049 60 retourner en ta ſaincte famille, de laquelle ils ſont

242 1853 1040 60 toruſcis. Abba-les Seigneur, & les atterre, com¬

242 1911 1040 60 me iadis tu fis Saul, qui perſecutant ton fils en ſes

245 1972 1037 54 membres, ſeruit apres ſa conuerſion de bon te ſ¬

1144 2034 138 53 moin
