1420 2444
293 203 1006 86 Royne d’Angleterre ſimple & ſans

285 289 1016 80 affeterie. Et ceux qui ſans paſſion le

290 377 1006 77 liront pourront bien iuger & co¬

290 456 1003 83 gnoiſtre, que le fard duquel Puy-

289 544 1011 72 brac en vedant ſa plume, come Ba¬

288 628 1011 79 laam ſe langue pour maudire le peu

288 704 1004 84 ple de Dieu, a vſé en ſa belle epi¬

285 794 1016 66 ſtre a Staniſlaus Heluidius, & tout

286 874 1010 81 ce que Monluc Eueſque de Valen¬

285 964 1015 65 ce, Lanſac & autres tels menteurs à

285 1049 1009 76 gages vous ont ſceu dire & propo¬

282 1124 1017 81 ſer pour deſguiſer la verité, eſt bien

278 1213 1019 79 fort loin de ceſt ouurgge, qui ne

277 1296 1016 75 marche que rondement, en ſon ſti¬

275 1379 407 71 de & au ſuiet.

652 116 323 61 ERISTRÉ.

270 1469 1020 69 Lt: Mais vous me pourrieg deman¬

270 1546 1023 77 der. Pourquoy dis-tus o. Phila¬

271 1629 1025 81 delphe, que les Francois nous ſont

278 1718 1010 70 deteurs? Amnous qui leur auons o¬

275 1794 1018 78 ſté le ſecond fils qui deuroit eſtre

269 1883 1015 78 gardien de toute la France; & em¬

263 1978 1025 64 meſie auec luy des Princes, SeE¬

1092 2063 198 70 gneurs
