1452 2460
298 97 53 69 48

280 169 1018 63 au pré aux clercs, & par les places de Paris, auec

280 226 1020 66 des piſtoles & harquebuzes à l’arçõ de la ſelle, cõ

278 287 1022 57 tre les deffenſes du port des armes: à quoy quel¬

280 347 1021 61 qu’vn du conſeil reſpondit, que ce pouuoyent e¬

278 407 1022 64 ſtre quelques vns qui ſe preparoyent & s’exercoy

280 467 1020 60 ent pour la reueuë, qui ſe deuoit faire, pour la ro¬

278 526 423 49 creation de la cour.

549 103 557 54 DIADOSV LI.

340 576 961 59 Le vendredi 22.iour d’Aouſt au matin, fut te¬

276 640 1026 59 nu conſeil au Louure, pour remedier aux plain¬

277 697 1028 62 ctes des Huguenots (Monſieur frere du Roy qui

284 777 1020 45 yprendole, yentant lede cetorer pruſtore que de

276 814 1028 64 couſtume) I'Amiral qui y eſtoit pareillemẽt, ſor

277 874 1027 55 tit auec les autres ſeigneurs du conſeil: & comme

276 932 1025 62 il alloit en ſon logis, ayant trouué le Roy qui ſor¬

280 993 1024 60 toit d’vne chappelle qui eſt au deuant du Louure,

278 1050 1024 62 le ramena iuſques dans le ieu de paulme (où le

278 1107 1026 64 Roy, & le duc de Guyſe ayant dreſſé partie, con¬

277 1168 1032 62 tre Teligny & vn autre gentilhõme, & ioué quel¬

278 1228 1026 53 que peu) l’Amiral en ſortit pour s’en aller diſner

276 1286 1026 64 à ſon logis, accompagné de douze ou quinze gen¬

274 1344 1033 56 tilshommes, entre leſquels i’eſtoy': il ne fut polm

273 1402 1029 61 cent pas loin du Louure, que d’vne feneſtre fer¬

273 1463 1032 59 ree, du logis (où logeoit ordinairement Villemus

274 1519 1030 63 precepteur du duc de Guyſe) luy fut tiree vne har

272 1577 1035 64 quebouzade auec trois balles, ſur le poinct qu’il

270 1638 1034 60 liſoit vne requeſte (allant à pied par la rue)

269 1696 1036 60 l'vne des balles luy emporta le doigt indice de la

267 1752 1040 56 main droite: de l'autre balle, il fut bleſſé au bras

269 1814 1039 66 gauche pres du carpe, & ſortit la balle par l’ole¬

266 1873 148 51 crane.

324 1927 981 66 Lors qu’il fut bleſſé, le ſeigneur de Guerchy e¬

266 1988 1043 67 ſtoit à ſon coſté droit; d’où luy fut tiree l’arque¬

1081 2047 227 65 bouzade,
