1432 2428
260 155 1024 66 la mort-Dieu, Madame, ce repliqua il,ie les vous

259 219 1027 60 mettray tous au filé, ſi vous me voulez laiſſer

259 273 131 60 faire.

327 338 959 59 Vous-vous trompez, ſi vous croyez qu’vn Roy

260 401 1031 53 ou Prince permette iamais, que ſon vaſſal ou ſu¬

257 457 1029 58 iet, qui s’eſt vne fois eſleué en ligue contre ſa vo¬

256 512 1028 63 lonté (pour quelque occaſion que ce ſoitauſte ou

256 567 1035 60 iniuſte) vſe & iouiſſe de la faueur des loix. Penſez

260 629 1024 65 pluſtoſt que cecy eſt engraué dãs le cœur des rois

256 691 1035 58 & des Princes, de venger par les armes, ce qu’ils.

260 747 1012 52 eſtiment auoir eſté fait contr’eux par les armes.

515 91 559 53 DIALOGVE I.

299 807 988 60 Faites voſtre compte, que ce que les Rois &

253 865 1033 60 Princes (qui ne regardent à la conſciẽce) penſent

253 922 1039 62 auoir fait par crainte ou neceſsité, ils ſe diſpen¬

236 980 1051 62 ſent de le rompre, ſoudain que l’vne ou l’autre de,

252 1042 1032 58 ces deux occaſions ceſſent: & tienent pour maxi¬

253 1100 1039 60 mes d’eſtat, qu’il ne faut point garder les conuen¬

249 1155 1037 65 tions, faites par le prince, à ſes ſuiets armez: Que

253 1215 1027 62 pour regner, il eſt loiſible de violer la loy, & que

251 1276 1033 62 lon peut piper les enfans auec paroles & promeſ

248 1335 1042 57 ſes, & tromper les hommes auec des iuremens ſo,

246 1390 1040 60 lennels. C’eſt leur caballe: ce ſont leurs loix in¬

251 1451 1028 61 uiolables, qu’ils n’oſent outrepaſſer, ſe ſouciant

248 1509 1038 63 biẽ peu ou rien, de la force faite à toute autre loy,

246 1570 1038 59 ſoit diuine, naturelle, ciuile, des gens, ou munici¬

251 1629 1029 61 pale, pour eſtre (ce diſent-ils) ennemie de leut re¬

249 1688 478 61 pos, eſtat, & grandeur.

1176 1709 112 37 Ub 2

305 1745 982 65 Voicy quelque traict & exemple, de leurs plus

245 1810 293 51 rares vertus.

272 1860 1012 64 Antonin Commode, faiſant par fois treues a¬

240 1919 1050 63 uec ſes voluptez, eſquelles il eſtoit du tout plon¬

256 1980 1024 67 sé, pour employer le temps & fuir l’oiſiueté, va¬

1124 2040 133 69 quoic
