<?xml version="1.0" encoding="UTF-8"?>
<alto xmlns:xsi="http://www.w3.org/2001/XMLSchema-instance"
      xmlns="http://www.loc.gov/standards/alto/ns-v4#"
      xsi:schemaLocation="http://www.loc.gov/standards/alto/ns-v4# http://www.loc.gov/standards/alto/v4/alto-4-2.xsd">
  <Description>
    <MeasurementUnit>pixel</MeasurementUnit>
    <sourceImageInformation>
      <fileName>page_00134.png</fileName>
      <fileIdentifier>mets//page_00002.zip/page_00134.png</fileIdentifier>
    </sourceImageInformation>
  </Description>
  <Tags>
    <OtherTag ID="BT7" LABEL="CustomZone" DESCRIPTION="block type CustomZone"/><OtherTag ID="BT8" LABEL="DamageZone" DESCRIPTION="block type DamageZone"/><OtherTag ID="BT9" LABEL="DigitizationArtefactZone" DESCRIPTION="block type DigitizationArtefactZone"/><OtherTag ID="BT10" LABEL="DropCapitalZone" DESCRIPTION="block type DropCapitalZone"/><OtherTag ID="BT11" LABEL="GraphicZone" DESCRIPTION="block type GraphicZone"/><OtherTag ID="BT12" LABEL="MainZone" DESCRIPTION="block type MainZone"/><OtherTag ID="BT13" LABEL="MarginTextZone" DESCRIPTION="block type MarginTextZone"/><OtherTag ID="BT14" LABEL="MusicZone" DESCRIPTION="block type MusicZone"/><OtherTag ID="BT15" LABEL="NumberingZone" DESCRIPTION="block type NumberingZone"/><OtherTag ID="BT17" LABEL="QuireMarksZone" DESCRIPTION="block type QuireMarksZone"/><OtherTag ID="BT18" LABEL="RunningTitleZone" DESCRIPTION="block type RunningTitleZone"/><OtherTag ID="BT19" LABEL="SealZone" DESCRIPTION="block type SealZone"/><OtherTag ID="BT20" LABEL="StampZone" DESCRIPTION="block type StampZone"/><OtherTag ID="BT21" LABEL="TableZone" DESCRIPTION="block type TableZone"/><OtherTag ID="BT22" LABEL="TitlePageZone" DESCRIPTION="block type TitlePageZone"/><OtherTag ID="BT100001" LABEL="MainZone-Head" DESCRIPTION="block type MainZone-Head"/><OtherTag ID="BT100005" LABEL="MainZone-P" DESCRIPTION="block type MainZone-P"/><OtherTag ID="BT100006" LABEL="MainZone-Continued" DESCRIPTION="block type MainZone-Continued"/><OtherTag ID="BT100008" LABEL="MainZone-Sp" DESCRIPTION="block type MainZone-Sp"/><OtherTag ID="BT100002" LABEL="MainZone-Lg" DESCRIPTION="block type MainZone-Lg"/><OtherTag ID="BT100014" LABEL="MainZone-ListItem" DESCRIPTION="block type MainZone-ListItem"/>
    <OtherTag ID="LT7" LABEL="CustomLine" DESCRIPTION="line type CustomLine"/><OtherTag ID="LT8" LABEL="DefaultLine" DESCRIPTION="line type DefaultLine"/><OtherTag ID="LT9" LABEL="DropCapitalLine" DESCRIPTION="line type DropCapitalLine"/><OtherTag ID="LT10" LABEL="HeadingLine" DESCRIPTION="line type HeadingLine"/><OtherTag ID="LT11" LABEL="InterlinearLine" DESCRIPTION="line type InterlinearLine"/><OtherTag ID="LT12" LABEL="MusicLine" DESCRIPTION="line type MusicLine"/><OtherTag ID="LT765" LABEL="default" DESCRIPTION="line type default"/>
  </Tags>
  <Layout>
    <Page WIDTH="1430"
          HEIGHT="2432"
          PHYSICAL_IMG_NR="133"
          ID="eSc_dummypage_">
      <PrintSpace HPOS="0"
                  VPOS="0"
                  WIDTH="1430"
                  HEIGHT="2432">
        <TextBlock HPOS="119.0"
                   VPOS="166.0"
                   WIDTH="1051.0"
                   HEIGHT="1904.0"
                   ID="block_0"
                   TAGREFS="BT100006">
          <Shape><Polygon POINTS="1167 176 1170 2070 119 2066 122 166"/></Shape>
          <TextLine ID="line_1"
                    TAGREFS="LT8"
                    BASELINE="129 212 1152 208" 
                    HPOS="128"
                    VPOS="166"
                    WIDTH="1024"
                    HEIGHT="56">
            <Shape><Polygon POINTS="129 212 129 221 1150 222 1152 208 1150 178 1090 178 1077 166 1075 166 1074 166 1073 166 1011 176 994 166 993 166 992 166 990 166 927 175 810 166 809 166 808 166 781 174 771 167 770 167 769 167 767 167 733 174 671 167 670 167 669 167 667 167 656 175 598 167 597 167 596 167 569 179 516 179 501 170 500 170 498 170 497 170 455 181 352 181 320 168 318 168 317 168 316 168 290 179 128 181 129 212"/></Shape>
	    <String CONTENT="nous voyions ce nous ſembloit l’entree de mieux"
                    HPOS="128"
                    VPOS="166"
                    WIDTH="1024"
                    HEIGHT="56"
                    WC="0.9968230724334717"></String>
          </TextLine>
          <TextLine ID="line_2"
                    TAGREFS="LT8"
                    BASELINE="127 271 1155 268" 
                    HPOS="125"
                    VPOS="241"
                    WIDTH="1030"
                    HEIGHT="48">
            <Shape><Polygon POINTS="1152 249 1139 249 1125 249 1112 249 1098 249 1085 249 1071 249 1058 249 1044 249 1031 249 1017 249 1004 249 990 249 977 249 963 249 950 249 936 249 923 249 909 249 896 249 882 249 869 249 855 249 842 249 828 249 815 249 801 249 787 249 774 249 760 249 747 249 733 249 720 249 706 249 693 249 679 249 666 249 652 249 639 249 625 249 612 249 598 249 585 249 571 249 558 249 544 249 531 249 517 249 504 249 490 249 477 249 463 249 450 249 436 249 423 249 409 249 396 249 382 249 368 249 363 249 355 249 341 249 328 249 314 249 301 249 287 249 275 249 274 249 260 249 247 249 233 249 220 249 206 249 193 249 179 249 166 249 162 241 140 241 139 241 137 241 136 241 125 247 127 271 127 279 159 289 160 289 162 289 281 281 302 279 421 279 433 281 485 289 486 289 543 281 550 281 562 281 632 286 633 286 635 286 651 281 664 278 677 282 700 287 701 287 702 287 704 287 715 282 723 278 810 278 817 282 824 287 825 287 827 287 828 287 829 287 850 282 866 278 925 278 932 282 943 287 944 287 946 287 947 287 967 282 981 279 1152 282 1155 268 1152 249 1152 249"/></Shape>
	    <String CONTENT="eſperer. Les Huguenots ie comportoyent fort"
                    HPOS="125"
                    VPOS="241"
                    WIDTH="1030"
                    HEIGHT="48"
                    WC="0.9946754644083422"></String>
          </TextLine>
          <TextLine ID="line_3"
                    TAGREFS="LT8"
                    BASELINE="125 329 1156 326" 
                    HPOS="124"
                    VPOS="286"
                    WIDTH="1032"
                    HEIGHT="62">
            <Shape><Polygon POINTS="125 329 125 339 179 348 181 348 182 348 198 340 537 348 539 348 540 348 541 348 554 339 555 339 702 339 704 339 715 347 716 347 717 347 719 348 755 348 755 347 756 347 758 347 770 339 774 337 796 337 798 339 808 347 809 347 810 347 812 348 837 348 837 347 839 347 840 347 850 339 852 337 1021 337 1029 339 1074 345 1075 345 1155 337 1156 326 1154 294 1119 286 1117 286 1116 286 1115 286 1105 294 1102 297 1071 297 1069 294 1059 286 1058 286 1056 286 1031 286 1029 286 1028 286 1027 286 1017 294 1016 295 969 295 963 294 933 286 932 286 931 286 877 295 870 295 859 295 766 287 765 287 727 295 725 297 525 297 523 297 482 287 481 287 479 287 478 287 466 297 464 298 391 298 391 297 360 287 359 287 358 287 308 297 286 287 285 287 283 287 241 294 209 287 208 287 206 287 205 287 193 298 124 298 125 329"/></Shape>
	    <String CONTENT="modeſtemẽr, quelques ou trages qu’on leur ſceuſt"
                    HPOS="124"
                    VPOS="286"
                    WIDTH="1032"
                    HEIGHT="62"
                    WC="0.9997750180108207"></String>
          </TextLine>
          <TextLine ID="line_4"
                    TAGREFS="LT8"
                    BASELINE="124 389 1154 385" 
                    HPOS="122"
                    VPOS="344"
                    WIDTH="1032"
                    HEIGHT="62">
            <Shape><Polygon POINTS="124 389 124 398 464 406 466 406 505 398 514 395 902 395 906 398 913 403 915 403 916 403 917 403 1152 397 1154 385 1150 355 1117 355 1116 355 1105 345 1104 345 1102 345 1101 345 1100 345 1081 355 1069 344 1067 344 1066 344 1043 344 1042 344 1040 344 1039 344 1027 355 1025 355 929 355 866 355 808 344 806 344 750 355 742 358 715 358 712 355 696 345 694 345 693 345 692 345 602 355 590 356 574 356 502 351 501 351 421 356 390 358 383 356 352 347 351 347 350 347 348 347 318 356 314 358 310 356 289 347 287 347 286 347 205 356 202 356 182 347 181 347 135 347 133 347 132 347 131 347 122 352 124 389"/></Shape>
	    <String CONTENT="faire: ils aimoyent mieux les endurer, que d’vſer"
                    HPOS="122"
                    VPOS="344"
                    WIDTH="1032"
                    HEIGHT="62"
                    WC="0.9973988107272557"></String>
          </TextLine>
          <TextLine ID="line_5"
                    TAGREFS="LT8"
                    BASELINE="125 448 1156 444" 
                    HPOS="124"
                    VPOS="403"
                    WIDTH="1032"
                    HEIGHT="65">
            <Shape><Polygon POINTS="125 448 125 456 305 463 306 463 308 463 324 458 329 456 335 458 373 467 374 467 375 468 469 468 469 467 470 467 504 458 516 455 689 455 693 459 701 466 702 466 704 466 705 467 733 467 733 466 735 466 736 466 744 459 747 458 748 459 758 466 759 466 760 466 762 467 792 467 792 466 793 466 794 466 805 459 815 453 981 453 989 459 990 460 992 460 993 460 994 460 1004 459 1031 455 1036 459 1043 464 1044 464 1046 464 1047 464 1155 459 1156 444 1154 416 960 416 923 406 921 406 871 414 858 403 856 403 855 403 812 403 810 403 756 416 531 405 529 405 528 405 527 405 512 416 444 406 443 406 441 406 400 418 217 418 141 406 140 406 139 406 137 406 124 416 125 448"/></Shape>
	    <String CONTENT="d’aucune reuenge. Il eſt vray qu’ils recourcyent"
                    HPOS="124"
                    VPOS="403"
                    WIDTH="1032"
                    HEIGHT="65"
                    WC="0.9946513113876184"></String>
          </TextLine>
          <TextLine ID="line_6"
                    TAGREFS="LT8"
                    BASELINE="124 506 1158 503" 
                    HPOS="122"
                    VPOS="462"
                    WIDTH="1036"
                    HEIGHT="62">
            <Shape><Polygon POINTS="124 506 124 514 217 522 218 524 279 524 279 522 281 522 282 522 290 516 596 516 597 516 608 522 609 522 610 522 612 522 675 516 693 514 773 514 777 516 785 521 786 521 787 521 789 521 825 516 839 514 1156 516 1158 503 1155 475 1044 475 1009 462 1008 462 1006 462 1005 462 1004 462 988 474 806 468 805 468 804 468 790 474 751 462 750 462 748 462 747 462 724 472 646 468 644 468 643 468 642 468 633 475 614 463 613 463 612 463 610 463 450 475 410 463 409 463 306 463 305 463 304 463 302 463 286 476 252 476 186 463 185 463 183 463 182 463 168 474 122 476 124 506"/></Shape>
	    <String CONTENT="au Roy &amp; à ſon conſeil, pour la punition de ceux"
                    HPOS="122"
                    VPOS="462"
                    WIDTH="1036"
                    HEIGHT="62"
                    WC="0.9798799035500507"></String>
          </TextLine>
          <TextLine ID="line_7"
                    TAGREFS="LT8"
                    BASELINE="125 564 1155 564" 
                    HPOS="125"
                    VPOS="522"
                    WIDTH="1030"
                    HEIGHT="63">
            <Shape><Polygon POINTS="125 564 125 574 139 580 140 580 141 580 143 580 144 580 152 574 174 580 175 580 177 580 397 575 412 583 413 583 414 583 416 583 521 574 800 574 850 583 851 585 902 585 902 583 904 583 905 583 917 574 919 574 1036 575 1047 583 1048 583 1050 583 1051 583 1094 575 1143 582 1144 582 1146 582 1147 582 1155 575 1155 564 1155 535 1044 535 1031 522 1029 522 1028 522 947 522 946 522 944 522 915 535 800 535 748 522 747 522 746 522 709 535 451 535 413 522 412 522 410 522 360 530 351 522 350 522 348 522 310 522 309 522 308 522 306 522 291 535 243 535 225 522 224 522 223 522 186 522 185 522 183 522 182 522 167 535 125 535 125 564"/></Shape>
	    <String CONTENT="qui les offenſoyent : mais combien que lé Roy ne"
                    HPOS="125"
                    VPOS="522"
                    WIDTH="1030"
                    HEIGHT="63"
                    WC="0.9749811620128398"></String>
          </TextLine>
          <TextLine ID="line_8"
                    TAGREFS="LT8"
                    BASELINE="125 625 1156 622" 
                    HPOS="124"
                    VPOS="578"
                    WIDTH="1032"
                    HEIGHT="57">
            <Shape><Polygon POINTS="125 625 125 633 1154 635 1156 622 1154 591 1120 591 1120 590 1104 578 1102 578 1101 578 1100 578 1098 578 1070 590 1070 591 988 591 985 590 948 578 947 578 946 578 875 589 869 590 866 589 842 578 840 578 839 578 837 578 798 589 792 591 629 591 623 587 610 579 609 579 608 579 606 579 605 579 575 587 550 579 548 579 547 579 546 579 544 579 535 587 528 593 482 593 473 587 458 579 456 579 455 579 454 579 435 586 414 579 413 579 412 579 410 579 409 579 400 587 393 591 382 587 363 579 362 579 336 579 335 579 333 579 332 579 324 586 320 590 314 586 301 579 300 579 298 579 297 579 273 586 252 593 210 593 201 586 193 579 191 579 190 579 189 579 124 585 125 625"/></Shape>
	    <String CONTENT="fiſt que le ſemblant de leur en vouloir faire raiſon"
                    HPOS="124"
                    VPOS="578"
                    WIDTH="1032"
                    HEIGHT="57"
                    WC="0.9956704148879418"></String>
          </TextLine>
          <TextLine ID="line_9"
                    TAGREFS="LT8"
                    BASELINE="122 685 1154 682" 
                    HPOS="121"
                    VPOS="640"
                    WIDTH="1033"
                    HEIGHT="53">
            <Shape><Polygon POINTS="122 685 122 693 1152 693 1154 682 1152 651 1124 640 1123 640 1121 640 1120 640 1098 651 1097 652 986 652 985 651 969 640 967 640 966 640 920 640 919 640 917 640 885 651 883 651 823 640 821 640 820 640 819 640 805 651 701 640 700 640 621 652 616 652 614 652 596 641 594 641 593 641 521 652 517 652 514 652 481 641 479 641 478 641 477 641 452 652 451 652 446 652 356 644 355 644 281 652 279 652 278 652 236 641 235 641 233 641 232 641 208 649 171 641 170 641 121 652 122 685"/></Shape>
	    <String CONTENT="cela les contentoit. Ils remirent les villes que le"
                    HPOS="121"
                    VPOS="640"
                    WIDTH="1033"
                    HEIGHT="53"
                    WC="0.9952346121563631"></String>
          </TextLine>
          <TextLine ID="line_10"
                    TAGREFS="LT8"
                    BASELINE="125 744 1155 739" 
                    HPOS="124"
                    VPOS="694"
                    WIDTH="1031"
                    HEIGHT="65">
            <Shape><Polygon POINTS="125 744 125 752 217 759 218 759 220 759 221 759 229 752 232 752 262 757 263 757 533 751 547 751 550 751 605 757 606 757 673 749 681 749 705 749 896 755 897 755 1000 748 1005 748 1006 748 1016 755 1017 755 1019 755 1020 756 1132 756 1132 755 1133 755 1155 747 1155 739 1152 709 1005 709 1004 707 988 695 986 695 985 695 983 695 982 695 962 703 951 694 950 694 948 694 947 694 892 707 882 709 847 709 846 707 829 695 828 695 827 695 825 695 750 706 742 707 735 706 687 695 686 695 685 695 648 706 633 712 606 712 597 706 582 697 581 697 579 697 508 697 506 697 505 697 487 706 485 707 483 706 473 697 471 697 470 697 469 697 467 697 439 705 436 706 433 705 410 697 409 697 408 697 406 697 390 705 379 712 350 712 268 712 259 705 251 698 250 698 248 698 247 698 216 705 195 709 181 705 162 698 160 698 159 698 124 703 125 744"/></Shape>
	    <String CONTENT="Roy leur auoit baillé pour leur ſeureté &amp; retrai¬"
                    HPOS="124"
                    VPOS="694"
                    WIDTH="1031"
                    HEIGHT="65"
                    WC="0.9936882362646215"></String>
          </TextLine>
          <TextLine ID="line_11"
                    TAGREFS="LT8"
                    BASELINE="121 801 1154 801" 
                    HPOS="121"
                    VPOS="757"
                    WIDTH="1033"
                    HEIGHT="61">
            <Shape><Polygon POINTS="121 801 121 810 577 810 578 810 600 818 601 818 602 818 604 818 621 810 623 810 777 810 779 810 792 818 793 818 794 818 796 818 1152 810 1154 801 1154 770 1124 757 1123 757 1121 757 1120 757 1098 770 1020 770 1006 757 1005 757 1004 757 974 757 973 757 971 757 970 757 959 767 943 757 942 757 940 757 897 764 867 757 866 757 865 757 863 757 836 770 679 770 623 757 621 757 620 757 619 757 605 770 464 770 428 757 427 757 425 757 424 757 423 757 409 770 386 770 350 757 348 757 347 757 346 757 320 770 251 770 212 757 210 757 209 757 208 757 175 768 144 757 143 757 141 757 140 757 121 767 121 801"/></Shape>
	    <String CONTENT="cte durant les deux ans, beaucoup pluſtoſt que le"
                    HPOS="121"
                    VPOS="757"
                    WIDTH="1033"
                    HEIGHT="61"
                    WC="0.9912105421630704"></String>
          </TextLine>
          <TextLine ID="line_12"
                    TAGREFS="LT8"
                    BASELINE="124 860 1156 857" 
                    HPOS="122"
                    VPOS="816"
                    WIDTH="1034"
                    HEIGHT="60">
            <Shape><Polygon POINTS="124 860 124 868 158 875 159 875 244 870 262 868 271 870 325 876 327 876 387 870 389 870 390 870 439 876 440 876 441 876 443 876 451 870 454 868 1154 870 1156 857 1154 828 1108 828 1077 816 1075 816 1074 816 1073 816 1048 826 1035 816 1033 816 1032 816 993 816 992 816 990 816 989 816 974 828 823 828 781 816 779 816 778 816 777 816 775 816 763 826 605 828 562 817 560 817 559 817 558 817 539 828 437 828 424 817 423 817 421 817 420 817 356 824 287 817 286 817 285 817 263 828 136 822 135 822 133 822 132 822 122 826 124 860"/></Shape>
	    <String CONTENT="terme aſsigné, entre les mains de ceux qu’il pleut"
                    HPOS="122"
                    VPOS="816"
                    WIDTH="1034"
                    HEIGHT="60"
                    WC="0.9920001696137821"></String>
          </TextLine>
          <TextLine ID="line_13"
                    TAGREFS="LT8"
                    BASELINE="122 916 1159 920" 
                    HPOS="121"
                    VPOS="871"
                    WIDTH="1038"
                    HEIGHT="66">
            <Shape><Polygon POINTS="121 925 131 932 132 932 133 932 135 932 185 928 217 934 218 934 320 932 321 932 323 932 331 925 433 934 435 934 536 926 567 936 569 936 570 937 620 937 620 936 621 936 642 926 848 926 848 928 860 937 862 937 863 937 865 937 909 928 913 928 1042 928 1046 929 1058 937 1059 937 1061 937 1062 937 1096 929 1104 928 1156 929 1159 920 1159 886 1143 875 1142 875 1140 875 1139 875 1070 887 1069 887 1065 887 1001 875 1000 875 998 875 966 886 959 889 851 889 840 883 815 874 813 874 812 874 810 874 779 882 770 884 725 882 628 874 627 874 625 874 624 874 617 879 609 886 490 886 433 886 418 876 413 872 412 872 410 872 409 872 408 872 397 875 366 884 318 874 308 872 306 872 305 872 304 872 302 874 287 886 235 886 218 872 217 872 216 872 194 872 193 872 191 872 190 872 174 886 156 886 124 871 122 916 121 925"/></Shape>
	    <String CONTENT="au Roy d’ordonner: qui ſut cauſe que le Roy là"
                    HPOS="121"
                    VPOS="871"
                    WIDTH="1038"
                    HEIGHT="66"
                    WC="0.9882942349352735"></String>
          </TextLine>
          <TextLine ID="line_14"
                    TAGREFS="LT8"
                    BASELINE="121 978 1154 974" 
                    HPOS="120"
                    VPOS="932"
                    WIDTH="1034"
                    HEIGHT="55">
            <Shape><Polygon POINTS="121 978 121 987 1152 986 1154 974 1151 945 1062 945 1046 932 1044 932 1043 932 1042 932 1040 932 1039 932 1021 944 994 932 993 932 967 932 966 932 965 932 963 932 947 945 806 945 752 944 740 933 739 933 737 933 736 933 670 943 656 933 655 933 654 933 625 933 624 933 569 945 464 939 463 939 462 939 441 948 256 948 224 934 223 934 137 934 136 934 135 934 133 934 120 944 121 978"/></Shape>
	    <String CONTENT="deſſus, enuoya par tout ſon Royaume, des letres"
                    HPOS="120"
                    VPOS="932"
                    WIDTH="1034"
                    HEIGHT="55"
                    WC="0.9956217370134719"></String>
          </TextLine>
          <TextLine ID="line_15"
                    TAGREFS="LT8"
                    BASELINE="122 1034 1150 1037" 
                    HPOS="122"
                    VPOS="991"
                    WIDTH="1028"
                    HEIGHT="61">
            <Shape><Polygon POINTS="122 1034 122 1049 582 1043 1147 1052 1150 1037 1148 1006 1029 1006 1029 1005 996 993 994 993 993 993 992 993 990 993 975 1003 962 993 960 993 959 993 848 993 847 993 846 993 844 993 829 1005 813 1005 779 1005 778 1005 769 997 767 997 766 997 765 997 763 997 747 1005 729 993 728 993 727 993 704 993 702 993 701 993 677 1005 674 1005 673 1005 655 998 654 998 652 998 651 998 642 1003 621 991 620 991 619 991 617 991 616 991 581 1002 463 991 462 991 460 991 459 991 440 1003 439 1005 378 1005 377 1003 344 991 343 991 341 991 340 991 339 991 324 1003 323 1003 122 1003 122 1034"/></Shape>
	    <String CONTENT="patentes de confirmation de ſon Edict de paix,"
                    HPOS="122"
                    VPOS="991"
                    WIDTH="1028"
                    HEIGHT="61"
                    WC="0.9992097382960112"></String>
          </TextLine>
          <TextLine ID="line_16"
                    TAGREFS="LT8"
                    BASELINE="122 1094 1154 1094" 
                    HPOS="122"
                    VPOS="1051"
                    WIDTH="1032"
                    HEIGHT="59">
            <Shape><Polygon POINTS="122 1094 122 1102 175 1110 177 1110 331 1103 355 1103 1152 1107 1154 1094 1154 1057 1089 1051 1088 1051 1086 1051 1085 1051 1074 1057 1063 1064 935 1064 928 1059 919 1051 917 1051 916 1051 873 1051 871 1051 870 1051 855 1059 854 1060 852 1059 843 1051 842 1051 840 1051 815 1051 813 1051 812 1051 810 1051 800 1059 798 1060 796 1059 773 1051 771 1051 770 1051 769 1051 767 1051 756 1060 751 1063 733 1060 683 1051 682 1051 681 1051 679 1051 669 1060 664 1064 523 1064 517 1061 487 1051 486 1051 485 1051 483 1051 482 1051 469 1061 466 1064 431 1064 427 1061 398 1051 397 1051 396 1051 394 1051 393 1051 377 1061 374 1064 304 1064 302 1063 285 1051 283 1051 282 1051 220 1051 218 1051 217 1051 189 1063 158 1051 156 1051 155 1051 154 1051 122 1063 122 1094"/></Shape>
	    <String CONTENT="n’oubliant rien de ce que luy &amp; ſon bon conſeil"
                    HPOS="122"
                    VPOS="1051"
                    WIDTH="1032"
                    HEIGHT="59"
                    WC="0.9860675537839849"></String>
          </TextLine>
          <TextLine ID="line_17"
                    TAGREFS="LT8"
                    BASELINE="122 1153 1151 1151" 
                    HPOS="121"
                    VPOS="1109"
                    WIDTH="1030"
                    HEIGHT="63">
            <Shape><Polygon POINTS="122 1153 122 1163 202 1172 204 1172 205 1172 232 1163 235 1163 290 1163 294 1163 333 1172 335 1172 336 1172 362 1163 363 1163 546 1163 547 1163 598 1172 600 1172 654 1161 660 1161 756 1161 759 1161 775 1171 777 1171 778 1171 866 1161 873 1161 883 1161 1077 1171 1078 1171 1150 1160 1151 1151 1148 1121 1101 1109 1100 1109 1098 1109 1067 1120 1035 1111 1033 1111 1032 1111 1031 1111 1029 1111 1020 1121 993 1121 974 1109 973 1109 971 1109 931 1109 929 1109 928 1109 927 1109 913 1121 727 1121 692 1109 690 1109 689 1109 632 1121 451 1110 450 1110 448 1110 423 1122 182 1122 167 1110 166 1110 164 1110 136 1110 135 1110 133 1110 132 1110 132 1111 121 1120 122 1153"/></Shape>
	    <String CONTENT="ſe pouuoyent aduiſer pour les appriuoiſer: &amp; fai¬"
                    HPOS="121"
                    VPOS="1109"
                    WIDTH="1030"
                    HEIGHT="63"
                    WC="0.9929127437727792"></String>
          </TextLine>
          <TextLine ID="line_18"
                    TAGREFS="LT8"
                    BASELINE="122 1214 541 1209 1154 1211" 
                    HPOS="121"
                    VPOS="1168"
                    WIDTH="1033"
                    HEIGHT="62">
            <Shape><Polygon POINTS="122 1214 122 1221 128 1226 129 1226 131 1226 132 1226 667 1220 778 1229 779 1230 843 1230 843 1229 844 1229 873 1220 913 1229 915 1230 986 1230 986 1229 988 1229 989 1229 1001 1220 1020 1229 1021 1229 1023 1229 1077 1222 1129 1229 1131 1229 1132 1229 1154 1218 1154 1211 1152 1182 1043 1182 1027 1168 1025 1168 1024 1168 1023 1168 1021 1168 1020 1168 1002 1180 970 1168 969 1168 932 1168 931 1168 929 1168 928 1168 908 1182 785 1182 724 1168 723 1168 721 1168 696 1180 646 1180 624 1168 623 1168 621 1168 620 1168 619 1168 590 1178 541 1168 540 1168 539 1168 537 1168 524 1180 496 1180 460 1168 459 1168 458 1168 424 1175 389 1168 387 1168 386 1168 362 1182 194 1182 137 1168 136 1168 135 1168 133 1168 133 1170 121 1179 122 1214"/></Shape>
	    <String CONTENT="ſant comme le bon faulconnier qui veille les oy¬"
                    HPOS="121"
                    VPOS="1168"
                    WIDTH="1033"
                    HEIGHT="62"
                    WC="0.9822658250729243"></String>
          </TextLine>
          <TextLine ID="line_19"
                    TAGREFS="LT8"
                    BASELINE="124 1270 1151 1272" 
                    HPOS="122"
                    VPOS="1228"
                    WIDTH="1029"
                    HEIGHT="63">
            <Shape><Polygon POINTS="124 1270 122 1280 129 1286 131 1286 132 1286 133 1286 195 1282 245 1288 247 1288 312 1279 619 1279 679 1290 681 1291 719 1291 719 1290 720 1290 721 1290 737 1280 821 1280 833 1290 835 1290 836 1290 837 1290 889 1280 928 1290 929 1290 931 1290 988 1282 1033 1290 1035 1290 1086 1283 1139 1287 1140 1287 1142 1287 1143 1287 1150 1279 1151 1272 1148 1240 962 1240 958 1238 931 1229 929 1229 883 1229 882 1229 881 1229 862 1238 858 1241 717 1241 713 1238 693 1229 692 1229 636 1228 635 1228 633 1228 632 1228 616 1238 614 1238 613 1238 590 1228 589 1228 587 1228 508 1237 496 1240 447 1240 444 1237 429 1228 428 1228 427 1228 425 1228 387 1236 350 1228 348 1228 347 1228 346 1228 333 1237 332 1238 327 1237 290 1228 289 1228 287 1228 286 1228 266 1237 262 1240 175 1240 173 1237 162 1228 160 1228 159 1228 158 1228 156 1228 124 1236 124 1270"/></Shape>
	    <String CONTENT="ſeaux, &amp; vſe de toute la diligence qu’il peut pour"
                    HPOS="122"
                    VPOS="1228"
                    WIDTH="1029"
                    HEIGHT="63"
                    WC="0.9891631436347962"></String>
          </TextLine>
          <TextLine ID="line_20"
                    TAGREFS="LT8"
                    BASELINE="127 1328 1152 1332" 
                    HPOS="125"
                    VPOS="1284"
                    WIDTH="1027"
                    HEIGHT="57">
            <Shape><Polygon POINTS="127 1328 125 1336 1150 1341 1152 1332 1150 1298 1050 1298 1047 1297 1036 1287 1035 1287 1033 1287 1006 1287 1005 1287 1004 1287 1002 1287 989 1297 985 1299 848 1299 843 1295 827 1287 825 1287 824 1287 794 1293 786 1286 785 1286 783 1286 782 1286 781 1286 756 1294 720 1286 719 1286 717 1286 716 1286 706 1295 687 1295 656 1295 655 1295 644 1286 643 1286 642 1286 594 1286 593 1286 592 1286 574 1294 570 1297 556 1294 505 1286 504 1286 502 1286 478 1294 471 1297 467 1294 451 1284 450 1284 448 1284 389 1284 387 1284 386 1284 367 1294 363 1297 286 1297 281 1293 260 1284 259 1284 236 1284 235 1284 233 1284 232 1284 223 1293 218 1297 159 1297 155 1293 145 1284 144 1284 143 1284 141 1284 140 1284 127 1291 127 1328"/></Shape>
	    <String CONTENT="leur faire oublier leur liberté, &amp; les accouſtumer"
                    HPOS="125"
                    VPOS="1284"
                    WIDTH="1027"
                    HEIGHT="57"
                    WC="0.9793356166166418"></String>
          </TextLine>
          <TextLine ID="line_21"
                    TAGREFS="LT8"
                    BASELINE="127 1390 1154 1387" 
                    HPOS="125"
                    VPOS="1347"
                    WIDTH="1029"
                    HEIGHT="62">
            <Shape><Polygon POINTS="127 1390 127 1398 317 1409 318 1409 320 1409 346 1398 347 1398 497 1398 498 1398 548 1409 550 1409 551 1409 573 1398 647 1407 648 1407 701 1397 706 1397 716 1397 783 1403 785 1403 844 1397 850 1397 854 1397 898 1405 900 1405 901 1405 913 1398 923 1405 924 1405 925 1405 927 1405 1008 1398 1088 1407 1089 1407 1152 1395 1154 1387 1151 1357 983 1347 982 1347 981 1347 951 1356 925 1347 924 1347 923 1347 921 1347 920 1347 908 1357 851 1357 775 1347 774 1347 773 1347 771 1347 759 1357 616 1357 573 1348 571 1348 570 1348 569 1348 554 1359 481 1359 469 1348 467 1348 466 1348 440 1348 439 1348 437 1348 436 1348 423 1359 267 1359 209 1348 208 1348 206 1348 205 1348 191 1359 125 1359 127 1390"/></Shape>
	    <String CONTENT="au chapperon. Les principaux d’entre les Hugue¬"
                    HPOS="125"
                    VPOS="1347"
                    WIDTH="1029"
                    HEIGHT="62"
                    WC="0.9968595073578206"></String>
          </TextLine>
          <TextLine ID="line_22"
                    TAGREFS="LT8"
                    BASELINE="125 1448 647 1445 1150 1452" 
                    HPOS="124"
                    VPOS="1406"
                    WIDTH="1026"
                    HEIGHT="58">
            <Shape><Polygon POINTS="125 1448 124 1456 132 1461 133 1461 135 1461 136 1461 366 1456 433 1455 439 1457 446 1461 447 1461 448 1461 450 1461 612 1459 770 1456 1147 1464 1150 1452 1148 1420 1089 1420 1089 1418 1077 1409 1075 1409 1074 1409 1073 1409 1023 1415 989 1409 988 1409 986 1409 985 1409 973 1418 971 1418 916 1418 847 1418 832 1409 831 1409 829 1409 828 1409 769 1418 633 1418 527 1418 527 1417 516 1409 514 1409 513 1409 439 1407 437 1407 436 1407 402 1415 344 1406 343 1406 125 1415 125 1448"/></Shape>
	    <String CONTENT="nots vindrent à la cour au mandement du Roy,"
                    HPOS="124"
                    VPOS="1406"
                    WIDTH="1026"
                    HEIGHT="58"
                    WC="0.9994968930880229"></String>
          </TextLine>
          <TextLine ID="line_23"
                    TAGREFS="LT8"
                    BASELINE="127 1507 1155 1505" 
                    HPOS="125"
                    VPOS="1463"
                    WIDTH="1030"
                    HEIGHT="54">
            <Shape><Polygon POINTS="127 1507 127 1517 1154 1514 1155 1505 1152 1478 1006 1478 1006 1476 988 1463 986 1463 985 1463 959 1463 958 1463 956 1463 955 1463 938 1476 932 1476 863 1475 844 1463 843 1463 842 1463 840 1463 755 1476 754 1476 752 1476 721 1470 720 1470 656 1475 632 1464 631 1464 629 1464 628 1464 596 1476 592 1479 543 1479 539 1476 514 1464 513 1464 512 1464 451 1476 448 1476 446 1476 421 1470 420 1470 418 1470 309 1475 264 1464 263 1464 262 1464 186 1475 171 1464 170 1464 168 1464 136 1464 135 1464 133 1464 132 1464 132 1465 125 1471 127 1507"/></Shape>
	    <String CONTENT="ſe reſigner entre ſes mains, monſtrant d’auoir a¬"
                    HPOS="125"
                    VPOS="1463"
                    WIDTH="1030"
                    HEIGHT="54"
                    WC="0.9987065816412166"></String>
          </TextLine>
          <TextLine ID="line_24"
                    TAGREFS="LT8"
                    BASELINE="128 1567 1156 1564" 
                    HPOS="127"
                    VPOS="1521"
                    WIDTH="1029"
                    HEIGHT="59">
            <Shape><Polygon POINTS="128 1567 128 1575 1154 1580 1156 1564 1155 1534 1129 1521 1128 1521 1098 1521 1097 1521 1096 1521 1094 1521 1078 1534 925 1534 870 1521 869 1521 867 1521 836 1533 820 1521 819 1521 817 1521 769 1521 767 1521 766 1521 765 1521 748 1534 710 1534 694 1521 693 1521 692 1521 667 1521 666 1521 664 1521 619 1534 573 1522 571 1522 570 1522 569 1522 544 1534 520 1522 519 1522 517 1522 516 1522 491 1529 463 1522 462 1522 460 1522 459 1522 458 1522 444 1534 379 1534 340 1522 339 1522 337 1522 336 1522 296 1533 224 1522 223 1522 221 1522 220 1522 204 1536 127 1536 128 1567"/></Shape>
	    <String CONTENT="greables les tresbõs &amp; treſnotables ſeruices qu’ils"
                    HPOS="127"
                    VPOS="1521"
                    WIDTH="1029"
                    HEIGHT="59"
                    WC="0.9901269112641995"></String>
          </TextLine>
          <TextLine ID="line_25"
                    TAGREFS="LT8"
                    BASELINE="128 1626 1158 1626" 
                    HPOS="128"
                    VPOS="1582"
                    WIDTH="1030"
                    HEIGHT="63">
            <Shape><Polygon POINTS="128 1626 128 1633 171 1644 173 1645 200 1645 200 1644 201 1644 202 1644 214 1634 227 1634 286 1634 304 1644 305 1644 306 1644 356 1634 360 1634 696 1634 697 1636 706 1644 708 1644 709 1644 710 1644 743 1637 828 1644 829 1644 862 1637 873 1634 888 1637 923 1642 924 1642 950 1637 960 1634 970 1637 993 1644 994 1644 996 1644 1158 1637 1158 1626 1158 1590 1129 1582 1128 1582 1127 1582 1125 1582 1124 1582 1113 1591 1108 1595 1013 1595 1009 1591 997 1582 996 1582 994 1582 965 1582 963 1582 962 1582 960 1582 946 1591 946 1592 944 1591 933 1582 932 1582 931 1582 889 1582 888 1582 886 1582 885 1582 873 1591 870 1595 581 1595 578 1592 552 1582 551 1582 497 1582 496 1582 494 1582 464 1594 463 1594 462 1594 443 1582 441 1582 440 1582 439 1582 437 1582 408 1594 340 1594 304 1582 302 1582 221 1582 220 1582 218 1582 217 1582 206 1591 198 1584 197 1584 195 1584 194 1584 193 1584 174 1594 174 1595 128 1595 128 1626"/></Shape>
	    <String CONTENT="luy faiſoyent: &amp; eſt bien certain que ſi le Roy euſt"
                    HPOS="128"
                    VPOS="1582"
                    WIDTH="1030"
                    HEIGHT="63"
                    WC="0.9974546902454816"></String>
          </TextLine>
          <TextLine ID="line_26"
                    TAGREFS="LT8"
                    BASELINE="133 1684 1156 1684" 
                    HPOS="133"
                    VPOS="1641"
                    WIDTH="1023"
                    HEIGHT="60">
            <Shape><Polygon POINTS="133 1684 133 1701 194 1694 258 1701 267 1701 268 1701 278 1701 337 1694 686 1696 1131 1701 1132 1701 1133 1701 1156 1692 1156 1684 1156 1656 1032 1656 1016 1641 1015 1641 1013 1641 1012 1641 1011 1641 979 1655 892 1641 890 1641 889 1641 888 1641 870 1656 690 1656 637 1653 619 1641 617 1641 616 1641 586 1641 585 1641 583 1641 582 1641 566 1653 506 1652 483 1641 482 1641 364 1641 363 1641 362 1641 332 1652 245 1641 244 1641 243 1641 241 1641 220 1655 133 1655 133 1684"/></Shape>
	    <String CONTENT="pourſuyui à ſe ſeruir d’eux comme il auoit com¬"
                    HPOS="133"
                    VPOS="1641"
                    WIDTH="1023"
                    HEIGHT="60"
                    WC="0.99384755641222"></String>
          </TextLine>
          <TextLine ID="line_27"
                    TAGREFS="LT8"
                    BASELINE="132 1741 1159 1745" 
                    HPOS="131"
                    VPOS="1698"
                    WIDTH="1028"
                    HEIGHT="59">
            <Shape><Polygon POINTS="132 1741 131 1751 140 1757 141 1757 143 1757 144 1757 1158 1756 1159 1745 1158 1714 1100 1714 1098 1713 1078 1701 1077 1701 1075 1701 1074 1701 1073 1701 1047 1713 1047 1714 1020 1714 1019 1713 1004 1701 1002 1701 1001 1701 955 1701 954 1701 952 1701 951 1701 939 1710 915 1701 913 1701 912 1701 910 1701 909 1701 896 1713 894 1713 885 1713 797 1705 796 1705 735 1711 732 1711 728 1711 681 1709 670 1699 669 1699 667 1699 666 1699 509 1711 493 1711 467 1711 467 1710 450 1698 448 1698 447 1698 446 1698 444 1698 406 1709 382 1698 381 1698 308 1698 306 1698 305 1698 304 1698 294 1706 271 1698 270 1698 268 1698 267 1698 243 1710 241 1710 132 1710 132 1741"/></Shape>
	    <String CONTENT="mencé, il ſeroit auiourd’huy patron de Flandres:"
                    HPOS="131"
                    VPOS="1698"
                    WIDTH="1028"
                    HEIGHT="59"
                    WC="0.9952431260323038"></String>
          </TextLine>
          <TextLine ID="line_28"
                    TAGREFS="LT8"
                    BASELINE="131 1801 708 1799 1159 1806" 
                    HPOS="129"
                    VPOS="1755"
                    WIDTH="1030"
                    HEIGHT="64">
            <Shape><Polygon POINTS="131 1801 129 1807 141 1815 143 1815 144 1815 145 1815 187 1807 229 1815 231 1815 232 1815 256 1809 271 1815 273 1815 274 1815 405 1809 414 1809 425 1809 520 1815 521 1815 664 1811 716 1810 721 1811 737 1818 739 1818 740 1818 790 1813 815 1810 846 1813 896 1818 897 1818 898 1818 900 1818 906 1814 909 1811 932 1814 978 1819 979 1819 1158 1815 1159 1806 1159 1764 1143 1759 1142 1759 1140 1759 1139 1759 1128 1764 1109 1774 1050 1774 1039 1764 1032 1759 1031 1759 1029 1759 1028 1759 1027 1759 1013 1764 1004 1768 992 1764 973 1759 971 1759 970 1759 969 1759 967 1759 960 1765 954 1771 910 1772 900 1765 892 1759 890 1759 889 1759 888 1759 886 1759 866 1765 862 1767 856 1765 835 1757 833 1757 832 1757 831 1757 809 1765 794 1771 632 1767 520 1764 519 1764 473 1768 444 1769 420 1768 401 1767 389 1756 387 1756 386 1756 318 1756 317 1756 316 1756 314 1756 298 1768 298 1769 297 1768 281 1756 279 1756 278 1756 214 1756 213 1756 212 1756 182 1768 155 1755 154 1755 152 1755 151 1755 150 1755 131 1765 131 1801"/></Shape>
	    <String CONTENT="&amp; s’il euſt ſceu entretenir ce parti de religion, il"
                    HPOS="129"
                    VPOS="1755"
                    WIDTH="1030"
                    HEIGHT="64"
                    WC="0.9833644811923687"></String>
          </TextLine>
          <TextLine ID="line_29"
                    TAGREFS="LT8"
                    BASELINE="132 1859 1158 1863" 
                    HPOS="131"
                    VPOS="1815"
                    WIDTH="1027"
                    HEIGHT="63">
            <Shape><Polygon POINTS="132 1859 131 1867 144 1873 145 1873 147 1873 229 1869 268 1876 270 1876 337 1868 471 1868 474 1869 482 1875 483 1875 485 1875 486 1875 655 1871 670 1871 683 1878 685 1878 686 1878 687 1878 713 1871 723 1869 756 1872 839 1878 840 1878 1156 1875 1158 1863 1156 1832 1090 1818 1089 1818 1088 1818 1086 1818 1071 1830 1052 1819 1051 1819 1050 1819 1048 1819 1047 1819 1029 1830 1028 1832 979 1832 978 1830 946 1819 944 1819 943 1819 942 1819 940 1819 923 1830 921 1832 870 1832 866 1830 816 1817 815 1817 813 1817 812 1817 781 1829 756 1817 755 1817 754 1817 752 1817 721 1829 720 1829 625 1817 624 1817 623 1817 621 1817 606 1829 605 1830 583 1830 582 1829 566 1817 564 1817 563 1817 535 1817 533 1817 532 1817 531 1817 512 1829 509 1830 477 1830 475 1829 450 1815 448 1815 447 1815 446 1815 397 1828 375 1819 374 1819 373 1819 268 1828 260 1828 241 1815 240 1815 239 1815 237 1815 236 1815 235 1815 220 1826 174 1815 173 1815 171 1815 170 1815 155 1828 154 1828 132 1828 132 1859"/></Shape>
	    <String CONTENT="eſtoit pour eſtre eſleu Roy des Romains, &amp; ſon"
                    HPOS="131"
                    VPOS="1815"
                    WIDTH="1027"
                    HEIGHT="63"
                    WC="0.98745679984922"></String>
          </TextLine>
          <TextLine ID="line_30"
                    TAGREFS="LT8"
                    BASELINE="132 1917 1159 1922" 
                    HPOS="131"
                    VPOS="1875"
                    WIDTH="1028"
                    HEIGHT="65">
            <Shape><Polygon POINTS="132 1917 131 1926 141 1934 143 1934 144 1934 145 1934 217 1928 255 1936 256 1936 375 1926 396 1937 397 1937 398 1937 400 1937 421 1929 504 1934 505 1934 506 1934 533 1928 644 1938 646 1938 735 1929 736 1929 902 1940 904 1940 905 1940 943 1930 944 1930 952 1930 1138 1940 1139 1940 1140 1940 1158 1932 1159 1922 1158 1894 1102 1894 1101 1892 1081 1879 1079 1879 1078 1879 1029 1879 1028 1879 1027 1879 1025 1879 1011 1891 1008 1894 915 1894 897 1888 847 1878 846 1878 608 1884 420 1890 275 1883 274 1883 247 1888 237 1882 236 1882 235 1882 233 1882 175 1888 160 1878 158 1875 156 1875 155 1875 154 1875 132 1876 132 1917"/></Shape>
	    <String CONTENT="beau-pere mourant appellé à l’Empire. Nous"
                    HPOS="131"
                    VPOS="1875"
                    WIDTH="1028"
                    HEIGHT="65"
                    WC="0.9975493861870333"></String>
          </TextLine>
          <TextLine ID="line_31"
                    TAGREFS="LT8"
                    BASELINE="135 1979 658 1976 1161 1983" 
                    HPOS="135"
                    VPOS="1936"
                    WIDTH="1026"
                    HEIGHT="64">
            <Shape><Polygon POINTS="135 1979 135 1998 224 1987 298 1987 312 1998 313 1998 314 1998 316 1998 317 1998 321 1998 362 1987 485 1987 496 1996 500 1999 501 1999 502 1999 504 1999 523 1996 543 1992 562 1995 582 1999 583 1999 585 1999 586 1999 590 1995 600 1988 731 1988 739 1995 744 1999 746 1999 747 1999 748 2000 782 2000 782 1999 783 1999 785 1999 793 1994 804 1988 889 1988 897 1994 910 2000 912 2000 913 2000 915 2000 938 1994 950 1990 1008 1990 1015 1992 1025 1998 1027 1998 1028 1998 1029 1998 1031 1998 1038 1992 1039 1991 1040 1992 1048 1999 1050 1999 1051 1999 1148 2000 1150 2000 1151 2000 1152 2000 1159 1994 1161 1983 1161 1949 1078 1949 1078 1948 1065 1938 1063 1938 1062 1938 1061 1938 877 1948 865 1948 862 1948 819 1938 817 1938 816 1938 815 1938 804 1948 751 1948 739 1937 737 1937 736 1937 735 1937 733 1937 696 1948 643 1948 601 1948 601 1946 558 1937 556 1937 509 1946 297 1946 278 1936 277 1936 275 1936 135 1945 135 1979"/></Shape>
	    <String CONTENT="penſiõs que ce tragique mariage du roy de Nauar"
                    HPOS="135"
                    VPOS="1936"
                    WIDTH="1026"
                    HEIGHT="64"
                    WC="0.9993362898627917"></String>
          </TextLine>
          <TextLine ID="line_32"
                    TAGREFS="LT8"
                    BASELINE="133 2036 1165 2040" 
                    HPOS="132"
                    VPOS="1992"
                    WIDTH="1033"
                    HEIGHT="67">
            <Shape><Polygon POINTS="133 2036 132 2046 195 2056 197 2056 463 2049 582 2057 583 2057 808 2050 898 2059 900 2059 940 2052 1128 2059 1129 2059 1163 2050 1165 2040 1165 2005 1148 1995 1147 1995 1146 1995 1144 1995 1143 1995 1116 2006 1089 1995 1088 1995 1086 1995 1085 1995 1083 1995 1070 2007 986 2007 967 2007 967 2006 950 1995 948 1995 947 1995 881 1995 879 1995 878 1995 850 2006 848 2006 824 1994 823 1994 821 1994 820 1994 789 2005 779 1996 778 1996 777 1996 775 1996 739 2003 727 1994 725 1994 724 1994 723 1994 658 2005 656 2006 577 2006 575 2005 562 1994 560 1994 559 1994 558 1994 508 2002 479 1992 478 1992 477 1992 475 1992 474 1992 456 2003 400 2003 387 1992 386 1992 385 1992 358 1992 356 1992 355 1992 354 1992 340 2003 324 1992 323 1992 321 1992 320 1992 318 1992 293 2002 282 1992 281 1992 279 1992 278 1992 277 1992 243 2003 241 2003 240 2003 213 1992 212 1992 210 1992 209 1992 208 1992 194 2003 193 2003 133 2003 133 2036"/></Shape>
	    <String CONTENT="re &amp; de la ſœur du Roy, qui auoit oſté toute def¬"
                    HPOS="132"
                    VPOS="1992"
                    WIDTH="1033"
                    HEIGHT="67"
                    WC="0.9893237352371216"></String>
          </TextLine>
        </TextBlock>
        <TextBlock HPOS="341.0"
                   VPOS="93.0"
                   WIDTH="561.0"
                   HEIGHT="58.0"
                   ID="block_1"
                   TAGREFS="BT18">
          <Shape><Polygon POINTS="902 93 902 151 341 151 341 93"/></Shape>
          <TextLine ID="line_0"
                    TAGREFS="LT8"
                    BASELINE="337 141 902 135" 
                    HPOS="336"
                    VPOS="104"
                    WIDTH="566"
                    HEIGHT="48">
            <Shape><Polygon POINTS="890 125 877 125 863 125 850 125 836 125 823 125 809 125 796 125 782 125 769 125 755 125 742 125 728 125 715 125 701 125 687 125 674 125 660 125 647 125 633 125 620 125 606 125 593 125 579 125 566 125 552 125 539 125 525 125 512 125 498 125 485 125 471 125 470 117 466 117 456 106 454 105 454 104 452 104 451 104 450 104 432 106 402 112 396 106 396 105 394 105 393 105 336 105 337 141 337 147 344 152 346 152 347 152 348 152 391 145 440 152 441 152 443 152 444 152 444 151 451 144 463 151 464 151 466 151 512 144 559 151 560 151 562 151 563 151 563 149 564 149 570 143 674 149 675 149 677 149 697 141 698 141 787 148 789 148 790 148 809 140 810 140 813 140 856 147 858 147 902 139 902 135 900 125 890 125"/></Shape>
	    <String CONTENT="DIALOSVEI."
                    HPOS="336"
                    VPOS="104"
                    WIDTH="566"
                    HEIGHT="48"
                    WC="0.9609741926193237"></String>
          </TextLine>
        </TextBlock>
        <TextBlock HPOS="1089.0"
                   VPOS="104.0"
                   WIDTH="73.0"
                   HEIGHT="66.0"
                   ID="eSc_textblock_c03298d5"
                   TAGREFS="BT15">
          <Shape><Polygon POINTS="1089 104 1089 170 1162 170 1162 104"/></Shape>
          <TextLine ID="eSc_line_af76336a"
                    TAGREFS="LT8"
                    BASELINE="1101 155 1151 154" 
                    HPOS="1095"
                    VPOS="103"
                    WIDTH="55"
                    HEIGHT="61">
            <Shape><Polygon POINTS="1099 154 1099 162 1146 164 1150 152 1144 103 1095 103 1099 154"/></Shape>
	    <String CONTENT="95"
                    HPOS="1095"
                    VPOS="103"
                    WIDTH="55"
                    HEIGHT="61"
                    WC="0.9999960660934448"></String>
          </TextLine>
        </TextBlock>
        <TextBlock HPOS="529.0"
                   VPOS="2302.0"
                   WIDTH="301.0"
                   HEIGHT="84.0"
                   ID="eSc_textblock_d197347d"
                   TAGREFS="BT9">
          <Shape><Polygon POINTS="529 2302 529 2386 830 2386 830 2302"/></Shape>
        </TextBlock>
      </PrintSpace>
    </Page>
  </Layout>
</alto>
