1410 2396
155 127 1029 76 L'hiſt. Voire. Mais auſsi le Pape leur en a baillé

157 187 251 68 la diſpenſe.

155 251 1028 63 Ali. Comme ſi l’homme pecheur pouuoit rom¬

158 308 1024 68 pre la loy de Dieu & en diſpenſer les autres.

154 366 1029 70 Quel ſeruiteur des ſeruiteurs de Dieu! Tu verras

154 432 1029 64 tu verras amy quelque iour que ce mariage du

154 481 1029 72 Roy d’Eſpagne aüec la fille de ſa ſœur & de ſon

151 544 1031 70 couſin germain l’Empereur, qui luy fait naiſtre

153 601 1027 71 des enfans, fils, neueux & couſins enſemble ſera

151 657 1031 76 cauſé s’il plaiſt à Dieu de l’entiere ruine de Ro¬

151 722 623 62 me, du Pape & de ſa papauté.

394 67 559 54 DIALOGVE I..

151 777 710 62 L’hiſt. Comment cela, Bon di eu?

150 838 1029 64 Ali. Le Roy d’Eſpagne mourant les enfans maſ¬

150 894 1028 68 les de l’Empereur ſont appellez à la courõne d’E¬

150 951 1028 69 ſpagne (car de la fille nee d’Izabel de France, l’E¬

149 1018 1033 65 ſpagnol n’en veut point & ne croit pas qu’elleſoit

149 1092 1034 51 Iehsplame) dec siemaua de ce mariage de Ia mece ui

147 1135 1033 66 ront que la Couronne leur appartient. Les legiti¬

147 1192 1032 65 mes neueux leur repliqueront qu’ils ſont inceſtu¬

149 1249 1034 68 eux & baſtards, partant ne peuuent ſucceder:voi¬

146 1308 1033 68 re mais, ce diront les autres, le Pape en a diſpensé,

146 1424 1027 74 ne flattions plus) n’eſt pas par deſſus le maiſtre,

147 1484 1031 73 Dieu la defédu, le Pape ne le doit permettre, c’eſt

147 1541 1027 69 l’Antechriſt tant attẽdu. En ſomme, par ce moyé

146 1601 1030 66 la la puiſſance de ce faux paſteur ſera miſe en di¬

147 1659 1029 74 ſpute, ſes abus ſerõt cognus, on ne les pourra plus

143 1714 1033 79 ſouffrir, & dieu ſcait le beau meſnage qu’il y aura

147 1778 402 65 pour ce ſeducteur.

1118 82 61 57 4

142 1834 1033 76 L’hi. Dieu nous vueille eſtre en aide, cela n’a que

143 1894 1031 73 trop d’apparence, on a bien fait autrefois la guer

146 1955 1024 78 re pour moindre choſe que n’eſt la couronne d’E
