1410 2398
122 158 1008 77 force de vous ſeruir de ceſtuy-cy,

123 246 1016 84 ayans irrité tous les autres, qui luy

123 331 1020 79 eſtoyent competiteurs abbayans à

129 418 513 72 voſtre Royaume.

462 82 326 53 EPISTRE.

187 495 955 77 Les François vous ſont auſſi bien

122 579 1016 82 fort obligez, de ce que apres ces

123 667 1019 64 maſſacres vous ne vouluſtes iamais

129 746 1010 74 paſſer outre à la cofirmation de l’e¬

125 829 1017 76 lection, ſans vne promeſſe ſolennel

125 911 1015 81 le, que Monluc & Lanſac vous firet

125 999 1017 77 de pluſieurs articles, qu’ils iurerent

122 1080 1016 75 au nom de leur Maiſtre. Entre leſ¬

126 1167 1010 74 quels ceſt article eſtoit l’vn des

126 1245 1009 87 principaux: Qu’il ſeroit faicte dili¬

127 1337 1011 79 gente enqueſte des maſſacres & pu

123 1420 1012 74 nition condigne des maſſacreurs:

123 1508 1011 73 moyen ſouuerain & vnique pour

127 1582 928 76 EEEC

159 1666 975 79 En ce que vos ambaſſadeurs, leſ¬

123 1751 1012 82 quels apres cela vous enuoyaſtes ſa

122 1837 1014 74 luer voſtre Roy en France, traicte¬

125 1927 1011 76 rent auec grande inſtance tout pre
