1461 2442
310 112 67 61 20

310 177 1024 73 pres la perſonne de ſa maieſté, ſans occaſion àp¬

310 246 1028 61 parẽte. Ceſte rupture d’edict fut telle & ſi à poict

308 299 1029 65 nommé, que ſi le prince de Condé & ceux de ſa

309 359 1027 66 trouppe n’euſſent pris gar de à eux, les Suyſſes (in¬

305 419 1032 54 formez tout autrement des choſes) n’eu ſlent fail¬

309 480 1029 59 li à les mettre en pieces, tant leur deſſein eſtoit

310 534 254 57 bien dreſſé.

568 116 558 54 DIABOOV LI..

308 592 1029 65 Le pol. Nous eſtions extremement marris, moy &

309 653 1027 67 vne trouppe de bons François, qui eſtions pour

309 710 1028 57 lors à la cour, zelateurs du bien de l’eſtat, & de la

309 765 1027 71 feputation du Roy, de voir prendre ceſte routté

309 830 1028 62 aux affaires: de voir la foy publique violee, pat

308 889 1028 63 ceux qui là deuſſent garder plus chere que leur

312 949 1025 61 propre vie: voire que ce ſuſt par les forces des

309 1005 1027 64 Suyſſes, qui auoyent la reputation entre les nati¬

310 1060 1027 64 ons, d’eſtre loyaux obſeruateurs de leurs promeſ¬

309 1123 1029 61 ſes iurees, d’autant plus que de ce mal dependoit

309 1181 1028 54 comme d’vn ruiſſeau vne mer dé miſeres ſul nous

308 1238 1030 56 & à le vouloir continuer, la ſubuerſion entiere du

312 1296 1024 64 Royaume: auquel les Suyſſes eſtans alliez plus

309 1359 1028 62 fort qu’au Roy (pour dire vray) & leurs penſions

312 1415 1024 63 payéés des deniers des ſuiets du Roy, nous-nous

306 1474 1032 60 eſmerueilliõs grandement, comme ils n’auoyent

308 1534 1025 62 regret de prendre de leur argent ; pour les venir

308 1591 1028 60 tuer en leurs maiſons, en violant toute foy, allian¬

305 1648 1032 62 ce, & ſeureté publique. Et ſachans combien és

308 1706 1028 64 Cantons de Suyſſe, il y a de grandes & puiſſantes

309 1760 1021 67 Republiques, qui tiennẽt la meſme doctrine que

305 1827 1029 61 les Huguenots François, nous doutions biẽ fort

305 1884 1028 62 que le feu ne s’allumaſt parmi les Suyſſes, en leur

310 1942 1020 65 propre pays, pour les empeſcher de venir en Frã¬

305 2003 1028 59 ce à la tuerie des Huguenots: nous trouuions auſ¬

1284 2051 50 73 ſi
