1467 2446
311 105 38 58 o

280 176 1018 65 ſupplier treshumblement d’y pouruoir, & leur ad

278 248 1019 48 miniſtrer iuſtice, comme vn bon prince doir à ſes

274 297 1028 63 ſuiets. Le Roy les ayant humainement receus, &

277 353 1024 60 recueilli leurs plaintes, monſtroit d’en eſtre bien

270 414 1031 60 fort marri, & leur reſpõdit, que par la mort.Dieu

277 472 1022 60 il en feroit la vengeance, & chaſtieroit ſi bien les

277 529 915 62 ſeditieux, qu’il en ſeroit memoire à iamais.

486 111 558 52 DIADOOVE I.

273 588 1026 64 Monſieur, frere du Roy, ne pouuant laiſſer ſi

275 649 1023 63 toſt la haine qu’il portoit aux Huguenots, ny meſ

273 705 1025 64 mes la diſsimuler, pour l’obligation qu’il auoit à

274 763 1025 64 l’egliſe Romaine (de laquelle & du clergé Fran¬

277 823 1020 62 çois, il auoit deux cens mille francs de penſions)

270 883 1028 58 donnoit neantmoins par fois eſperance auſdicts

273 941 1025 63 gentils-hommes deputez, d’appaiſer & rabatre

270 998 1027 57 vn iour à venir, le mal-talent qu’il leur portoit.

263 1058 1035 60 Le Roy de ſa part, continuoit touſiours ſes careſ

267 1117 1025 61 ſes, auſdicts quatre gentils-hommes deputez,leur

271 1175 1024 60 faiſant pluſieurs dons & preſens: entre autres, il

259 1229 1035 63 dõna vn eſtat de Maiſtre des requeſtes de ſon ho¬

262 1292 1032 62 ſtel, au ſeigneur de Cauagnes, & quelque preſent

271 1352 1024 61 en deniers à Teligny, lequel fit auſsi preſent au

259 1406 1033 62 Roy d’vn beau & bien adroit courſier Rabican¬

263 1471 1031 57 & d’vn petit cheual, qui manioit en toutes ſortes

247 1524 1044 65 de luy-meſme, ſagement & bien à poinct, & ſans

267 1584 1025 62 que perſonne fuſt deſſus, que le Roy monſtroir

267 1644 1025 53 d'aimer bien fort, & s’en eſmerueiller. Preſque

262 1701 1028 60 tous les courtiſans ſembloyent ſe reſiouir, voy-

259 1763 1031 51 ans ces deputez en cour, & monſtrans d’auoir ou¬

246 1816 1046 66 blié les aigreurs des guerres, n’oublioyẽt rien des

258 1882 1030 57 careſſes de cour onuers eux, reprenans en appa¬

258 1937 1033 59 rence les arres de leurs vieilles cognoiſſances &

251 1993 1039 67 familiaritez paſſees. Sur tout, le Roy, & la Royne

1095 2054 191 60 ſa mere,
