1417 2421
258 193 1001 80 eſt vray que vous auez pour debi¬

259 282 1007 73 teurs tous les François. Mais ne pen

257 361 999 82 ſez pas qu’ils vous payent de long

258 443 1009 74 temps vn tout ſeul denier. Ils ſont

257 527 1010 78 ſi poures & beliſtres qu’ils dorront

258 613 1010 71 toſt du cul a terte, & feront (ſi Dieu

255 696 1008 73 ny pouruoit) ceſſion de leurs biens

254 777 1012 74 miſerable. C’eſt bien loin de nous

255 867 1008 74 reſiouyr, que de nous donner ces

254 946 1010 78 nouuelles, & toutesfois c’eſt le pre¬

257 1031 931 75 ſent que tu nous offres, ce dis tu.

598 103 322 58 EPISTRE.

337 1110 926 77 Il eſt certain (tres-illuſtres Prin¬

255 1201 1012 71 ces & Nation treſrenommée) que

257 1285 1007 73 vous pourriez tenir (ce ſemble) vn

257 1367 1003 82 tel langage que cela. Mais quoy

257 1448 1009 78 qu’il ſoit, tous les François ne laiſ¬

258 1540 1008 67 ſent pourtat de vous eſtre cent mil

259 1619 1008 78 le fois plus obligez que vous à eux

258 1700 1012 79 ſi lon regarde le dedãs d’vn ſi grad

255 1784 1011 78 myſtere, qu’eſt l’Election de vo¬

259 1870 1008 78 ſtre Roy, plus que l’exterieur & le

259 1951 1000 75 dehors, où les fols ſeulement s’arre¬

1100 2037 161 83 ſtent,
