1417 2423
114 119 1026 62 tre (toutefois il eſt mal caché, à qui le cul paroiſt?

114 181 1030 68 Mais quoy qu’il en ſoit, ils diſent, que le Roy veut

114 243 1033 65 qu’on croye, qu’il y a eu de la coniuration. Et tout

113 301 1039 63 ce qu’il y a de bon c’eſt, qu’ils ont nommé le roy

114 360 1030 64 de Nauarre, entre ceux que les Huguenots vou¬

114 418 265 63 loyent tuer.

317 44 578 71 DIALOGVEI.

111 473 1031 70 Le pol. C’a eſté vne ſotte inuention que celle-la,

118 538 1026 58 pour faire croire la conſpiration: & encore me

113 593 1033 69 ſemble plus eſtrange, puis qu’ils ſe vouloyent ſer

117 656 1029 64 uir de ce pretexte, pourquoy le Roy a mandé à

114 710 1032 69 tous ſes officiers, que quoy qu’il en puiſſe adue¬

114 772 1032 62 nir, il ne veut qu’il y ait autre religion que la ſiene

115 831 1031 61 en ſon Royaume: & cependant il veut faire croi¬

114 888 1029 66 re aux Princes eſtrãgers, qu’il veut entretenit l’Er

114 946 450 67 dict de pacification.

115 1005 1028 66 Ali. Ie ne trouue cela eſtrange: çar le diable, ni

115 1064 1031 69 ſes enfans, ne ſe ſcauroyent aider que de leurs qu¬

117 1122 1033 66 tils; à ſcauoir, du menſonge, ce qui eſt vne grande

114 1181 1033 66 conſolation pour les eſleus, ſachant que la verité

115 1242 239 59 ſurmonte,

1079 56 63 67 77

118 1296 1034 67 Phi. Tu vois cependant Alithie, quel blaſme on

117 1359 1031 62 nous met à ſus, & la façon dont on: nous traicte,

117 1418 724 65 & le tout pour l’amour de toy.

118 1471 1033 64 Ali. Ce n’eſt pas choſe nouuelle, de voir mes a¬

121 1534 1029 63 mis hays, blaſmez, calõniez, batus, & le plus ſou¬

121 1592 1029 62 uent tuez. Vne infin:té d’hiſtoires tant prophanes

121 1648 1029 66 qu’ecc leſiaſtiques & ſainctes, nous font treſentie¬

122 1713 1030 59 re ſoy, que ce n’eſt que leur ordinaire. La vérité

125 1768 1027 64 (ce dit l’autre) engendre haine: La croix eſt com¬

126 1826 1026 63 me collee à l’Euangile. Vous pleurerez, dit Ieſus

130 1885 734 61 Chriſt en vn mot, & le monde rira.

130 1945 1024 70 L’hiſt. Pour concluſion, par toute la France où le
