1425 2405
322 44 585 60 DIALOGVE.I.

1110 62 38 56 e

122 114 1035 69 de Naſſau, frere du prince d’Orenge, qui depuis

114 185 1043 51 la paix derniere s’eſtoit tenu à la Rochelle, auec

118 235 1040 64 lequel il traicta de diuers moyens & deſſeins, qu’il

120 297 1036 61 deſiroit exploiter contre le roy d’Eſpagne pour

117 354 1039 61 ſe venger des torts qu’il luy auoit faïts: & l’entre¬

121 415 1033 57 tenant auec douces careſſes, reſolut auec luy vne

118 470 1038 67 entrepriſe de treſgrande conſequence, qui s’eſt du

120 533 1036 60 depuis executee en partie ſur le pays bas, par le¬

120 587 1036 63 dict comte Ludouic, le ſeigneur de la Noue, &

120 648 1036 62 pluſieurs autres François: au ſecours deſquels e¬

117 704 1036 64 ſtans aſsiegez dans Mons, le Roy enuoya le ſei¬

118 764 1036 65 gneur de Gẽlis, auec qu’atre mille ſoldats de pied

118 823 1031 57 óu de cheual: Si fut auſsi ladicte menee du Roy

117 883 1037 61 auec le comte Ludouic, ocçaſion & cauſe que le

117 941 1039 63 prince d’Orenge auec vne puiſſante armee entra

118 1002 1036 62 dans le pays bas, qui ſe reuolta preſque tout du

117 1056 1039 69 roy d’Eſpagne, & print la Hollande (qu’il tient en

116 1119 1037 64 pores maintenant) auec la plus grande partie de

116 1175 901 64 Zelande, en danger de ne la quitter iamais.

151 1231 1002 66 L’Admiral, perſuadé & conduit par le mareſ¬

116 1289 1038 64 chal de Coſſé, & pour ſatisfaire à la volonté du

116 1350 1040 66 Roy, vint trouuer à Bloys ſa maieſté: qui pour o¬

117 1410 1037 62 ſter la crainte que l’Amiral auoit de la maiſon de

116 1468 1036 61 Guyſe, luy enuoya des lettres de congé, à mener

116 1532 1034 60 cinquante gentils-hommes auec luy armez, pour

117 1585 1037 57 ſa ſeureté, iuſques à la cour : où eſtant arriué, le

117 1654 1037 52 Roy, & la Royne ſa mere, le receurent de toute la

120 1700 1032 67 plus courtoiſe façõ qu’il leur fut poſsible: le Roy

117 1771 1037 52 de voulut ouyr ſouuent en conſeil ſecret & à part,

118 1821 1038 64 és choſes de plus grande importance, monſtrant

118 1878 1036 66 de ſe fier en luy de ſa vie & de ſon Royaume, cõ¬

124 1941 706 67 me il cuſt fait en ſon pere propre.

856 1993 55 65 C
