1415 2410
148 121 1044 70 bouzade, & à ſon gauche, l’aifné des Pruneaux. Ila

159 184 1032 67 ſurent fort esbahys & eſperdus, & tous ceux qui

151 247 567 60 eſtoyent en la compagnie.

211 302 978 62 L’Amiral ne dict iamais autre choſe, ſinon

152 384 1031 44 qisionton imdro omaj udontre le cou,

150 420 1037 67 & où les balles auoyent donné: priant le capitai¬

143 479 1040 67 ne Pilles, qui ſuruint là, auec le capitaine Monins,

150 535 1035 71 d’aller dire au Roy ce qui luy eſtoit aduenu: qu’il

143 594 1046 70 iugeaſt quelle belle fidelite c’eſtoit (l’entendant

133 653 977 64 de l’accord fait entre luy, & le duc de Guyſe.),

363 62 552 53 DIALOGVEE

213 713 974 68 Vn autre gentil-homme voyant l’Amiral bleſ

139 771 1045 68 ſe, s’approcha de luy, pour luy ſouſtenir ſon bras

144 831 1040 59 gauche, luy ſerrant l’endroit de la bleſſeure auec

140 890 1040 67 ſon mouchoir: le ſeigneur de Guerchy luy ſouſte

139 947 1044 62 noit le droict: & en ceſte façon fut mené à ſon lo¬

146 1008 1034 67 gls, diſtant de là enuiron de ſix vingts pas: En y al¬

136 1068 1043 66 lant, vn gentil-homme luy dit, qu’il eſtoit à crain¬

138 1126 1037 68 dre que les balles ne fuſſent empoiſonnees: à quoy

136 1183 1043 72 I'Amiral reſpondit, qu’il n’auiẽdroit que ce qu’il

138 1242 345 64 plairoit à Dieu.

1118 74 67 57 M

179 1300 994 71 Soudain apres le coup, la porte du logis d’où

135 1360 1038 64 l'arquebouzade auoit eſté tiree, fut enfoncee par

133 1419 1040 59 certains gentils-hommes de la ſuite de l’Amiral¬

135 1483 1036 60 L'arquebouxe fut trouuee, mais non l’arquebou¬

133 1538 1038 65 rier: ouy bien vn ſien laquais, & vne ſeruũte du lo

135 1597 1040 65 gis: l’arquebouzier s’en eſtoit ſoudain enfuy par la

140 1654 1036 67 porte de derriere, qui ſort ſur le cloiſtre de ſainct

135 1732 1038 48 Oeimami'Auaelrois, od ionluy gainost vnene

133 1770 1043 73 ual preſt, garni de piſtoles à larçon de la ſelle: ſur

135 1830 1041 69 lequel eſtant eſchappé, il ſortit hors de la porte

132 1889 1047 63 ſainct Antoine, où ayant trouué vn cheual d’Eſpa

143 1953 1029 71 gne qu’on luy tenoit en main, deſcendit du pre¬

920 2016 54 55 D
