1396 2402
180 134 975 66 Que qui aime ſa vie, ſon pere, ſa mere, ou ſes

122 194 1033 66 biens, plus que ta gloire & ton honneur, n’eſt pas

122 253 1031 60 digne d’eſtre des tiens. Toy Pere, qui nourris les

122 313 1029 59 corbeaux, & donnes robbes ſomptueuſes aux lys

124 376 616 56 des champs deuant nos yeux.

332 73 564 51 DIALOGVE I.

178 428 972 61 Qui as nourri ton peuple au deſert de la man¬

121 492 1030 56 ne treſprecieuſe, les eutretenant veſtus comme

120 569 1031 38 tes imig nons de ceudetos Altidene de ceseuana

117 603 1034 62 la deffiance de diſetſe, que le diable, le monde, &

117 665 990 52 la chair, impriment dans le cœur des hommes.

117 724 1033 60 Ramentoy-leur Seigneur, les merueilles que ton

114 779 1035 64 Fils noſtre Seigneur Ieſus Chriſt fit, en repaiſ¬

113 842 1033 52 ſant abondamment ceux qui oublians eux meſ¬

114 903 1033 59 mes, le ſuyuoyent, pour ouyr ſa voix, comie les

114 959 427 60 brebis leur paſteur.

154 1015 995 61 Monſtre-leur que ton bras puiſſant eſt tou¬

113 1074 1037 56 ſiours ſemblable à ſoy-meſme, ſans diminuer ou

110 1136 1047 59 accourcir::ſinon autant que noſtre ingratitude &

110 1194 1043 59 deffiance, diuertit ou empeſche le cours de tes

110 1253 1039 60 benedictions & graces. Et pour autaut que la

110 1314 1033 57 faute que les tiens commettent en ceſt endroit,

110 1369 1039 64 eſt grande & deteſtable, Toy Perę, qui ne veux

112 1430 1035 63 point la mort du pecheur, ains demandes qu’il ſe

109 1489 416 50 conuertiſſe & viue.

1103 62 58 64 91

158 1546 988 60 Conuerti les à toy Seigneur, ne leur imputant

110 1608 1041 56 point leurs fautes. Touche leur le cœurçõme tu

105 1664 1037 61 fis à Pierre te reniãt, aſin que recognoiſſans l’hor

104 1724 1039 53 rible faute qu’ils commettent, ils shumilient de¬

104 1784 1041 60 uant toy, gemiſſent &pleurent pour leurs pechez:

102 1841 1044 59 & ainſi releuez par ta main, qu’ils ſe mõſtrẽt forts

104 1900 1046 53 & puiſſans, à ſouſleuer leurs freres infirmes. Ou¬

104 1957 1041 68 ure leur auſsi la voye Seigneur, aſin qu’ils puiſſent
