1478 2434
255 74 65 55 152

248 136 1042 56 la parole de Dieu, contenue au vieil & nouueau

259 193 856 65 Teſtament, & au ſymbole des Apoſtres.

308 252 984 61 Auoir veu auſsi l’Edict fait toſt apres ce collo

255 312 1039 63 que de Poiſſy au mois de Ianuier en l’an 1561. par

252 369 1042 56 Charles, du conſeil de ſa mere, de tous les Princes

250 430 1042 63 & Seigneurs de ſon conſeil, & d’vn grand nombre

248 488 1042 59 de Preſidents & Conſeillers de toute la France,

251 546 1040 67 qui pource ſurent aſſemblez: par lequel Edict les

248 611 1046 48 feux & recerches cõtre ces poures gens furent ceſ

250 663 1042 59 lez, leur conſcience delaiſſee en liberté (ſelon la

250 720 1045 68 confeſsion de leur foy) à eux permis de faire preſ¬

250 782 1041 57 cher l’Euangile & adminiſtrer les ſacremens en

251 841 1040 56 leurs aſſemblees,és fauxbourgs des villes de Fran

252 900 1042 64 ce, par leurs Miniſtres à ce appellez, ordonnez, &

251 960 1040 63 eſleus, comme plus à plein,és patentes ſur ce fai

254 1019 1038 65 tes (qu’vn chacun a peu voir) eſt eſcrit & contenu¬

501 64 555 57 DIALOGVE I..

319 1076 969 59 Conſideré auſsi le maſſacre fait à Vaſſy contre

254 1134 1036 62 la teneur de ceſt Edict ſur les Huguenots, iouyſ¬

251 1196 1040 58 ſans en paix du benefice d’iceluy: La requeſte que

254 1252 1037 56 le duc de Guyſe, le Conneſtable, & le mareſchal

252 1314 1038 62 ſainct André preſenterẽt peu de temps apres (les

258 1373 1027 60 armes au poing) au Roy Charles, tendant à exter¬

258 1433 1033 61 miner ceſte religion-la, & ceux qui en faiſoyent

258 1491 1026 61 profeſsion: les letres que la Royne, mere du Roy,

254 1549 1036 58 en ces entrefaites reſcriuit de ſa main au feu prin¬

254 1606 1031 61 ce de Condé, luy commandant de s’armer & fai¬

252 1667 1033 62 re armer le plus d’hõmes qu’il pourroit pour s’op

255 1725 1033 59 poſer aux deſſeins de ces trois. & de leurs adhe¬

254 1783 1038 61 rans, qui tenoyent l’enfant & la mere captifs: Le

254 1844 1037 59 ſecours que la royne d’Angleterre & les princes

255 1903 1036 59 d’Allemagne donnerent lors aux Huguenots, &

252 1960 1028 65 tout ce qui s’en eſt enſuyui iuſques au mois de

1156 2016 125 58 Mars
