1454 2414
147 136 1045 69 du Roy inopinee, ne pouuant empeſcher leur

156 207 1036 53 deſir de voler, retrancha en beaucoup de fortes

158 258 1034 63 les æſles de leur eſperance. Peu de temps apres

156 316 1036 64 (comme vn deſaſtre ne va gueres ſeul) il fut ioué

162 378 1029 57 vn terrible tour à monſieur le Cardinal, ſi dauen

160 439 1029 51 ture ne l'auez ſceus je le vous diray en deux mots.

388 79 485 52 DIRLOGVE.

189 492 998 64 Le pape aduerti de l’iſſue du faict d’Amboyſe,

160 553 1029 61 & du bon deuoir que le Cardinal de Lorraine a¬

160 612 1025 54 uoit fait à mainienir le parti de ſaincte mere E¬

181 673 1007 52 gliſe Romaine, contre les Lutheriens deuenus

159 730 1029 65 Huguenots (qui ſembloyent ne ſe contenter que

159 789 1029 61 les teux allumez ceſſaſſent, ſi quant & quant ils ne

159 847 1028 67 parloyent & diſputoyent publiquement de leur

155 906 1030 62 religiq, & doctrine) luy reſcriuit par vn courrier

155 966 1030 55 expres des letres gratulatoires, le merciant dé la

155 1023 1030 60 bonne volonté qu’il auoit monſtré à maintenir

152 1080 1033 65 le parti du ſainct ſiege Romain, & le priant de

155 1142 1030 59 continuer de bien en mieux en celle bonne afſe¬

154 1198 1031 65 ction : en recognoiſſance de laquelle, il luy en¬

156 1261 1031 58 uoyoit en don par le porteur, vn tableau cõſacré

156 1318 1031 60 par ſa ſaincteté, d’vne noſtre dame de grace tenãt

148 1373 1033 64 ſon fils entre ſes bras, que Michel Angel de ſa

154 1436 1030 63 plus docte main, auoit pourtraict cõme vn cheſ¬

152 1495 1031 52 d’œuure: Aduint ( comme Dieu voulut) que le

150 1555 1031 61 courrier qui portort les letres du P'ape auec le pre

148 1610 1031 61 ſẽt du tableau, eſtãt tõbè malade par les chemins,

148 1673 1032 61 rencõtra vn ieune marchant Luquoys catholique

150 1726 1034 57 qui s’en alloit en cour, & ſe diſoit eſtre au Cardi

146 1785 1038 64 nal de Lorraine (cõbien qu’à vray dire il fuſt ſon

142 1848 1038 61 ennemi mortel & deſeſperé, par ce qu’il ne pou¬

148 1905 1032 62 uoit auoir ſeure aſsignation du Cardinal, qui ma

144 1964 1032 65 nioit les ſinances de Frame, d’vne grande ſomme

1142 87 50 57 11
