1447 2445
246 105 59 66 Su

311 165 970 65 La Royne-mere, peu apres la minuict du ſa¬

254 233 1035 49 medi paſſee, fut veuë entrer dans la chambre du

248 286 1029 65 Roy, n’ayãt auec elle qu’vne femme de chambre,

248 346 1042 65 quelques ſeigneurs qui y ſurent mandez, y entre¬

245 407 1036 61 rẽt peu de temps apres, mais ie ne ſcay pourquoy

245 465 1044 60 ce fut. Bien eſt vray que deur heures apres, on

247 518 1047 63 donna le ſigne du temple de ſainct Germain l’Au:

247 580 1045 61 xerrois, à ſon de cloche: lequel ouy, ſoudain les

248 638 1041 65 ſoldats qui eſtoyent en garde deuant le logis de

249 695 1043 68 l’Amiral, forçant la porte du logis,y entrerent fa¬

248 757 1037 62 cilement, leur ayant eſté auſsi toſt ouuerte, que le

248 817 1034 61 nom du Roy (duquel ils ſe vantoyent) y fut ouy.

249 872 1036 65 Le duc de Guyſe y entra auſsi toſt apres à cheual.

249 935 1040 64 accompagné d’vne grande troupe de ſes partizãs:

249 992 1044 63 il n’y eut que peu ou point de reſiſtance, n’eſtans

249 1048 1041 57 ceux de la famille, & ſuite, de l’Amiral, aucune¬

251 1112 274 50 ment armez.

506 101 563 55 BIALOSV ET

309 1164 980 68 L’Amiral oyant le bruit, &craignãt qu’il y euſt

251 1226 1041 60 quelque ſedition, commanda à vn ſien valet de¬

251 1286 1043 61 chambre (qu’on nommoit Nicolas le Truche¬

251 1344 1037 61 man) de monter ſur le toict du logis, & appeller

252 1401 1033 64 les ſoldats de la garde, que le Roy luy auoit bail¬

252 1464 1034 51 lez, ne penſant à rien moins que ce fuſſent ceux

252 1518 1033 64 qui faiſoyent l’effort & violence: quant à luy, il ſe

252 1581 1034 53 leua, & s’eſtant affublé de ſa robe de nuict, ſe mit

252 1635 1029 62 à prier Dieu: & à l’inſtãt vn nommé le Beſme Al¬

251 1693 1031 66 leman, ſeruiteur domeſtique du duc de Guyſe,

255 1813 1031 58 pluſieurs autres, eſtoit entré dans ſa chambre, le

254 1873 1031 63 tua: toutefois Sarlaboux s’eſt vanté, que ce fus

254 1927 91 67 luy.

305 1988 983 68 Les dernieres paroles de l’Amiral, parlant au

1100 2047 177 69 Beſme,
