1481 2416
245 85 89 72 136

247 159 1037 63 vieil & nouueau Teſtament, lequel les ennemis

247 229 1048 54 de Dieu ont taſché & taſchẽt iournellemẽt (mais

249 277 1041 61 en vain) d’abolir & eſteindre : Ayant eſté arreſté

248 336 1047 61 au conſeil eternel de Dieu, que les cieux & la ter¬

244 395 1065 68 re paſſeront, mais ſa parole demeurera eternelle¬

245 459 1061 63 ment, quelque perſecution que les ennemis de

244 514 1053 57 Dieu, en haine de la verité, dreſſent à l’encontre

245 574 1057 66 de ceux qui en font profeſsiõ, leſquels plus on les

251 632 1050 63 preſſera, plus ils croiſtront, comme vn Iſrael en

245 692 1056 65 Egypte: & au contraire, Toute plante que le Pe¬

244 754 1054 60 re n’a plantee, toute fauſſe doctrine, & ceux qui la

247 810 1056 55 maintienent & fauoriſent, ſeront arrachez de deſ

247 871 1054 52 ſus la terre. Partant ſont exhortez tous enfans de

248 928 1054 57 Dieu, de conſtamment perſeuerer, & continuer

247 986 1041 66 en meſme foy & eſperance iuſqu’au dernier ſou¬

245 1045 1049 62 ſpir de leur vie, en adiouſtant autant que faire ſe

248 1105 1049 66 pour ra à ces deux, la charité pour compagne, ſans

248 1165 803 61 laquelle la foy eſt incognue & morte.

504 95 558 51 DIADOOVE I.

310 1220 974 64 Ce faiſant qu’ils ne doutent nullement, quoy

245 1279 1052 63 qu’il leur auiene de ſiniſtre en ceſte vie, que le Pe

245 1340 1045 62 re celeſte ne les face participãs en l’autre, des cho

248 1399 1046 53 ſes que l'œil ne ſcauroit voir, l'oreille ne ſcauroit

247 1460 1047 59 ouyr, & l’entendement de l’homme ne pourroit

247 1519 1046 62 com prendre, que Dieu a preparees deuant la con

247 1574 1044 60 ſtitution du monde à ceux qui l’aiment & le crai¬

247 1644 1046 49 gnent: la ou au contraire, les iniques, infideles &

245 1692 1046 64 deſloyaux,ſerũt logez és priſons perpetuelles, où

249 1755 1042 58 il y aura tenebres, grincement de dents, & peines

256 1809 1032 64 (pour le dire en vn mot) infinies : lors qu’ils di¬

251 1868 1039 62 ront, Ne ſont-ce point ceux-la deſquels la vie

249 1928 1042 54 nous ſembloit tant infame, & leur fin tant malheu

252 1985 1032 65 reuſe? Nous inſenſez! He, comment ſont-ils lo¬

1201 2058 77 61 gez
