1452 2450
254 104 76 62 co

249 175 1025 63 oncques la hardieſſe de ce faire en le voyant, tant

247 240 1027 56 il eſtoit de douce nature, & aimé de qui le co¬

250 294 1038 68 gnoiſſoit: à la ſin vn qui ne le cognoiſſoit pas, le

256 364 102 45 tua.

271 408 1016 58 Le marquis de Renel fut chaſſé tout en chemi

249 470 1039 62 ſe, iuſques à la riuiere de Seine, par des ſoldats &

247 548 1040 44 le peupie, ce la tait moutet iut vn peuit batcau, ut

249 588 788 62 tué par Buſſy d’Amboyſe ſon couſin.

500 102 561 57 DIALOGVE I.

307 645 977 66 Monſieur frere du Roy, pour gratifier à l’Ar¬

247 705 1034 64 chan capitaine de ſa garde, amoureux de la Cha¬

247 764 1038 67 ſtegneraye, enuoya tuer par les ſoldats de ſa gar¬

247 823 1037 64 de, le ſeigneur de la Forſe ſon beau-pere: & cui¬

249 883 1039 60 dant auoir tué deux des freres de la Chaſtegne¬

249 944 1043 60 raye, il ne s’en trouua qu’vn mort, l’autre eſtoit

247 999 1042 55 ſeulement bleſſé, & caché ſous le corps mort de

249 1056 1039 66 ſon pere qui luy eſtoit trebuſché deſſus, d’où ſur

249 1114 1036 68 le ſoir il ſe deſpeſtra ſe gliſſant iuſques dedãs le lo

250 1180 1039 61 gis du ſeigneur de Biron ſon parent? Ce que ſa¬

249 1235 1042 66 chant la Chaſtegneraye ſa ſœur, marrie de ce que

249 1297 1040 61 tout l’heritage ne luy pouuoit demeurer, vĩt trou

250 1351 1042 65 uer le ſeigneur de Biron à l’Arcenal, où il eſtoit

247 1410 1044 66 logé, feignant d’eſtre bien aiſe que ſon frere fuſt

246 1470 1045 65 eſchappé, & diſant qu'elle deſiroit le voir & le fai

249 1531 1039 66 re penſer: Mais le ſeigneur de Biron qui s’apper¬

247 1589 1037 63 ceut de la fraude, ne le luy voulut deſcouurir, luy

249 1651 595 59 ſauuant par ce moyen la vie.

306 1704 985 60 Le preſident de la Place, homme fort docte, &

246 1765 1046 56 rare, fut à coups de hallebarde mené iuſques à la

249 1825 1044 56 Seine, rué & ietté dans l’eau : autant en fut fait à

247 1882 1045 65 Pierre Ramus, lecteur publique du Roy. A l’auo

243 1940 1046 64 eat de Chappes auſsi, & à l’Omenie ſecretaire du

249 1998 1036 72 Roy, apres luy auoir fait faire (ſous promeſſe de

1204 2059 79 69 luy
