1415 2400
129 162 1020 39 ner la vie qu’iiay auoit lauuce lanues amneure.

133 197 1017 59 mais ce fut en vain, car le Roy luy commanda de

132 254 1018 56 tuer Monins, ſi luy meſme ne vouloit mourir de

132 313 1020 55 la main de Charles. Feruaques eut horreur du

129 369 1021 68 faict (quoy qu’il fuſt fort aſpre ennemy des Hu¬

130 430 1020 64 guenots, & qu’il en euſt tué & ſaccagé pluſieurs

128 489 1024 61 de ſa main les iours precedens) pour l'amitié par¬

129 546 1023 58 ticuliere qu'il portoit à Monins: toutefois il fut

128 606 1024 62 contraint de deſcouurir où il eſtoit caché, auquel

129 662 964 66 auſsi toſt fut enuoyé vn tueur qui le depeſcha.

356 72 560 49 DIALOGVE I.

178 725 972 60 Le ſemblable eſt auenu à quelques autres Hu¬

133 782 964 67 guenots,lors qu’ils cuidoyent eſtre eſchappez.

186 838 966 59 Le ieudi 28.iour d’Aouſt, fut celebré dans Pa¬

129 901 1025 60 ris vn Iubilé extraordinaire, auec la proceſsion ge

129 961 1027 61 nerale, à laquelle le Roy aſsiſta : ayant premiere¬

129 1021 1027 51 ment ſolicité (mais en vain) le roy de Nauarre

130 1077 1026 67 par douces paroles, & le prince de Condé par me

129 1140 440 49 naces de s’y trouuer.

1100 101 37 31 7.

189 1193 967 63 Le meſme iour furent publiees des letres patẽ

128 1253 1029 64 tes du Roy, par leſquelles ouuertement il decla¬

126 1313 1032 61 roit, qu’il ne vouloit plus vſer de paroles couuer¬

129 1370 1028 63 tes, ny de diſsimulations: Que la tuerie des Hu¬

132 1433 1025 60 guenots auoit eſté faite par ſon commandement:

132 1489 1024 53 à cauſe d’vne maudite conſpiration faite par l’A¬

130 1550 1027 59 miral, contre luy, ſa mere, ſes freres, & autres prin

132 1609 1024 59 ces & grans ſeigneurs de la cour, n’entendãt pour

133 1664 1021 62 tant que les Edicts de pacification fuſſent moins

134 1724 1020 61 que bien obſeruez: auec tel ſi toutesſois, que les

134 1782 1020 64 Huguenots ne feroyent faire aucuns preſches, ny

134 1841 1020 67 aſſemblees, iuſques à ce qu’autrement y fuſt pour

140 1910 106 46 ueu.

194 1956 956 70 Au premier exemplaire deſdictes letres, le roy

900 2014 106 59 E.V.
