1436 2423
145 133 815 63 En plus de lieux, iamais ne s’eſleuerent

132 193 901 58 Plus longs cheueux de Cometes aux cieux.

140 253 693 61 Iamais le vent (eſprit audacieur)

141 309 797 61 En fracaſſant & foreſts & montagnes,

142 368 860 64 Ne fit tel bruit: le ballay des campagnes,

138 428 846 68 Les pains couppez, de ſang ſe rougiront,

134 485 763 62 En plein hyuer les arbres fleuriront:

137 545 772 62 Et touteſois par ces menaces hautes,

140 601 866 58 Ce meſchant Roy n'amendera ſes fautes:

133 662 778 63 Mais tout ſuperbe, en vices endurcy,

134 718 683 61 Contre le ciel eſleuant le ſourcy

140 776 782 63 Au cœur bruſlé d’inſame paillardiſe

129 833 708 66 Eſtouffera contre ſa foy promiſe,

134 891 749 67 En honniſſant le ſainct lict nuptial,

136 954 832 66 Sa propre eſpouſe, eſpoux eresdeſſoyal,

130 1068 837 65 Seure en ſes bras, l’eſtrangleia de nuict.

130 1129 691 63 Crurel tyran! à qui deſſus la teſte

134 1187 817 63 L'ire de Dieu pend deſia toute preſte.

355 50 557 71 DIALOGVEI.

1101 82 56 48 u3

183 1247 966 63 Puis en parlant de ie ne ſcay quel Clotaire,

127 1300 1028 64 & de la vengeance qu'il ſera de la Royne-mere,

130 1362 1027 62 qu’il eurend ſous le nom de Brunehaur, il adiou¬

129 1422 217 65 ſte apres,

183 1479 667 64 Sarè guerrier victorieux & fort

132 1537 844 63 Qui pour l’honneur meſpriſera la mort,

130 1595 734 62 De Brunehaut princeſſe miſerable

129 1654 671 60 Fera punir le vice abominable,

130 1713 776 63 Luy attachant à la queuë d’vn cheual

133 1771 765 62 Bras & cheueux:puis à mont & à val

132 1833 750 59 Par les rochers, par les ronees tirec,

136 1889 801 56 En cent morceaux la rendra deſchiree:

137 1946 869 63 Si qu’en tous lieux ſes membres diffamez,

947 2007 52 62 H
