1437 2404
139 149 970 66 regriner en region tant eſloignee de la tienne.

144 216 1030 60 Han Quand tu ſçauras ce qui m’y a cõdui, tu t’eſ

148 266 1026 66 merucaileras beaucoup plũs de ceux qui m’õt don

150 318 1024 70 né occaſion d’en ſortir, que de moy qui l'ay ſceu

165 388 1009 66 prendre. Quant à ma retraicte en ce pays, le peu

152 447 1018 63 de ſeureté que ie voy aur autres plus voiſins,

153 504 1019 63 pour la ſerardiſe de ceux qui y commandent, m’a

152 562 1022 64 cõtraint (par l’aduis meſme du Politique) de venir

151 621 1022 64 icy de bõne heure cercher ſiege, & repos aſſeuré.

406 86 500 54 DIALOGVE.

153 681 1020 65 Ali. Que tuy ſois derechef le bien venu. Quand

153 743 1020 54 tout eſt dit, la demeure en ces terres-cy par la gra

152 799 1020 62 ce de Dieu eſt beaucoup plus aſſeuree & plus li¬

153 857 1021 65 bre pour nos amis, qu’elle n’eſt en beaucoup d’ẽ¬

149 914 1030 64 droits ou ceux qui ſe diſent Chreſtiẽs ont la puiſ

149 977 1024 63 ſance & le gouuernement. Mais ie te prie, dy moy

151 1036 1025 63 la raiſon, pourquoy tu es ſorti de ta patrie, & qui

153 1089 903 63 t’a ainſi deſualizé & deſapointé de la ſorte?

1138 120 40 58 3

155 1153 1024 53 Phi. Ie ſuis content de te le dire, & te prie de croi

152 1210 1025 65 re, Quoy que ce meſchef me foit aduenu pour l’a

152 1271 1020 60 mour de toy: de ce que ſauoriſant ton parti,ie t’or

153 1328 1023 55 touſiours conſeſſee & maintenue, enuers tous &

152 1390 1022 57 contre tous: Ie ne t’en demanderay aucun grand¬

152 1447 1024 51 mercy: encores moins t’en ſcauray-ie mauuaie

160 1527 1013 43 Brejuy e quiteeray poundenCungadon que ray

156 1565 1024 51 à te defendre & maintenir, à la vic & à la morta

151 1618 1023 66 Mais s’il te ſemble mieux que l’Hiſtoriographe

153 1678 1021 67 que voila, recite le faict pluſtoſt qut moy, qui

155 1736 1019 65 pourroy' ſẽbler ſuſpect à ces meſsieurs qui nous

152 1800 1021 51 eſceutent: luy, qui a la memoire bonne, & l’intè

157 1855 1019 64 grité requiſe à ſon eſtat, te pourra informer ſom¬

156 1913 1025 56 maitement, & ces auditeurs enſemble, du faict

153 1968 425 71 ainſi qu’il eſt paſié.

935 2027 117 84 Lij¬
