<?xml version="1.0" encoding="UTF-8"?>
<alto xmlns:xsi="http://www.w3.org/2001/XMLSchema-instance"
      xmlns="http://www.loc.gov/standards/alto/ns-v4#"
      xsi:schemaLocation="http://www.loc.gov/standards/alto/ns-v4# http://www.loc.gov/standards/alto/v4/alto-4-2.xsd">
  <Description>
    <MeasurementUnit>pixel</MeasurementUnit>
    <sourceImageInformation>
      <fileName>page_00023.png</fileName>
      <fileIdentifier>mets//page_00002.zip/page_00023.png</fileIdentifier>
    </sourceImageInformation>
  </Description>
  <Tags>
    <OtherTag ID="BT7" LABEL="CustomZone" DESCRIPTION="block type CustomZone"/><OtherTag ID="BT8" LABEL="DamageZone" DESCRIPTION="block type DamageZone"/><OtherTag ID="BT9" LABEL="DigitizationArtefactZone" DESCRIPTION="block type DigitizationArtefactZone"/><OtherTag ID="BT10" LABEL="DropCapitalZone" DESCRIPTION="block type DropCapitalZone"/><OtherTag ID="BT11" LABEL="GraphicZone" DESCRIPTION="block type GraphicZone"/><OtherTag ID="BT12" LABEL="MainZone" DESCRIPTION="block type MainZone"/><OtherTag ID="BT13" LABEL="MarginTextZone" DESCRIPTION="block type MarginTextZone"/><OtherTag ID="BT14" LABEL="MusicZone" DESCRIPTION="block type MusicZone"/><OtherTag ID="BT15" LABEL="NumberingZone" DESCRIPTION="block type NumberingZone"/><OtherTag ID="BT17" LABEL="QuireMarksZone" DESCRIPTION="block type QuireMarksZone"/><OtherTag ID="BT18" LABEL="RunningTitleZone" DESCRIPTION="block type RunningTitleZone"/><OtherTag ID="BT19" LABEL="SealZone" DESCRIPTION="block type SealZone"/><OtherTag ID="BT20" LABEL="StampZone" DESCRIPTION="block type StampZone"/><OtherTag ID="BT21" LABEL="TableZone" DESCRIPTION="block type TableZone"/><OtherTag ID="BT22" LABEL="TitlePageZone" DESCRIPTION="block type TitlePageZone"/><OtherTag ID="BT100001" LABEL="MainZone-Head" DESCRIPTION="block type MainZone-Head"/><OtherTag ID="BT100005" LABEL="MainZone-P" DESCRIPTION="block type MainZone-P"/><OtherTag ID="BT100006" LABEL="MainZone-Continued" DESCRIPTION="block type MainZone-Continued"/><OtherTag ID="BT100008" LABEL="MainZone-Sp" DESCRIPTION="block type MainZone-Sp"/><OtherTag ID="BT100002" LABEL="MainZone-Lg" DESCRIPTION="block type MainZone-Lg"/><OtherTag ID="BT100014" LABEL="MainZone-ListItem" DESCRIPTION="block type MainZone-ListItem"/>
    <OtherTag ID="LT7" LABEL="CustomLine" DESCRIPTION="line type CustomLine"/><OtherTag ID="LT8" LABEL="DefaultLine" DESCRIPTION="line type DefaultLine"/><OtherTag ID="LT9" LABEL="DropCapitalLine" DESCRIPTION="line type DropCapitalLine"/><OtherTag ID="LT10" LABEL="HeadingLine" DESCRIPTION="line type HeadingLine"/><OtherTag ID="LT11" LABEL="InterlinearLine" DESCRIPTION="line type InterlinearLine"/><OtherTag ID="LT12" LABEL="MusicLine" DESCRIPTION="line type MusicLine"/><OtherTag ID="LT765" LABEL="default" DESCRIPTION="line type default"/>
  </Tags>
  <Layout>
    <Page WIDTH="1438"
          HEIGHT="2420"
          PHYSICAL_IMG_NR="22"
          ID="eSc_dummypage_">
      <PrintSpace HPOS="0"
                  VPOS="0"
                  WIDTH="1438"
                  HEIGHT="2420">
        <TextBlock HPOS="271.0"
                   VPOS="143.0"
                   WIDTH="1052.0"
                   HEIGHT="1872.0"
                   ID="block_2"
                   TAGREFS="BT100006">
          <Shape><Polygon POINTS="1321 143 1323 2002 271 2015 281 143"/></Shape>
          <TextLine ID="line_0"
                    TAGREFS="LT8"
                    BASELINE="294 197 1307 197" 
                    HPOS="294"
                    VPOS="170"
                    WIDTH="1013"
                    HEIGHT="49">
            <Shape><Polygon POINTS="1303 192 1290 192 1276 192 1263 192 1249 192 1236 192 1222 192 1209 192 1195 192 1182 192 1168 192 1155 192 1142 192 1128 192 1115 192 1101 192 1088 192 1074 192 1061 192 1047 192 1034 192 1020 192 1007 192 994 192 980 192 967 192 953 192 940 192 926 192 913 192 899 192 886 192 873 192 859 192 846 192 832 192 819 192 805 192 792 192 778 192 765 192 751 192 738 192 725 192 711 192 698 192 684 192 671 192 657 192 644 192 630 192 617 192 603 192 590 192 577 192 563 192 550 192 536 192 523 192 509 192 496 192 482 192 469 192 456 192 442 192 429 192 415 192 402 192 388 192 387 180 375 170 373 170 372 170 294 170 294 197 294 204 497 207 509 217 511 217 512 217 513 219 573 219 573 217 574 217 613 205 644 217 645 217 647 217 844 205 951 205 980 217 981 217 983 217 1055 205 1249 217 1251 217 1307 204 1307 197 1307 192 1303 192"/></Shape>
	    <String CONTENT="LAmrue , que cepenuuunue monſtroouen, que¬"
                    HPOS="294"
                    VPOS="170"
                    WIDTH="1013"
                    HEIGHT="49"
                    WC="0.948394293586413"></String>
          </TextLine>
          <TextLine ID="line_1"
                    TAGREFS="LT8"
                    BASELINE="297 266 1303 262" 
                    HPOS="295"
                    VPOS="220"
                    WIDTH="1008"
                    HEIGHT="69">
            <Shape><Polygon POINTS="297 266 297 276 325 276 338 287 340 287 341 287 343 289 367 289 367 287 368 287 369 287 387 275 388 275 412 275 426 275 439 287 441 287 442 287 443 289 477 289 477 287 478 287 480 287 500 275 501 275 527 275 594 275 629 287 630 287 632 287 633 287 665 278 803 282 804 282 851 274 852 274 862 280 863 280 864 280 866 280 922 274 924 274 1011 285 1012 285 1014 285 1015 285 1029 272 1030 272 1042 272 1232 285 1233 285 1302 271 1303 262 1300 233 1281 233 1265 220 1264 220 1263 220 1261 220 1216 229 1205 220 1203 220 1202 220 1175 220 1174 220 1172 220 1171 220 1152 233 953 233 842 233 823 221 821 221 820 221 788 221 786 221 785 221 784 221 770 232 714 225 712 225 657 233 644 225 642 225 641 225 640 225 638 225 637 225 637 227 629 233 616 223 614 223 613 223 612 223 443 235 410 223 408 223 371 223 369 223 295 236 297 266"/></Shape>
	    <String CONTENT="voſtre querelle particuliere vous y a mené, plu¬"
                    HPOS="295"
                    VPOS="220"
                    WIDTH="1008"
                    HEIGHT="69"
                    WC="0.9910525229512429"></String>
          </TextLine>
          <TextLine ID="line_2"
                    TAGREFS="LT8"
                    BASELINE="295 334 1303 330" 
                    HPOS="294"
                    VPOS="287"
                    WIDTH="1009"
                    HEIGHT="70">
            <Shape><Polygon POINTS="375 307 373 303 371 303 352 290 351 290 349 290 313 290 312 290 310 290 309 290 294 301 295 334 297 357 321 346 361 356 363 356 364 356 365 356 367 356 379 346 392 356 394 356 395 356 396 357 427 357 427 356 429 356 430 356 450 345 543 345 583 353 601 356 602 356 603 356 614 352 640 344 691 352 699 352 700 352 702 352 703 352 703 350 714 344 934 344 945 348 964 354 965 354 967 354 1016 346 1033 344 1041 346 1066 353 1068 353 1069 353 1070 353 1101 345 1112 342 1133 344 1217 353 1218 353 1220 353 1240 342 1302 341 1303 330 1302 295 1272 287 1271 287 1269 287 1268 287 1267 287 1256 295 1248 302 1190 302 1183 297 1172 287 1171 287 1170 287 1168 287 1167 287 1139 295 1105 287 1104 287 1103 287 1101 287 1100 287 1089 297 1084 302 1019 302 1008 298 968 287 967 287 965 287 964 287 929 299 928 299 926 299 902 290 901 290 899 290 898 290 897 290 883 299 878 303 831 303 825 301 799 289 797 289 796 289 795 289 793 289 778 301 777 301 729 294 727 294 726 294 725 294 715 302 714 303 616 303 612 303 570 290 569 290 540 290 539 290 538 290 536 290 525 299 490 290 489 290 488 290 486 290 461 303 375 303 375 307"/></Shape>
	    <String CONTENT="ſtoſt que la hayne cõtre leur Religion, de laquel¬"
                    HPOS="294"
                    VPOS="287"
                    WIDTH="1009"
                    HEIGHT="70"
                    WC="0.99500860303056"></String>
          </TextLine>
          <TextLine ID="line_3"
                    TAGREFS="LT8"
                    BASELINE="294 404 1306 400" 
                    HPOS="293"
                    VPOS="353"
                    WIDTH="1013"
                    HEIGHT="69">
            <Shape><Polygon POINTS="294 404 294 412 348 422 349 422 351 422 352 422 360 414 375 420 376 420 377 420 379 420 395 412 396 412 419 412 629 418 630 418 660 411 663 411 665 411 694 420 695 420 696 420 698 420 699 420 710 411 711 411 716 411 799 418 800 418 948 411 963 420 964 420 965 420 967 420 1069 410 1072 410 1093 419 1094 419 1096 419 1186 412 1287 418 1288 418 1290 418 1291 418 1306 408 1306 400 1302 368 1171 369 1167 368 1150 356 1148 356 1147 356 1146 356 1144 356 1143 356 1128 368 1125 371 1062 371 1058 368 1031 353 1030 353 1000 353 999 353 998 353 996 353 975 368 957 354 956 354 955 354 929 354 928 354 926 354 897 368 891 372 840 372 836 368 820 354 819 354 817 354 773 354 772 354 770 354 769 354 750 369 747 371 745 369 718 354 716 354 692 354 691 354 690 354 688 354 671 369 668 372 585 372 577 369 555 360 554 360 552 360 551 360 550 360 539 369 535 373 513 373 486 371 485 369 469 356 468 356 466 356 442 356 441 356 439 356 438 356 425 367 411 356 410 356 408 356 379 356 377 356 376 356 375 356 356 369 355 371 352 369 336 356 334 356 333 356 309 356 308 356 306 356 305 356 293 364 294 404"/></Shape>
	    <String CONTENT="le, &amp; dans Paris &amp; ailleurs il aſſeure, (comme"
                    HPOS="293"
                    VPOS="353"
                    WIDTH="1013"
                    HEIGHT="69"
                    WC="0.9922422429789668"></String>
          </TextLine>
          <TextLine ID="line_4"
                    TAGREFS="LT8"
                    BASELINE="294 470 1304 466" 
                    HPOS="293"
                    VPOS="424"
                    WIDTH="1011"
                    HEIGHT="73">
            <Shape><Polygon POINTS="294 470 294 481 361 496 363 496 364 496 365 496 383 481 384 481 426 481 429 481 476 496 477 496 478 496 480 496 481 496 500 481 501 481 548 481 578 496 579 496 581 497 606 497 606 496 608 496 609 496 620 488 626 493 628 493 629 493 708 494 710 494 711 494 757 479 760 479 761 479 782 486 784 486 785 486 786 486 799 479 809 488 811 488 812 488 813 488 998 479 1033 493 1034 493 1035 493 1166 481 1183 493 1185 493 1186 493 1187 494 1221 494 1221 493 1222 493 1224 493 1242 481 1303 477 1304 466 1302 442 1280 442 1257 424 1256 424 1255 424 1253 424 1252 424 1203 442 1148 442 1116 424 1115 424 1085 424 1084 424 1082 424 1081 424 1064 438 1031 424 1030 424 1029 424 1027 424 1026 424 1004 439 967 435 965 435 964 435 963 435 955 443 807 443 785 435 784 435 782 435 781 435 769 442 760 435 758 435 757 435 755 435 683 442 659 426 657 426 656 426 655 426 653 426 652 426 626 443 544 442 517 427 516 427 368 427 367 427 293 445 294 470"/></Shape>
	    <String CONTENT="außi il eſt vray,) que vous en aueZ ſauué plu¬"
                    HPOS="293"
                    VPOS="424"
                    WIDTH="1011"
                    HEIGHT="73"
                    WC="0.9939817507216271"></String>
          </TextLine>
          <TextLine ID="line_5"
                    TAGREFS="LT8"
                    BASELINE="291 540 1306 537" 
                    HPOS="290"
                    VPOS="496"
                    WIDTH="1016"
                    HEIGHT="63">
            <Shape><Polygon POINTS="291 540 293 559 328 548 534 548 542 555 543 555 544 555 546 555 547 555 548 555 559 548 569 555 570 555 571 555 573 556 645 556 645 555 647 555 648 555 655 549 661 555 663 555 664 555 665 555 672 553 702 548 729 553 739 555 741 555 742 555 743 555 745 553 751 548 760 552 766 556 768 556 769 557 863 557 863 556 948 551 998 547 1003 549 1007 553 1008 553 1010 553 1011 553 1080 549 1142 556 1143 556 1144 556 1146 556 1158 547 1159 547 1160 547 1183 555 1185 555 1186 555 1237 547 1238 547 1288 555 1290 555 1291 555 1292 555 1306 545 1306 537 1303 501 1268 496 1267 496 1265 496 1264 496 1257 501 1248 509 1191 509 1183 501 1177 496 1175 496 1174 496 1146 496 1144 496 1143 496 1142 496 1133 502 1129 506 1072 508 1061 502 1046 496 1045 496 1043 496 1042 496 1041 496 1031 504 1027 506 1022 504 1014 496 1012 496 1011 496 979 496 977 496 976 496 975 496 965 504 959 509 815 509 805 505 780 498 778 498 777 498 776 498 774 498 762 506 758 509 754 506 745 497 743 497 742 497 716 497 715 497 714 497 695 506 690 509 672 506 634 501 633 501 632 501 630 501 624 508 621 510 564 510 556 508 512 498 511 498 509 498 508 498 497 508 460 509 441 509 434 509 312 497 310 497 309 497 308 497 290 506 291 540"/></Shape>
	    <String CONTENT="ſieurs: entre autres le Seigneur d’Acier, l’vn de"
                    HPOS="290"
                    VPOS="496"
                    WIDTH="1016"
                    HEIGHT="63"
                    WC="0.9924653975331054"></String>
          </TextLine>
          <TextLine ID="line_6"
                    TAGREFS="LT8"
                    BASELINE="291 609 1307 606" 
                    HPOS="290"
                    VPOS="563"
                    WIDTH="1017"
                    HEIGHT="67">
            <Shape><Polygon POINTS="291 609 291 617 305 623 306 623 308 623 386 617 404 629 406 629 407 629 408 630 443 630 443 629 445 629 446 629 464 617 490 623 492 623 493 623 495 623 516 617 534 629 535 629 536 629 538 629 629 621 652 627 653 627 655 627 656 627 657 627 672 617 680 625 682 625 683 625 758 629 760 629 761 629 784 617 793 623 795 623 796 623 797 623 843 615 881 623 882 623 883 623 885 623 893 617 901 623 902 623 903 623 905 623 951 619 1004 627 1006 627 1007 627 1030 615 1089 625 1090 625 1092 625 1093 625 1104 615 1142 625 1143 625 1144 625 1146 625 1162 618 1218 623 1220 623 1221 623 1222 623 1230 617 1290 622 1291 622 1292 622 1307 614 1307 606 1303 575 1229 576 1224 575 1194 563 1193 563 1191 563 1190 563 1189 563 1178 572 1155 564 1154 564 1152 564 1151 564 1150 564 1132 575 1128 578 1103 578 1101 575 1086 563 1085 563 1084 563 1046 563 1045 563 1043 563 1019 576 1018 576 1000 568 999 568 998 568 996 568 995 568 986 576 984 576 977 576 913 570 912 570 852 576 835 563 834 563 832 563 812 563 811 563 809 563 808 563 797 572 788 564 786 564 785 564 784 564 749 571 699 564 698 564 696 564 695 564 679 578 677 579 585 579 585 578 573 570 571 570 570 570 569 570 567 570 566 570 556 576 453 576 438 568 437 568 435 568 434 568 417 578 306 564 305 564 304 564 302 564 302 566 290 575 291 609"/></Shape>
	    <String CONTENT="leurs principaux chefs de ce temps là. Cela me"
                    HPOS="290"
                    VPOS="563"
                    WIDTH="1017"
                    HEIGHT="67"
                    WC="0.9837963441584973"></String>
          </TextLine>
          <TextLine ID="line_7"
                    TAGREFS="LT8"
                    BASELINE="291 678 1306 674" 
                    HPOS="290"
                    VPOS="629"
                    WIDTH="1016"
                    HEIGHT="70">
            <Shape><Polygon POINTS="291 678 293 699 329 687 519 687 551 695 562 697 563 697 564 697 566 697 567 697 570 695 578 689 610 693 612 693 672 685 761 692 776 692 777 692 804 691 873 687 879 689 894 696 895 696 897 697 967 697 967 696 1010 688 1027 684 1033 687 1038 691 1039 691 1041 691 1042 691 1043 691 1054 687 1062 684 1111 685 1139 687 1150 695 1151 695 1152 695 1154 695 1238 684 1241 684 1244 684 1288 691 1290 691 1291 691 1306 682 1306 674 1303 646 1164 646 1132 629 1131 629 1104 629 1103 629 1101 629 1100 629 1081 643 1053 634 1051 634 1050 634 1049 634 1047 634 1035 643 1002 629 1000 629 999 629 998 629 963 648 834 648 812 630 811 630 809 630 747 630 746 630 745 630 743 630 727 642 711 630 710 630 708 630 690 630 688 630 687 630 686 630 657 648 590 648 469 648 419 631 418 631 379 631 377 631 376 631 375 631 364 639 353 631 352 631 351 631 313 631 312 631 310 631 309 631 290 646 291 678"/></Shape>
	    <String CONTENT="faict croire, auec le diſcours que le Politique en"
                    HPOS="290"
                    VPOS="629"
                    WIDTH="1016"
                    HEIGHT="70"
                    WC="0.9988083565235137"></String>
          </TextLine>
          <TextLine ID="line_8"
                    TAGREFS="LT8"
                    BASELINE="291 746 1303 743" 
                    HPOS="290"
                    VPOS="700"
                    WIDTH="1013"
                    HEIGHT="69">
            <Shape><Polygon POINTS="291 746 293 769 324 755 453 755 466 766 468 767 469 767 470 767 472 767 484 766 543 755 555 764 558 767 559 767 560 767 562 769 598 769 598 767 620 763 663 755 727 762 758 764 760 764 761 764 762 764 766 760 773 755 781 760 781 762 782 762 784 762 785 762 803 760 855 755 866 759 879 766 881 766 882 767 932 767 932 766 933 766 948 758 955 754 1049 754 1053 756 1058 762 1060 762 1061 762 1062 762 1092 756 1097 755 1111 766 1112 766 1113 766 1115 767 1162 767 1162 766 1163 766 1186 755 1285 760 1287 760 1288 760 1303 752 1303 743 1299 711 1120 713 1116 712 1103 703 1101 703 1100 703 1073 703 1072 703 1070 703 1069 703 1058 712 1055 715 1033 715 1030 712 1015 700 1014 700 1012 700 992 700 991 700 990 700 964 712 961 715 887 715 886 713 870 700 868 700 867 700 836 700 835 700 834 700 807 713 746 701 745 701 743 701 742 701 726 715 725 716 648 716 648 715 626 707 625 707 624 707 622 707 601 715 582 701 581 701 579 701 558 701 556 701 555 701 554 701 531 716 470 716 441 713 427 701 426 701 425 701 375 701 373 701 372 701 371 701 360 709 349 701 348 701 347 701 313 701 312 701 310 701 309 701 290 713 291 746"/></Shape>
	    <String CONTENT="faict en quelques endroicts, que les Huguenots"
                    HPOS="290"
                    VPOS="700"
                    WIDTH="1013"
                    HEIGHT="69"
                    WC="0.9911418479421864"></String>
          </TextLine>
          <TextLine ID="line_9"
                    TAGREFS="LT8"
                    BASELINE="291 816 1306 812" 
                    HPOS="290"
                    VPOS="773"
                    WIDTH="1016"
                    HEIGHT="60">
            <Shape><Polygon POINTS="291 816 291 824 372 824 377 824 433 833 434 833 435 833 437 833 449 824 450 824 512 824 513 824 548 833 550 833 551 833 552 833 574 826 614 830 616 830 617 830 618 830 629 822 630 822 632 822 652 830 653 830 655 830 656 830 657 830 667 824 715 830 716 830 718 830 749 822 750 822 758 829 760 829 761 829 965 832 967 832 1012 821 1018 821 1082 821 1084 821 1094 829 1096 829 1097 829 1099 829 1100 829 1101 829 1112 821 1120 828 1121 828 1123 828 1124 828 1202 821 1203 821 1214 829 1216 829 1217 829 1218 829 1304 820 1306 812 1302 779 1144 785 1108 781 1039 773 1038 773 1037 773 1035 773 1025 782 1022 785 745 786 727 785 669 779 668 779 640 786 637 786 625 777 624 777 622 777 621 777 563 786 562 786 560 786 384 775 383 775 382 775 380 775 365 787 348 778 347 778 345 778 290 789 291 816"/></Shape>
	    <String CONTENT="ne deſireroyent rien micux, que de vous voir"
                    HPOS="290"
                    VPOS="773"
                    WIDTH="1016"
                    HEIGHT="60"
                    WC="0.9928120645609769"></String>
          </TextLine>
          <TextLine ID="line_10"
                    TAGREFS="LT8"
                    BASELINE="286 881 1306 881" 
                    HPOS="286"
                    VPOS="840"
                    WIDTH="1020"
                    HEIGHT="67">
            <Shape><Polygon POINTS="286 881 286 892 489 892 525 899 527 899 528 899 530 899 536 894 558 906 559 906 560 906 624 894 649 906 651 906 652 907 691 907 691 906 692 906 715 895 753 902 754 902 819 892 924 892 964 906 965 906 967 906 1037 900 1038 900 1039 900 1049 892 1080 906 1081 906 1082 906 1125 896 1146 906 1147 906 1148 907 1183 907 1183 906 1185 906 1186 906 1198 896 1209 906 1210 906 1212 906 1213 907 1245 907 1245 906 1306 891 1306 881 1306 851 1242 840 1241 840 1240 840 1238 840 1226 851 1221 855 1195 855 1191 851 1183 844 1182 844 1181 844 1179 844 1178 844 1159 851 1146 840 1144 840 1143 840 1109 840 1108 840 1107 840 1105 840 1092 851 1088 853 1076 851 1043 845 1042 845 1002 851 987 853 980 852 951 841 949 841 948 841 947 841 925 852 921 855 812 855 808 852 793 842 792 842 790 842 789 842 788 842 753 852 747 855 655 855 653 853 626 840 625 840 593 840 591 840 590 840 567 852 554 840 552 840 551 840 508 840 507 840 505 840 504 840 488 853 486 853 477 853 310 847 309 847 308 847 286 853 286 881"/></Shape>
	    <String CONTENT="remis au throſne que Hurues Capet vſurpa ſur"
                    HPOS="286"
                    VPOS="840"
                    WIDTH="1020"
                    HEIGHT="67"
                    WC="0.998524553396485"></String>
          </TextLine>
          <TextLine ID="line_11"
                    TAGREFS="LT8"
                    BASELINE="290 951 1302 951" 
                    HPOS="290"
                    VPOS="908"
                    WIDTH="1012"
                    HEIGHT="68">
            <Shape><Polygon POINTS="290 951 290 959 384 962 400 974 402 974 403 974 404 976 431 976 431 974 433 974 461 961 504 961 535 974 536 974 538 976 570 976 570 974 571 974 573 974 594 962 664 962 679 974 680 974 682 974 683 976 734 976 734 974 735 974 754 965 790 969 792 969 793 969 795 969 803 962 834 970 835 970 836 970 838 970 870 962 883 974 885 974 886 974 887 976 930 976 930 974 932 974 949 965 1049 969 1050 969 1051 969 1053 969 1062 961 1072 969 1073 969 1074 969 1076 969 1129 963 1172 974 1174 974 1175 974 1177 974 1178 974 1190 963 1302 959 1302 951 1302 923 1214 922 1194 908 1193 908 1191 908 1190 908 1139 920 1119 908 1117 908 1116 908 1072 908 1070 908 1069 908 1068 908 1051 920 1049 923 981 923 979 920 965 908 964 908 963 908 924 908 922 908 921 908 901 919 899 920 898 919 886 908 885 908 883 908 882 908 859 910 858 910 856 910 846 919 842 923 788 923 781 918 766 908 765 908 764 908 726 908 725 908 723 908 704 918 696 922 686 918 663 908 661 908 660 908 659 908 625 918 605 922 582 916 567 914 566 914 564 914 555 916 539 922 427 922 417 915 403 908 402 908 400 908 399 908 382 915 364 922 352 915 343 908 341 908 340 908 338 908 290 914 290 951"/></Shape>
	    <String CONTENT="les Roys vospredeceſſeurs. S’aſſurans bien(com¬"
                    HPOS="290"
                    VPOS="908"
                    WIDTH="1012"
                    HEIGHT="68"
                    WC="0.9881507272415972"></String>
          </TextLine>
          <TextLine ID="line_12"
                    TAGREFS="LT8"
                    BASELINE="289 1019 1302 1021" 
                    HPOS="287"
                    VPOS="980"
                    WIDTH="1015"
                    HEIGHT="60">
            <Shape><Polygon POINTS="289 1019 287 1027 349 1035 351 1035 496 1029 508 1039 509 1039 511 1039 512 1039 595 1029 603 1036 605 1036 606 1036 608 1036 609 1036 610 1036 618 1031 638 1039 640 1039 641 1040 719 1040 719 1039 760 1029 769 1037 770 1037 772 1037 773 1037 774 1037 797 1032 854 1040 855 1040 922 1032 947 1039 948 1039 949 1039 1002 1032 1011 1039 1012 1039 1014 1039 1015 1039 1073 1031 1300 1031 1302 1021 1300 993 1248 990 1237 981 1236 981 1234 981 1233 981 1125 990 1072 982 1070 982 1016 992 1014 992 1010 992 960 981 959 981 907 992 902 992 715 992 715 990 688 980 687 980 686 980 684 980 649 989 616 982 614 982 567 990 564 990 552 982 551 982 550 982 548 982 547 982 546 982 536 990 535 990 500 990 473 990 425 980 423 980 422 980 398 989 368 981 367 981 365 981 364 981 363 981 349 990 347 990 289 990 289 1019"/></Shape>
	    <String CONTENT="me ce liure porte,)que non leulement vous lair¬"
                    HPOS="287"
                    VPOS="980"
                    WIDTH="1015"
                    HEIGHT="60"
                    WC="0.9904402037884327"></String>
          </TextLine>
          <TextLine ID="line_13"
                    TAGREFS="LT8"
                    BASELINE="289 1090 1303 1090" 
                    HPOS="289"
                    VPOS="1048"
                    WIDTH="1014"
                    HEIGHT="61">
            <Shape><Polygon POINTS="289 1090 289 1097 376 1105 377 1105 379 1105 395 1098 443 1105 445 1105 540 1098 589 1107 590 1107 668 1101 766 1107 768 1107 769 1107 770 1107 784 1098 816 1106 817 1106 819 1106 873 1098 881 1105 882 1105 883 1105 885 1105 955 1098 964 1105 965 1105 967 1105 1046 1107 1047 1107 1049 1107 1078 1098 1105 1107 1107 1107 1108 1109 1156 1109 1156 1107 1202 1098 1210 1105 1212 1105 1213 1105 1285 1106 1287 1106 1288 1106 1290 1106 1303 1098 1303 1090 1302 1059 1257 1060 1252 1059 1228 1050 1226 1050 1225 1050 1224 1050 1222 1050 1210 1059 1207 1062 1203 1059 1191 1048 1190 1048 1189 1048 1150 1048 1148 1048 1147 1048 1107 1059 1096 1063 928 1063 894 1060 887 1060 866 1048 864 1048 805 1048 804 1048 803 1048 801 1048 786 1060 784 1063 727 1063 696 1062 677 1048 676 1048 675 1048 629 1048 628 1048 626 1048 593 1062 591 1063 521 1063 520 1062 511 1054 509 1054 508 1054 507 1054 505 1054 482 1059 408 1048 407 1048 406 1048 404 1048 390 1059 306 1054 305 1054 304 1054 289 1060 289 1090"/></Shape>
	    <String CONTENT="riez leurs conſciences libres: ains außi tout"
                    HPOS="289"
                    VPOS="1048"
                    WIDTH="1014"
                    HEIGHT="61"
                    WC="0.9991842601034376"></String>
          </TextLine>
          <TextLine ID="line_14"
                    TAGREFS="LT8"
                    BASELINE="289 1156 1302 1158" 
                    HPOS="287"
                    VPOS="1113"
                    WIDTH="1015"
                    HEIGHT="68">
            <Shape><Polygon POINTS="289 1156 287 1165 301 1172 302 1172 304 1172 390 1166 453 1173 454 1173 456 1173 469 1166 515 1173 516 1173 517 1173 519 1173 530 1166 585 1173 586 1173 632 1166 642 1173 644 1173 645 1173 647 1173 648 1173 649 1173 659 1166 696 1179 698 1179 699 1179 831 1168 887 1171 899 1180 901 1180 902 1180 903 1181 1035 1181 1035 1180 1037 1180 1038 1180 1049 1171 1070 1179 1072 1179 1073 1179 1074 1179 1076 1179 1093 1168 1187 1168 1202 1180 1203 1180 1205 1180 1206 1181 1246 1181 1246 1180 1300 1166 1302 1158 1299 1123 1255 1127 1246 1123 1242 1119 1241 1119 1240 1119 1238 1119 1237 1119 1229 1123 1220 1127 1206 1123 1181 1114 1179 1114 1178 1114 1112 1121 1070 1114 1069 1114 1068 1114 1066 1114 1054 1123 1051 1126 1049 1123 1037 1114 1035 1114 1034 1114 1012 1114 1011 1114 1010 1114 1008 1114 992 1123 987 1127 983 1123 971 1114 969 1114 968 1114 942 1114 941 1114 940 1114 938 1114 928 1123 922 1129 882 1129 877 1123 863 1114 862 1114 860 1114 835 1114 834 1114 832 1114 831 1114 819 1123 813 1129 797 1129 733 1126 731 1125 718 1113 716 1113 715 1113 690 1113 688 1113 687 1113 686 1113 671 1125 667 1127 591 1127 589 1125 574 1113 573 1113 571 1113 570 1113 569 1113 538 1125 536 1125 505 1113 504 1113 503 1113 501 1113 500 1113 485 1125 482 1126 289 1126 289 1156"/></Shape>
	    <String CONTENT="exercice de leur religion ſain, ſauf, &amp; libre par"
                    HPOS="287"
                    VPOS="1113"
                    WIDTH="1015"
                    HEIGHT="68"
                    WC="0.9918816332914391"></String>
          </TextLine>
          <TextLine ID="line_15"
                    TAGREFS="LT8"
                    BASELINE="287 1226 1302 1228" 
                    HPOS="286"
                    VPOS="1184"
                    WIDTH="1016"
                    HEIGHT="64">
            <Shape><Polygon POINTS="287 1226 286 1234 442 1242 443 1242 516 1236 562 1246 563 1246 633 1236 653 1243 655 1243 656 1243 754 1236 895 1244 897 1244 898 1244 917 1238 988 1247 990 1248 1113 1248 1113 1247 1115 1247 1132 1239 1142 1247 1143 1247 1144 1247 1146 1248 1189 1248 1189 1247 1190 1247 1191 1247 1202 1239 1300 1236 1302 1228 1300 1191 1264 1185 1263 1185 1261 1185 1260 1185 1252 1191 1244 1196 1195 1197 1183 1191 1182 1189 1181 1189 1179 1189 1178 1189 1177 1189 1175 1189 1174 1191 1166 1197 1155 1191 1147 1185 1146 1185 1144 1185 1100 1185 1099 1185 1097 1185 1086 1191 1076 1197 1069 1192 1062 1185 1061 1185 1060 1185 1027 1185 1026 1185 1025 1185 999 1192 976 1197 955 1192 929 1185 928 1185 926 1185 925 1185 909 1192 897 1199 805 1199 687 1196 684 1193 663 1184 661 1184 660 1184 659 1184 657 1184 647 1193 642 1197 530 1197 521 1195 484 1184 482 1184 481 1184 480 1184 478 1184 464 1195 462 1195 450 1184 449 1184 447 1184 418 1184 417 1184 415 1184 391 1195 380 1188 379 1188 377 1188 376 1188 324 1195 313 1187 312 1187 310 1187 309 1187 308 1187 287 1195 287 1226"/></Shape>
	    <String CONTENT="toute la France: Sans iamais leur fauſſer parole"
                    HPOS="286"
                    VPOS="1184"
                    WIDTH="1016"
                    HEIGHT="64"
                    WC="0.9961914618810018"></String>
          </TextLine>
          <TextLine ID="line_16"
                    TAGREFS="LT8"
                    BASELINE="285 1296 1299 1296" 
                    HPOS="285"
                    VPOS="1254"
                    WIDTH="1014"
                    HEIGHT="68">
            <Shape><Polygon POINTS="285 1296 285 1305 329 1308 344 1321 345 1321 347 1321 348 1322 372 1322 372 1321 373 1321 375 1321 395 1306 460 1306 688 1308 704 1321 706 1321 707 1321 708 1322 743 1322 743 1321 745 1321 746 1321 769 1306 790 1321 792 1321 793 1321 795 1321 938 1306 1103 1321 1104 1321 1105 1321 1107 1321 1123 1308 1160 1321 1162 1321 1163 1321 1207 1313 1252 1321 1253 1321 1255 1321 1256 1321 1277 1306 1299 1306 1299 1296 1299 1263 1261 1254 1260 1254 1259 1254 1257 1254 1256 1254 1240 1265 1237 1266 1206 1267 1201 1265 1194 1259 1193 1259 1191 1259 1190 1259 1189 1259 1187 1259 1179 1265 1175 1267 1172 1265 1159 1254 1158 1254 1156 1254 1131 1254 1129 1254 1128 1254 1101 1265 1097 1266 1090 1265 1069 1261 1068 1261 1066 1261 1065 1261 1060 1265 1055 1269 945 1269 938 1266 916 1258 914 1258 913 1258 912 1258 887 1266 881 1267 874 1266 848 1259 847 1259 846 1259 844 1259 843 1259 835 1266 834 1267 832 1266 823 1259 821 1259 820 1259 819 1259 817 1259 816 1259 808 1266 807 1267 726 1267 725 1266 710 1254 708 1254 707 1254 683 1254 682 1254 680 1254 679 1254 663 1266 661 1269 610 1269 609 1267 593 1254 591 1254 590 1254 589 1254 554 1262 544 1254 543 1254 542 1254 540 1254 539 1254 538 1254 523 1266 490 1267 478 1267 477 1267 449 1254 447 1254 380 1254 379 1254 377 1254 343 1266 329 1261 328 1261 326 1261 285 1267 285 1296"/></Shape>
	    <String CONTENT="conſiderant le mal qu’apporte auec ſoy la perfi¬"
                    HPOS="285"
                    VPOS="1254"
                    WIDTH="1014"
                    HEIGHT="68"
                    WC="0.9927991057435671"></String>
          </TextLine>
          <TextLine ID="line_17"
                    TAGREFS="LT8"
                    BASELINE="285 1365 1298 1363" 
                    HPOS="283"
                    VPOS="1322"
                    WIDTH="1015"
                    HEIGHT="69">
            <Shape><Polygon POINTS="285 1365 285 1375 341 1375 343 1375 364 1386 365 1386 367 1386 368 1386 403 1375 406 1375 524 1375 527 1375 597 1391 598 1391 599 1391 601 1391 620 1376 642 1375 647 1375 648 1375 729 1391 730 1391 731 1391 777 1375 823 1390 824 1390 825 1391 858 1391 858 1390 859 1390 860 1390 882 1374 887 1374 976 1390 977 1390 979 1390 1004 1376 1062 1382 1064 1382 1065 1382 1066 1382 1076 1374 1092 1383 1093 1383 1094 1383 1096 1383 1097 1383 1107 1375 1115 1382 1116 1382 1117 1382 1119 1382 1166 1378 1183 1390 1185 1390 1186 1390 1187 1391 1251 1391 1251 1390 1252 1390 1253 1390 1277 1374 1296 1374 1298 1363 1296 1333 1283 1322 1281 1322 1280 1322 1234 1322 1233 1322 1232 1322 1199 1336 1197 1336 1193 1336 1133 1324 1132 1324 1131 1324 1129 1324 1115 1336 1113 1337 1082 1337 1081 1336 1072 1328 1070 1328 1069 1328 1068 1328 1066 1328 1065 1328 1057 1336 955 1336 928 1326 926 1326 925 1326 924 1326 895 1336 855 1326 854 1326 852 1326 835 1336 817 1322 816 1322 815 1322 792 1322 790 1322 789 1322 762 1337 656 1337 638 1324 637 1324 636 1324 599 1324 598 1324 597 1324 595 1324 574 1337 447 1329 446 1329 373 1337 353 1324 352 1324 351 1324 310 1324 309 1324 308 1324 306 1324 283 1336 285 1365"/></Shape>
	    <String CONTENT="die, à ceux meſmes qui la pratiquent. Monſei¬"
                    HPOS="283"
                    VPOS="1322"
                    WIDTH="1015"
                    HEIGHT="69"
                    WC="0.9847253910873247"></String>
          </TextLine>
          <TextLine ID="line_18"
                    TAGREFS="LT8"
                    BASELINE="287 1433 1294 1435" 
                    HPOS="286"
                    VPOS="1392"
                    WIDTH="1008"
                    HEIGHT="64">
            <Shape><Polygon POINTS="287 1433 286 1453 321 1454 322 1454 324 1454 326 1453 349 1443 457 1452 496 1454 497 1454 499 1454 509 1452 538 1442 652 1442 722 1449 790 1456 792 1456 828 1447 847 1443 854 1447 858 1450 859 1450 860 1450 862 1450 863 1450 870 1447 878 1443 906 1446 934 1450 936 1450 965 1446 986 1443 995 1446 1015 1452 1016 1452 1018 1452 1099 1446 1158 1456 1159 1456 1160 1456 1185 1443 1186 1443 1194 1443 1260 1450 1261 1450 1263 1450 1292 1442 1294 1435 1292 1407 1230 1407 1230 1406 1203 1394 1202 1394 1201 1394 1140 1406 1139 1406 1120 1396 1119 1396 1117 1396 1072 1406 1069 1406 1066 1406 1006 1396 1004 1396 1003 1396 969 1406 968 1406 967 1406 948 1394 947 1394 945 1394 874 1394 873 1394 871 1394 870 1394 855 1406 854 1406 714 1406 712 1404 660 1392 630 1392 629 1392 628 1392 626 1392 612 1404 602 1404 552 1403 540 1392 539 1392 538 1392 495 1392 493 1392 492 1392 461 1404 460 1404 287 1404 287 1433"/></Shape>
	    <String CONTENT="gneur, ie ſerois d’auis, que s’il ne tenoit qu’à ce¬"
                    HPOS="286"
                    VPOS="1392"
                    WIDTH="1008"
                    HEIGHT="64"
                    WC="0.9837359741048993"></String>
          </TextLine>
          <TextLine ID="line_19"
                    TAGREFS="LT8"
                    BASELINE="285 1501 1298 1504" 
                    HPOS="283"
                    VPOS="1457"
                    WIDTH="1015"
                    HEIGHT="67">
            <Shape><Polygon POINTS="285 1501 283 1509 343 1521 344 1521 536 1512 647 1521 648 1521 649 1521 680 1512 786 1512 795 1519 796 1519 797 1519 799 1519 866 1516 883 1523 885 1523 886 1524 930 1524 930 1523 932 1523 952 1513 991 1520 992 1520 1093 1513 1140 1523 1142 1523 1195 1516 1221 1523 1222 1523 1224 1523 1225 1523 1226 1523 1240 1513 1296 1513 1298 1504 1295 1466 1230 1474 1220 1466 1210 1458 1209 1458 1207 1458 1206 1458 1164 1466 1156 1468 1150 1466 1121 1458 1120 1458 1119 1458 1117 1458 1116 1458 1105 1466 1094 1474 1049 1466 1034 1465 1033 1465 1031 1465 1030 1465 1029 1468 1019 1474 890 1474 860 1474 852 1468 839 1458 838 1458 836 1458 799 1458 797 1458 796 1458 795 1458 782 1468 769 1457 768 1457 766 1457 718 1457 716 1457 715 1457 692 1469 677 1457 676 1457 675 1457 673 1457 636 1464 594 1457 593 1457 591 1457 590 1457 575 1469 570 1474 437 1474 429 1470 402 1458 400 1458 399 1458 398 1458 396 1458 382 1470 377 1474 344 1474 340 1470 324 1457 322 1457 321 1457 302 1457 301 1457 299 1457 298 1457 285 1466 285 1501"/></Shape>
	    <String CONTENT="la, (comme il ſemble bien qu’autre choſe, ne"
                    HPOS="283"
                    VPOS="1457"
                    WIDTH="1015"
                    HEIGHT="67"
                    WC="0.9978596283630892"></String>
          </TextLine>
          <TextLine ID="line_20"
                    TAGREFS="LT8"
                    BASELINE="285 1570 1296 1573" 
                    HPOS="283"
                    VPOS="1528"
                    WIDTH="1013"
                    HEIGHT="67">
            <Shape><Polygon POINTS="285 1570 283 1578 373 1583 383 1593 384 1593 386 1593 387 1594 426 1594 426 1593 427 1593 450 1581 482 1589 484 1589 485 1589 535 1581 555 1593 556 1593 558 1593 559 1593 560 1593 585 1581 663 1587 664 1587 665 1587 667 1587 677 1581 754 1581 808 1583 823 1594 824 1594 825 1594 827 1595 887 1595 887 1594 889 1594 890 1594 910 1582 963 1589 964 1589 965 1589 979 1582 992 1593 994 1593 995 1593 996 1593 998 1593 1018 1586 1037 1594 1038 1594 1039 1595 1105 1595 1105 1594 1107 1594 1133 1583 1193 1594 1194 1594 1195 1594 1221 1582 1279 1590 1280 1590 1281 1590 1283 1590 1295 1581 1296 1573 1294 1538 1251 1540 1238 1538 1222 1532 1221 1532 1220 1532 1218 1532 1217 1532 1212 1538 1205 1543 1166 1543 1156 1538 1144 1529 1143 1529 1142 1529 1073 1529 1072 1529 1070 1529 1051 1538 1041 1543 866 1543 855 1538 832 1529 831 1529 829 1529 828 1529 811 1538 805 1542 800 1538 785 1528 784 1528 782 1528 738 1528 737 1528 735 1528 734 1528 718 1539 712 1542 690 1542 676 1539 618 1528 617 1528 616 1528 614 1528 601 1539 598 1542 570 1542 567 1539 555 1528 554 1528 552 1528 527 1528 525 1528 524 1528 523 1528 509 1539 508 1540 507 1539 496 1534 495 1534 493 1534 492 1534 476 1539 470 1540 461 1539 422 1534 421 1534 419 1534 418 1534 408 1539 406 1540 285 1540 285 1570"/></Shape>
	    <String CONTENT="vous peut deirober ce bien) que vous fißsiez, tout"
                    HPOS="283"
                    VPOS="1528"
                    WIDTH="1013"
                    HEIGHT="67"
                    WC="0.9850751674175262"></String>
          </TextLine>
          <TextLine ID="line_21"
                    TAGREFS="LT8"
                    BASELINE="282 1641 1295 1638" 
                    HPOS="281"
                    VPOS="1597"
                    WIDTH="1014"
                    HEIGHT="67">
            <Shape><Polygon POINTS="282 1641 282 1664 357 1649 411 1649 422 1657 423 1657 425 1657 426 1657 484 1649 500 1661 501 1663 503 1663 504 1663 505 1664 551 1664 551 1663 552 1663 559 1660 574 1653 587 1659 595 1663 597 1663 598 1663 599 1663 610 1659 632 1652 668 1657 698 1663 699 1663 700 1663 702 1663 711 1657 725 1649 755 1656 757 1656 758 1656 760 1656 789 1648 812 1655 813 1655 815 1655 816 1655 829 1648 839 1655 840 1655 842 1655 843 1655 850 1655 913 1650 929 1653 967 1661 968 1661 969 1661 971 1661 981 1653 1039 1655 1041 1655 1042 1655 1043 1655 1047 1652 1051 1648 1064 1650 1093 1659 1094 1659 1096 1659 1097 1659 1125 1650 1132 1648 1135 1649 1151 1661 1152 1661 1154 1661 1155 1663 1191 1663 1191 1661 1193 1661 1194 1661 1210 1648 1212 1648 1214 1648 1242 1657 1244 1657 1245 1657 1294 1646 1295 1638 1291 1610 1246 1610 1245 1610 1221 1597 1220 1597 1194 1597 1193 1597 1191 1597 1166 1610 1164 1611 1058 1611 1057 1610 1047 1602 1046 1602 1045 1602 1043 1602 987 1610 986 1610 983 1610 905 1597 903 1597 902 1597 901 1597 887 1609 840 1610 803 1610 789 1598 788 1598 786 1598 729 1598 727 1598 726 1598 700 1611 649 1611 609 1611 593 1598 591 1598 590 1598 554 1598 552 1598 551 1598 550 1598 536 1610 492 1611 476 1598 474 1598 473 1598 431 1598 430 1598 429 1598 427 1598 411 1613 326 1613 308 1599 306 1599 305 1599 304 1599 302 1599 281 1609 282 1641"/></Shape>
	    <String CONTENT="paix &amp;-ayſé, ce qu’ils voudroyent en ceſt en¬"
                    HPOS="281"
                    VPOS="1597"
                    WIDTH="1014"
                    HEIGHT="67"
                    WC="0.9892962769321774"></String>
          </TextLine>
          <TextLine ID="line_22"
                    TAGREFS="LT8"
                    BASELINE="279 1708 1294 1711" 
                    HPOS="278"
                    VPOS="1664"
                    WIDTH="1016"
                    HEIGHT="67">
            <Shape><Polygon POINTS="279 1708 278 1715 321 1724 322 1724 324 1724 325 1724 333 1718 341 1724 343 1724 344 1724 345 1724 391 1719 403 1728 404 1728 406 1728 407 1728 408 1728 430 1719 445 1728 446 1728 447 1728 449 1728 450 1728 472 1718 486 1728 488 1728 489 1728 490 1730 530 1730 530 1728 531 1728 532 1728 548 1718 731 1718 805 1730 807 1731 882 1731 882 1730 883 1730 885 1730 891 1723 909 1730 910 1730 912 1730 913 1730 914 1730 928 1719 947 1728 948 1728 949 1728 951 1728 971 1719 1020 1719 1030 1726 1031 1726 1033 1726 1034 1726 1135 1720 1148 1730 1150 1730 1151 1730 1152 1731 1197 1731 1197 1730 1198 1730 1199 1730 1213 1719 1292 1719 1294 1711 1294 1677 1268 1665 1267 1665 1241 1665 1240 1665 1238 1665 1237 1665 1221 1679 1209 1673 1207 1673 1206 1673 1123 1679 1096 1680 1066 1679 1053 1679 1033 1665 1031 1665 1030 1665 1029 1665 991 1672 952 1665 951 1665 949 1665 948 1665 932 1679 929 1681 899 1681 897 1679 874 1665 873 1665 871 1665 844 1665 843 1665 842 1665 840 1665 823 1679 821 1681 788 1681 781 1679 712 1664 711 1664 710 1664 708 1664 691 1679 679 1669 677 1669 676 1669 675 1669 616 1679 519 1671 517 1671 516 1671 496 1679 451 1671 450 1671 449 1671 447 1671 437 1680 407 1680 394 1671 392 1671 391 1671 390 1671 388 1671 363 1679 313 1664 312 1664 310 1664 309 1664 279 1677 279 1708"/></Shape>
	    <String CONTENT="droit, &amp; prenant d’eux foy, &amp; hommage des"
                    HPOS="278"
                    VPOS="1664"
                    WIDTH="1016"
                    HEIGHT="67"
                    WC="0.9990449809446568"></String>
          </TextLine>
          <TextLine ID="line_23"
                    TAGREFS="LT8"
                    BASELINE="278 1780 1294 1777" 
                    HPOS="277"
                    VPOS="1732"
                    WIDTH="1017"
                    HEIGHT="66">
            <Shape><Polygon POINTS="278 1780 278 1788 320 1789 330 1798 332 1798 333 1798 334 1798 387 1790 398 1798 399 1798 400 1798 402 1798 403 1798 404 1798 418 1790 434 1796 435 1796 437 1796 438 1796 439 1796 451 1788 453 1788 482 1788 586 1789 597 1798 598 1798 599 1798 601 1798 602 1798 628 1789 680 1796 682 1796 683 1796 684 1796 694 1788 764 1788 777 1794 778 1794 780 1794 781 1794 782 1794 790 1788 796 1793 797 1793 799 1793 800 1793 842 1786 846 1786 848 1786 891 1793 893 1793 894 1793 895 1793 906 1786 909 1786 1010 1797 1011 1797 1012 1797 1014 1797 1030 1786 1039 1794 1041 1794 1042 1794 1043 1794 1045 1794 1058 1788 1065 1794 1066 1794 1068 1794 1069 1794 1131 1789 1140 1796 1142 1796 1143 1796 1272 1797 1273 1797 1275 1797 1276 1797 1294 1785 1294 1777 1290 1732 1217 1734 1216 1734 1190 1747 1171 1734 1170 1734 1168 1734 1167 1734 1166 1734 1164 1734 1125 1747 902 1746 883 1739 873 1735 871 1735 870 1735 868 1735 867 1735 863 1739 851 1749 821 1749 803 1741 785 1734 784 1734 782 1734 781 1734 764 1741 743 1749 547 1749 542 1745 530 1735 528 1735 527 1735 474 1735 473 1735 472 1735 445 1745 433 1739 431 1739 430 1739 429 1739 427 1739 418 1747 414 1750 382 1750 379 1747 367 1739 365 1739 364 1739 363 1739 277 1749 278 1780"/></Shape>
	    <String CONTENT="cerps, &amp; biens, comme bon Prince, vous laiſſaſ¬"
                    HPOS="277"
                    VPOS="1732"
                    WIDTH="1017"
                    HEIGHT="66"
                    WC="0.9965591456027741"></String>
          </TextLine>
          <TextLine ID="line_24"
                    TAGREFS="LT8"
                    BASELINE="277 1848 1292 1845" 
                    HPOS="275"
                    VPOS="1800"
                    WIDTH="1017"
                    HEIGHT="67">
            <Shape><Polygon POINTS="277 1848 278 1867 312 1856 373 1856 383 1864 384 1864 386 1864 387 1864 388 1864 417 1856 532 1856 578 1863 595 1866 597 1866 617 1863 655 1858 718 1862 782 1866 784 1866 785 1866 796 1860 807 1855 977 1856 980 1858 994 1864 995 1864 996 1864 1099 1863 1100 1863 1101 1863 1111 1856 1120 1864 1121 1864 1123 1864 1124 1866 1178 1866 1178 1864 1225 1855 1226 1855 1229 1855 1260 1862 1261 1862 1263 1862 1292 1853 1292 1845 1291 1813 1272 1800 1271 1800 1269 1800 1268 1800 1267 1800 1214 1815 1214 1816 1163 1816 1147 1816 1138 1808 1136 1808 1135 1808 1133 1808 1132 1808 1131 1808 1123 1816 1049 1816 1019 1800 1018 1800 990 1800 988 1800 987 1800 986 1800 971 1812 941 1802 940 1802 938 1802 937 1802 936 1802 921 1816 887 1816 858 1800 856 1800 855 1800 854 1800 825 1808 789 1800 788 1800 786 1800 785 1800 766 1816 766 1817 683 1817 683 1816 663 1801 661 1801 660 1801 659 1801 535 1816 488 1815 472 1801 470 1801 469 1801 398 1801 396 1801 395 1801 361 1816 302 1801 301 1801 299 1801 298 1801 297 1801 275 1813 277 1848"/></Shape>
	    <String CONTENT="ſiez &amp; leur conſcience, &amp; leur Religion toute li¬"
                    HPOS="275"
                    VPOS="1800"
                    WIDTH="1017"
                    HEIGHT="67"
                    WC="0.9891136531927147"></String>
          </TextLine>
          <TextLine ID="line_25"
                    TAGREFS="LT8"
                    BASELINE="274 1915 1294 1913" 
                    HPOS="273"
                    VPOS="1871"
                    WIDTH="1021"
                    HEIGHT="65">
            <Shape><Polygon POINTS="274 1915 274 1925 328 1925 352 1936 353 1936 355 1936 356 1936 384 1925 595 1936 597 1936 598 1936 629 1926 691 1933 692 1933 694 1933 695 1933 706 1925 718 1931 719 1931 721 1931 766 1925 778 1933 780 1933 781 1933 782 1933 784 1933 815 1925 895 1931 897 1931 898 1931 918 1923 1014 1934 1015 1934 1016 1934 1054 1923 1080 1933 1081 1933 1082 1933 1084 1933 1085 1933 1094 1926 1103 1933 1104 1933 1105 1933 1107 1933 1168 1926 1182 1933 1183 1933 1185 1933 1294 1921 1294 1913 1290 1886 981 1886 976 1884 945 1871 944 1871 942 1871 941 1871 917 1884 913 1886 827 1886 824 1884 808 1872 807 1872 805 1872 804 1872 803 1872 774 1880 737 1872 735 1872 734 1872 733 1872 719 1883 714 1887 642 1886 640 1883 628 1872 626 1872 625 1872 624 1872 622 1872 585 1882 563 1872 562 1872 495 1872 493 1872 492 1872 490 1872 477 1883 476 1883 462 1872 461 1872 460 1872 458 1872 398 1883 371 1887 355 1883 322 1872 321 1872 283 1872 282 1872 281 1872 279 1872 273 1876 274 1915"/></Shape>
	    <String CONTENT="bre, en la diſpoſition de Dieu. Ce qui vous inci¬"
                    HPOS="273"
                    VPOS="1871"
                    WIDTH="1021"
                    HEIGHT="65"
                    WC="0.9869225548238171"></String>
          </TextLine>
          <TextLine ID="line_26"
                    TAGREFS="LT8"
                    BASELINE="275 1983 1292 1985" 
                    HPOS="274"
                    VPOS="1941"
                    WIDTH="1018"
                    HEIGHT="63">
            <Shape><Polygon POINTS="275 1983 274 1993 481 2003 482 2003 782 1996 825 2004 827 2004 878 1997 1104 1997 1119 2004 1120 2004 1121 2004 1291 1996 1292 1985 1290 1953 1263 1953 1260 1953 1246 1944 1245 1944 1244 1944 1242 1944 1241 1944 1207 1953 1203 1953 1201 1953 1175 1942 1174 1942 1172 1942 1171 1942 1170 1942 1158 1953 1155 1956 1119 1956 1115 1953 1108 1946 1107 1946 1105 1946 1104 1946 1073 1952 1061 1942 1060 1942 1058 1942 996 1942 995 1942 994 1942 992 1942 984 1949 976 1942 975 1942 973 1942 934 1942 933 1942 932 1942 930 1942 916 1953 914 1953 905 1946 903 1946 902 1946 901 1946 899 1946 898 1946 891 1953 887 1956 813 1956 805 1953 764 1941 762 1941 761 1941 760 1941 758 1941 745 1953 743 1954 622 1954 614 1953 524 1941 523 1941 521 1941 495 1953 493 1953 478 1941 477 1941 476 1941 453 1941 451 1941 450 1941 427 1953 426 1953 412 1953 297 1945 295 1945 294 1945 275 1952 275 1983"/></Shape>
	    <String CONTENT="teroit à les faire iouir d’vne telle liberté, (outre"
                    HPOS="274"
                    VPOS="1941"
                    WIDTH="1018"
                    HEIGHT="63"
                    WC="0.9852879201924359"></String>
          </TextLine>
        </TextBlock>
        <TextBlock HPOS="1203.0"
                   VPOS="2023.0"
                   WIDTH="90.0"
                   HEIGHT="60.0"
                   ID="block_0"
                   TAGREFS="BT17">
          <Shape><Polygon POINTS="1293 2023 1293 2083 1203 2083 1203 2023"/></Shape>
          <TextLine ID="line_27"
                    TAGREFS="LT8"
                    BASELINE="1195 2054 1288 2054" 
                    HPOS="1195"
                    VPOS="2018"
                    WIDTH="93"
                    HEIGHT="67">
            <Shape><Polygon POINTS="1195 2054 1195 2075 1202 2082 1202 2083 1203 2083 1205 2083 1206 2085 1229 2085 1229 2083 1230 2083 1232 2083 1232 2082 1246 2069 1246 2067 1288 2065 1288 2054 1288 2023 1233 2018 1232 2018 1230 2018 1195 2027 1195 2054"/></Shape>
	    <String CONTENT="que"
                    HPOS="1195"
                    VPOS="2018"
                    WIDTH="93"
                    HEIGHT="67"
                    WC="0.9998146494229635"></String>
          </TextLine>
        </TextBlock>
        <TextBlock HPOS="526.0"
                   VPOS="2312.0"
                   WIDTH="324.0"
                   HEIGHT="53.0"
                   ID="eSc_textblock_8e3330d9"
                   TAGREFS="BT9">
          <Shape><Polygon POINTS="526 2312 526 2365 850 2365 850 2312"/></Shape>
        </TextBlock>
      </PrintSpace>
    </Page>
  </Layout>
</alto>
