1424 2394
138 183 1018 80 trepriſe, n’eſtoit que ie m’aſſeure, que monſei¬

141 258 1015 65 gneur le Reuerendißime voſtre Oncle, vous les

142 328 1017 67 ſcaura trop mieux tracer au vif, & außi, que

141 393 1015 68 i’eſpere auoir bien toſt l’honneur de vous pou¬

142 461 1018 64 uoir aller baiſer les mains, & de vous dire à bou

142 534 1018 67 che, ce que le papier ne peut que mal ſeurement

147 603 1012 67 porter. Cependant, ie vous ſupplie treshumble

145 670 1011 64 ment de vous reſcudre, à vn acte ſi genereux,

146 736 1013 72 & magnanime, & de vous y diſpoſer au plus

146 805 1015 71 toſt qu’il ſera poßible. Si vous ne le faictes bien

146 881 1015 61 toſt, croyez mon;eigneur, ie me doute, que vous

147 946 1017 67 n’y viendrez que trop tard: les Nobles, auecques

149 1017 1016 64 le Peuple, pourront bien vouloir recouurer par

149 1079 1018 71 eux meſmes, leur liberté perdue, & ſecouant le

147 1150 1018 69 ioug de Tyrannie, eſlire vn Roy ſubiet aux loix,

149 1220 1019 70 come iadis firent les noſtres, tout ainſi que font

150 1290 1018 69 les Polaques. Ce ſeroit alors à briguer, ce que

151 1359 1016 72 l’occaſion preſente (ſi vous la ſcauez empoigner)

155 1431 1014 62 vous met come deſſus la teſte. Souuiene vous

155 1497 1013 69 qu’elle eſt chauue derriere: A tant ie ſupplieray

158 1569 142 58 Dieu,

219 1630 954 76 Monſeigneur, qu’il luy plaiſe vous toucher

157 1702 1018 68 le cœur de ſorte, qu’en ſuyuant mon auis, & can

158 1768 1018 74 ſeil, vous ayez à bon eſcient pitié, & compaßion

159 1840 1016 68 de voſtre Patrie, que les Tyrans, les femmes, les

163 1907 1012 72 Italiens, les gabelliers, les Ruffiens, & maque¬

162 1983 1014 66 reaux, vont rongeant iuſques aux os: & qu’il
