1463 2409
258 64 92 75 148

274 140 1009 72 18 Que tous leſdicts cheſs & lieutenans ſoy¬

262 208 1031 63 ent gens qui ayent (tant que faire ſe pourra) la

261 260 1029 69 crainte de Dieu, ſon honneur,ſa gloire, & ſon E¬

263 323 1032 62 gliſe, en ſouueraine recommandation: Et auec la

270 384 1017 63 prudence, ſoyent accompagnez de quatre choſes,

265 440 1021 61 que lon ſcait deuoir eſtre en vn grand capitaine,

265 497 1029 63 ſcauoir eſt, de ſcience militaire, de magnanimité

265 556 1030 64 & hardieſſe, de reputation & creance, & de pre¬

265 615 540 62 ſperité en ſes entrepriſes.

516 80 552 52 DIALOGVE I.

331 673 968 55 10 Que les conſeillers des cheſs des villes dt

269 734 1029 62 de la campagne, outre la cognoiſſance de l'art de

269 790 1028 65 la guerre, & de la police, ſoyẽt de ceux que lethro

267 848 1031 64 beau-pere de Moyſe luy conſe illoit d’auoir pour

269 916 1028 54 ſoulagement, hommes vertueux, qui craignent

267 968 1028 62 Dieu, hommes veritables, qui ayent en haine l’a¬

269 1034 172 46 ua rice.

317 1082 978 68 20 Qu’ils prennent garde à ce que dit leſage:

269 1142 1026 65 Que la re pentance ſuit de pres le conſeil leger, &

269 1201 1029 62 que la plus part des fautes en la guerre & en l’e¬

269 1259 1026 63 ſtat, ne ſe peuuent faire qu’vne fois: Partant qu’ils

269 1315 1028 63 n’oublient ſe garder d’en faire, & n’oublient à re¬

269 1378 1026 64 medier à tout ce que par conſeil ſe pourrà reme¬

1180 1452 114 37 .1

267 1438 376 60 dier & pouruoir.

277 1489 1017 68 . 21 Que ſur les deniers & threſor publieque

267 1551 1034 67 (quoy qu’il ne doyue eſtre en ceſt affaire de reli¬

267 1611 1028 61 gion & neceſsité commune à ſe conſeruc, appel¬

266 1670 1031 63 lé le nerf de la guerre) ſoyent commis pur le ſdits

266 1729 1039 60 chefs & conſeils chacun endroit ſoy, en chacune:

266 1789 1033 61 cité, gens de bien & ſans fraude, tant pour rece¬

266 1850 1035 58 uoir que pour deliurer, & autres pour contrerol¬

263 1908 1034 51 ler: & ſur tous eux, vn receueur & vn contrerol¬

263 1986 1036 41 Icurgeueruijentannag nrouro dlls amſeroene ane dan

1123 2027 161 62 & gens
