1442 2450
291 98 41 61 o

270 164 1026 66 mier, & monta ſur le ſecond, puis ſe mit au grand

276 230 178 65 galop.

482 250 89 22 . . ..

333 281 966 57 Le Roy entendant la bleſſeure de l’Amiral¬

262 347 1037 57 quitta le ieu, où il eſtoit encores iouant auec le

269 404 1030 58 duc de Guyſe: ietta la raquette par terre, & auec

273 460 1028 54 vn viſage triſte & abbatu, ſe retira en ſa chambre:

273 517 1027 66 le duc de Guyſe ſortit auſsi peu apres le Roy, du

273 585 307 56 ieu de paume.

528 89 554 68 DIALOGVE I.

332 634 965 58 La chambriere du logis interrogee, reſpondit,

272 692 1031 66 que le ſeigneur de Chailly (qui eſt maiſtre d’ho¬

269 749 1035 62 ſtel du Roy, & ſuperintendant des affaires du duc

269 815 1035 60 de Guyſe) le iour auparauant auoit mené l’arque

268 871 1040 60 bouzier dans le logis, & l’auoit affectueuſemẽt re

269 929 515 56 commandé à l’hoſteſſe.

333 989 970 64 Le laquais interrogué, reſpond, que ce iour-la,

270 1045 1030 64 bien matin, ſon maiſtre l’auoit enuoyé à Chailly,

277 1109 1028 60 pour le prier de faire en ſorte, que l’eſcuyer du

272 1165 1033 64 duc de Guyſe, tint les cheuaux qu’il luy auoit pro¬

268 1225 1039 62 mis tous preſts: Quant au nom de ſon maiſtre, il

275 1286 1034 61 n’y auoit pas long temps qu’il eſtoit à luy, & ne l’a

276 1344 1033 63 uoit ouy appeller que Bolland, l'vn des ſoldats de

273 1401 1036 62 la garde du Roy: mais à la verité dire, c’eſtoit

270 1460 1037 65 Mont-reuel de Brie, celuy qui aux guerres paſſees

272 1520 768 60 tua en trahiſon le ſeigneur de Mouy.

325 1576 980 62 Le roy de Nauarre, le prince de Cõdé, le com

262 1634 1045 61 te de la Roche-foucaut, & pluſieurs autres Sei¬

270 1695 1029 66 gneurs, Barons, & gentils-hommes Huguenots,

272 1751 1037 57 aduertis de la bleſſeure, vindrent incontinent vi¬

269 1811 1043 61 ſiter l’Amiral : il y vint auſsi pluſieurs autres ſei¬

272 1874 1036 60 gneurs, & gentils-hommes Catholiques, amis de

269 1931 1038 63 I’Amiral, tous biẽ fort marris de ce qui luy eſtoir

266 1999 160 52 auenu.

1199 2047 105 61 Les
