1430 2424
183 129 981 68 Les playes penſees par les plus experts chyrur

138 191 1027 63 giens, le roy de Nauarre, & le prince de Condé al

133 247 1035 65 lerẽt trouuer le Roy, auquel ils firent leurs plain¬

134 307 1033 61 tes ſelon le merite du faict : remonſtrans qu’il ne

132 364 1033 68 faiſoit pas ſeur dans Paris pour eux, & le ſuppliãs

133 425 1031 62 tres humblemẽt de leur donner congé d’en ſortir,

136 483 492 55 & de ſe retirer ailleurs.

339 68 565 53 DIALOGVE I.

191 540 977 64 Le Roy ſe complaignant auſsi à eux du deſa¬

130 599 1035 66 ſtre auenu, & les conſolant, iura & promit de fai¬

132 658 1035 63 re du coulpable, des conſentans & fauteurs ſi me¬

134 728 1034 54 morable iuſtice, que l’Amiral & ſes amis auroyẽt

134 779 1034 62 dequoy ſe contenter: cependant il les prie de ne

136 834 1029 68 bouger de la cour, & qu’ils luy en laiſſent la puni¬

137 898 1032 62 tion & vengeance, & s’aſſeurent qu’il y pouruoira

137 950 224 58 bien toſt.

165 1008 1004 61 La Royne mere qui là auſsi eſtoit, monſtroit

137 1070 1031 63 d'eſtre bien fort marrie du cas aduenu: Que c’e¬

138 1129 1030 68 ſtoir vn grand outrage fait au Roy, qu’à le ſuppor

138 1187 1031 60 ter auiourd’huy, demain on prendroit la hardieſ¬

137 1247 1032 60 ſe d’en faire autant dans le Louure, vne autre fois

138 1302 1033 60 dans ſon lict, & l’autre dedans ſon ſein, & entre ſes

138 1365 1029 62 bras. Par ceſt artifice, le roy de Nauarre, le prin¬

138 1423 1031 65 ce de Condé, les autres ſeigneurs & gentils hom¬

141 1485 1027 59 mes François Huguenots, furent arreſtez dans Pa

138 1537 1033 68 ris. Mais pource qu’il ſembla bon à aucuns d’en¬

141 1598 1028 58 tr’eux, de faire conduire l’Amiral en ſa maiſon de

144 1655 1027 60 Chaſtillon ſur Loin, diſtant deux iournees de Pa¬

140 1715 1031 67 ris: le Roy pour empeſcher ce deſſein, luy offrit

142 1776 1030 64 chãbre dãs le Louure pour s’y retirer: Que s’il ne

146 1838 1026 63 pouuoit pour la douleur des playes remuer de lo

148 1894 1027 64 gis, il luy enuoyeroit vne cõpagnie des ſoldats de

145 1952 1031 69 ſa garde, pour la ſeureté de ſa perſonne & de ſou

152 2010 139 75 logis.

1104 62 77 57 52

885 2010 124 59 D.ii.
