1415 2435
113 171 1014 79 ſtent, ne pouuas penetrer plus loin.

115 255 1014 77 Car poſé le cas que vous eſtane de¬

112 343 1020 69 ſtituez de Roy, ne pouuans viure

115 420 1021 80 ſimplement ſous la loy & ſous ſon

113 504 1023 74 ame la raiſon, ne voulans auſſi

111 593 1022 63 vous commettre à la conduite de

113 676 1017 73 quelcun d’entre vous, les François

116 758 1017 76 vous ayet fourny d’vn Roy de leur

111 837 1030 73 nation (ſi toutesfois il eſt fils de

109 922 1023 74 François:car de ſa mere vous ſcauez

112 1005 1024 81 qu’elle eſt & ſera Florentine) & que

112 1095 1017 75 pour vous auoir nourry & fourny

116 1176 1021 76 vn Roy ils vous puiſſent auoir obli

111 1262 1014 78 gé à eux en quelque maniere & fa¬

109 1343 1025 74 çon: comme il eſt treſraiſonnable

104 1424 1030 73 qu’on le ſoit à la nation & à la mai¬

105 1509 1029 76 ſon qui les donne: Vous ne le ſerez

108 1601 1029 66 iamais tant aux François, comme

111 1674 1026 76 les vieux Iſraelites à la maiſon de

104 1758 1032 77 Iſai pour Dauid, Salomon, Ioſias &

109 1842 1024 80 ſemblables autres bons Roys qu’ils

109 1935 1025 72 ont receu de ce bon tige, ou comme

456 87 328 57 EPISTRE.
