1434 2404
120 156 1018 67 religion, pour meilleure preuue de ſa bonne vo¬

118 215 1021 64 lonté enuers l’Eſpagne, au detriment de la Fran¬

117 275 726 66 ce, ce que la Royne ſit volontiers.

327 96 571 49 DIALOGVE I.

117 332 1022 57 Le po. C’eſtoit bien loin de reſtablir le royaume

117 414 1024 40 en ton eutier, que d’aboin les plus ancienes loixz

117 454 1025 53 elle eſtoit bien loin de chauſſer la botinę de The¬

117 512 1025 54 ramenes, comme nous cõſeillions, quand elle vou

117 568 1026 58 loit ruiner la moitié du royaume qu’elle diſoit mal

116 629 1025 54 ſaine, au heu de conſeruer les deux, comme en vn

117 686 1025 63 corps demi paralitique ona accouſtumé d’vſer:

116 743 1026 62 He Dieu que la maiſon eſt malheureuſe, quand la

121 802 1017 62 poule y chãte plus haut que le coq! Mais s’il vous

120 858 1021 71 plaiſt, que l’Hiſtoriographe pourſuyue, afin que

114 921 709 55 ie me taiſe des maux ſans remede.

112 977 1030 63 L’hiſt. Ie le veux bien. Apres ce pourparler fait à

110 1035 1032 66 Bayonne, les Huguenots ſe plaignoyent en beau¬

113 1097 1028 55 coup d’endroits du royaume, des maux, des torta

110 1152 1029 64 & iniuſtices qu’on leur faiſoit, de quelques reſtri¬

110 1210 1031 65 ctions de l’Edict de pacification, & de pluſieurs

112 1298 1029 28 xontradendons à là volone du Roy taites lours

112 1328 1029 63 nellement à leur deſauantage, depuis la pacifica¬

112 1388 1026 62 tion iuſques alors, durãt le temps de cinq annees.

112 1447 1023 62 Et cepẽdant la Royne mere ſous le nom du Roy,

113 1505 1028 61 nyant ſoudoyé, fait entrer en Frãce, & venir droit

114 1561 1024 63 à la cour ſix mille Suyſſes, auec l’aide de ſes parti¬

113 1625 1026 60 tans & autres peu paiſibles François, rompit ou¬

112 1680 1025 64 uertement l’Edict de paix,ſur l’heure que le prin¬

113 1740 1028 63 ce de Condé s’eſtoit accompagné pour aller

118 1797 1027 63 trouuer le Roy à Meaux, & luy faïre ſes plain¬

116 1859 1025 60 ctes & doleances, tant pour luy que les autres

114 1917 1028 58 Huguenots, & nommeement ſur ceſte entree

109 1972 1032 70 d’eſtrangers auſques au milieu du Royaume, &

1083 112 39 40 15

840 2027 107 79 B.ii.
