1447 2433
152 139 1040 63 bileté de main: Que s’ils y veulent aller à force

151 212 1037 54 ouuerte (mais qu’il n’en deſplaiſe au Roy) meſ¬

152 259 1033 61 ſieurs de Lorraine mettront deux fois plus de gẽs

151 323 1041 59 en campagne, qu’il n’y en ſcauroit mettre. Ils ont

155 378 1033 63 plus d’amis, & plus de villes partizanes qu’il n’a¬

151 441 1032 60 Et tenez-vous pour tous aſſeurez, qu’à tout eue¬

151 500 1029 54 nement, ſi la couronne de France s’en va perdre,

151 555 1034 61 ou changer de maiſtre, is l’aimeront mieux ſur

150 612 1037 65 leur teſte, que ſur celle d’vn Prince eſtrãger. Pour

151 673 1039 63 ma part, ayant veu le peu de ſeureté qu’il y a ſous

151 732 1040 64 le regne d’àpreſent, ie l’aimeroy' beaucoup mieux

155 790 1036 61 (puis qu’il faut que ie le die) en la maiſon de Lor¬

148 848 1043 61 raine, que là où elle eſt. Et diray vne choſe que le

154 906 1038 65 Huguenot (deſpité pour iamais, & deſgouté en

151 965 1040 58 toutes ſortes de la maiſon de Valois) ſeroit bien

148 1027 1044 61 aiſe, voire s’employeroit (à mon aduis) à ce que la

148 1084 1040 62 maiſon de Lorraine recouuraſt ce qui leur appar

148 1144 1039 53 tient: s’aſſeurant bien qu’elle lairroit la conſcien¬

151 1202 1032 61 ce du Huguenot libre & l’exercice de ſa relig:on,

151 1262 1034 62 & luy garderoit la foy qui luy auroit eſté promi¬

150 1317 1038 61 ſe: ſe ſouuenant du malheur que la deſloyauté au¬

151 1377 1041 62 roit apporté à ſon maiſtre. Deſia ont-ils donné

152 1440 1036 60 quelque occaſion auxHuguenots, de croire qu’ils

152 1498 1039 59 ne leur ſont pas ſi aſpres comme on crioit. Ils en

154 1554 1037 63 ont ſauué, comme a dit l’Hiſtoriographe, beau¬

156 1617 985 59 coup, & endauuent ſecretement tous les iours.

361 82 561 49 DIRLOGVE I.

1114 93 74 42 105

217 1673 978 58 Au reſte, ils ont fait porter la marote au Roy

159 1738 1025 55 (ſi vous y auez prins garde) de toute ceſte tuerie,

160 1796 1028 58 tant pour n’en auoir le blaſme, que pour moyen¬

159 1851 1028 60 ner que la furie des petits ou des grans s’eſleuant,

160 1909 1027 61 elle ſe deſcharge ſur celuy qui ſe vante de l’auoir

162 1968 1023 66 fait faire. Ils ſe ſont bien gardez, d’en vouloir prẽ¬

919 2026 108 56 G.V.
