1448 2427
337 171 951 70 Cela eſt doncques reſolu que ces deux par¬

273 242 1018 68 tis là vous rient: & par conlequent, que le gros

275 311 1016 67 de la France vous y deſire: il ne reſte que le me¬

275 382 1007 60 nu. Ceux de Montmorency vous en veulent: &

276 447 1015 68 vous leur en deuez außi. Il eſt à craindre qu’ils

273 517 1023 66 ne montent bien toſt en credit, ce dict on, par la

275 589 1015 63 faueur qu’vn Duc leur porte: mais deuancez

272 652 1022 72 les dextrement: ils ſont iuſqu'a preſent hien foi¬

273 722 1018 70 bles, gardez qu’ils ne rentrẽt en cour. Que s’ils

277 790 1017 68 y ſont, & bien auant, declarez vous ouuertemẽt

276 865 1018 59 pour liberateur de la Françe: vous verrez ceux

275 929 1017 66 de Valois bas, abandonnez de leurs ſuppos: le

275 999 1024 67 peuple crier liberté, & les Gentilshommes vous

276 1067 1018 70 ſuyure: mettez au deſſus les Eſtas: faictes qu’ils

275 1142 1019 60 recouurent leurs forces: Remettez l’anciene po¬

273 1208 1022 66 lice: faites que Iuſtice ait lieus rengez moy la

273 1275 1022 73 gendarmerie, & caſſez tout le ſuperf lu: chaſſez

273 1345 1022 69 loin de nous l’eſtranger, & les Italiens qu’on

273 1414 1018 69 hait tant, deſchargez le peuple d’impos & vous

275 1485 1016 62 contenteZ du domayne, & de l’ordinaire cou¬

275 1555 1017 67 rant. Bref, monſtrez vous en ceſt aage le pere de

281 1620 1011 70 voſtre Patrie, qui ſemble vous tendre les bras:

276 1690 1030 70 Monſtrez vous tel, (dis-ie) par effet, & non par

273 1758 1027 68 eſcrit ſeulement, comme ont fait ceux là de Va¬

275 1829 1016 66 lois, & vous les verreZ bien camus. Ie vous di¬

275 1899 1019 68 ſcourroys volontiers les moyens que i’eſtime les

276 1967 1015 77 plus propres, à mettre à fin vne ſi heureuſe en¬

1132 2041 160 62 trepri¬
