1427 2427
159 138 1034 65 mes & enfans, garnis de meſme foy & eſperance,

163 200 1034 53 en eſtoit ſuſcité iournellement: tellement que les

157 257 1042 62 cendres de leurs corps bruſlez & leur ſang reſpan

155 315 1042 61 du, ſemb loit ſeruir à veuë d’œil de ſemence à l’E

138 376 1061 66 gliſe: Et que nonobſtant cela, on ne laiſſoit pas

148 435 1051 59 de touſiours bruſler iuſques à s’en prendre à la

149 493 1040 55 Saincte eſcriture,au vieil & nouueau Teſtament,

155 552 1044 61 qu’on n'auoit pas honte de bruſler s’il eſtoit trou

155 612 1040 66 ué eſcrit en langage que le peuple peuſt entẽdre,

159 672 1038 61 penſans arracher par ce moyen à aucuns d’eux les

157 729 1040 55 armes du poing, le bouclier de leur foy & le heau

155 788 1042 58 me de leur ſalut: & aux autres, en empeſcher du

157 849 463 58 tout la cognoiſſance.

354 72 563 52 DIRLOGVE I.

151 902 1039 62 *1.*11 Veu pareillement la confeſsion de leur foy,

152 964 1041 60 que le prince de Condé ayant compaſsion d’eux,

149 1023 1050 59 pour les tourmens qu’on leur donnoit & les blaſ¬

159 1081 1037 63 tues qu’on leur mettoit à ſus, voulut preſenter

156 1137 1041 64 en eſcrit au Roy François ſecond à Amboyſe, a¬

155 1212 1042 48 ſui queſſe ruit exammee de ges doctes par la ſain

155 1259 1044 61 cte Eſcriture, & que la rigueur des feus qu’on allu

156 1315 1041 57 moir iournellement contr’eux fuſt moderee & fai

160 1376 233 59 te coſſer.

1130 86 54 47 13

157 1429 1036 64 Veu auſsi la confeſsion de foy que les Hugue¬

152 1492 1037 62 nots preſenterent au Roy Charles 9. au colloque

159 1550 1031 63 de Poiſſy, laquello fut diſputee & maintenue pu¬

160 1608 1028 62 bliquement par les miniſtres du ſainct Euangile,

157 1667 1038 54 contre les Cardinaux, Eueſquet, & Doéteurs de

156 1725 1039 60 da Papauté, en la preſẽce dudict Charles, & ſa me

160 1785 1035 60 rezſes freres, des Princes & Seigneurs de ſon con¬

161 1844 1034 61 ſeil: laquelle fut traduite & imprimee en pluſieurs

164 1918 1033 46 Tagues, & qui eſt eutre les mains de tous ceux qui

165 1971 1031 55 la veulent voir, conſorme en tout & par tout à

942 2022 96 55 I.ii.
