1444 2432
321 174 1006 74 miſeres. Il m’a ſemblé treſraiſon¬

321 266 1012 78 nable, que vous tous auſquels le fait

319 353 1014 72 touche en ſoyez au vray aduertis.

319 435 1016 77 A fin que vous puiſſiez cognoiſtre

319 518 1015 73 ce qu’il vous faut attendre d’eux en

321 603 1010 67 voulant recouurer vos detes.Et co¬

321 683 1012 74 bien que vos Ambaſſadeurs vous

320 767 1017 73 en puiſſent donner de bons teſmoi

327 852 1008 78 gnages: ſi eſt ce que i’oſe aſſeurer

323 940 1014 71 que ce Reueille-matin, que ie vous

324 1020 1015 77 offre, vo' en informera plus a plein

325 1109 1013 70 & plus a menu, qu’aucun autre ne

324 1187 1017 62 ſcauroit faire. Et vous monſtrera

323 1271 1015 77 quand & quand vne partie des re¬

323 1352 1020 74 medes, dont les François entendẽt

323 1438 1019 72 s’ay der pour eſſayer à ſe remettre.

324 1518 1019 66 C’eſt à vous ſi mieux vous ſauez de

320 1601 1022 71 leur en fournir de meilleurs: ſi vous

323 1686 1020 81 penſez que leur ſecours vous puiſſe

323 1772 578 76 quelque iour ſeruir.

669 95 320 63 EPISTRE.

415 1855 930 81 Que s’il y auoit quelque autre

321 1941 1022 82 Royaume vacquant plus outre que

1230 2034 112 56 VOS
