1462 2422
238 60 81 67 138

231 129 1053 68 nom propre & conuenable à Charles, à ſa mere,

231 201 1055 53 ſon frere, à ſes conteillers, fauteurs, ianniſſaires, &.

232 252 1042 58 autres ſeruants: Nous diſons pour maintenant

231 313 1045 59 (en attendant qu’ayons rençontré des termes aſ¬

234 367 1052 68 ſez ſignificatifs pour exprimer le fait) qu’ils ont

232 426 1050 65 effacé la gloire de tous les tyrans les plus horris,

234 483 1047 68 bles, & des traiſtres les plus felons qui ont eſté,

232 543 1052 63 ſont, & ſeront à iamais, comme tels les auons bã¬?

234 605 1057 61 ni & banniſſons à iamais eux & toute leur poſtez¬

235 662 1056 60 rité, de toute la ſocieté humaine. Ordonnant que¬

235 722 1045 63 doreſenauant ſera faite tous les vingtquatriemes

235 780 1053 54 iours des mois de l’an, memoire ſolennelle (en ec¬

234 838 1050 62 xecration de leur abomination) du maſſacre fait,

238 900 1053 59 le 24. d’Aouſt & autres iours enſuyuans, ſur les

235 953 1039 66 Egliſes Françoiſes, vrais membres de l’Egliſe ca¬

236 1015 1052 65 tholique, de laquelle ces tyrans ſe vantent en vain¬

236 1079 1057 62 n’en tenans ny marque ny enſeigne, & n’ayãt pour.

238 1132 1058 65 toute religion, que le bla ſpheme en la bouche, &

239 1192 714 53 l'atheiſme enraciné en leur cœur.

507 67 561 54 DIALOGVE I.

296 1241 970 74 QVE ledict iour du maſſacre 24. d’Aouſt ſe¬

234 1299 1028 75 ra à iamais nommé, La lournee de la Trahiſon,

238 1362 1030 71 Et le Roy (comme pluſieurs de ſes predeceſſeurs

240 1422 1024 63 ont eſté ſurnommez l’vn debonnaire, l’autre pere

238 1477 1032 79 du peuple &c.) ſera appellé Charles le Traiſtre,

242 1542 1024 68 & aura pour blaſon par l’anagrãme de ſon nom,

246 1601 413 63 Chaſſeur Déloyal.

296 1653 970 72 Et faiſant droit ſur la requeſte & priere de la¬

240 1715 1030 71 dicte Egliſe, touchant Charles, ſon parlement, &

236 1776 1032 62 autres mancipes de ſa tyrannie, nous oſons hardi

240 1834 1032 69 ment aſſeurer,que ſadicte requeſte, & toute autre

240 1893 1024 60 qu'elle a fait & fera, ſera exaucee, pour l’amour de

240 1951 1026 73 ſon chef le Fils de Dieu, lequel ne pourſuyura pas

1122 2018 148 51 moins
