1436 2441
272 95 53 81 6

278 173 1022 64 Pe ure? que la ville de Merindol cõme lon diſoit

274 238 1024 61 ei oit la retraite & ſpelonque des gens tenans

272 294 1025 59 ſectes da nnees fut ordonné par le meſme arreſt

275 351 1014 65 que les maiſons y ſeroyent raſees & demolies,

278 412 597 54 & le lieu rendu inhabitable.

329 470 968 67 Quat e ou cinq annees apres ceur de Merin¬

274 527 1024 66 dol, ceux des Cabrieres & le peuple de vingt &

275 587 1023 62 deux villages dalentour, pour la meſme doctrine

274 645 1022 65 ſurent pourſuyuis à ſeu & à ſang par le ſeigneur

280 706 1017 61 d’Opede premier preſident, & lieutenant pour

276 760 1017 67 le Roy en Prouence aſsiſté du Capitaine Pou¬

275 820 1022 66 lain qu’on appelle le Baron de la garde, & d’au¬

275 881 1025 61 tres Capitaines & ſoldats en grand nombre iuſ

274 941 1022 63 ques la qu’il fut tué & meurtry des poures gens

275 998 1021 54 de Cabrieres hommes, ſemmes & enfans enui¬

275 1057 1022 60 ron le nombre de huit cens, contre la ſoy que le

275 1117 1021 61 ſeigneur d’Opede leur auoit promis & iuree.

275 1174 1022 54 Pluſieurs autres grans meurtres & pilleries ſurẽt

274 1234 1019 61 exercees ſur ces bõnes gens deſquelles ie me tay

278 1289 1019 63 pour ce que l’hiſtoire qui en à eſté eſcrite on fait

272 1350 1022 61 aſſez ample mention. François premier decedé

275 1407 1018 60 la meſme pourſuyte fut faite ſous Henry ſecond,

276 1468 1016 61 qui luy ſucceda à la couronne: durant le regne

274 1528 1020 58 duquel, non ſeulement les liures & les corps des

271 1581 1023 63 Lutheriens furent bruſlez, ains auſsi leurs legiti¬

275 1642 1019 62 mes heritiers priuez de leurs biens, qui pour ce

271 1697 1022 65 regard eſtoyent confiſquez & donnez à la ducheſ¬

271 1756 1021 57 ſe de Valentinois, an Mareſchal ſainct André,

270 1818 1023 60 ou à d’autres ſemblables courtizans, en tecom¬

271 1875 1022 64 penſe de leurs bons, honeſtes & loyaux ſeruices

266 1933 1027 56 Il fut deſcouuert de ſon Regne vne aſſemblee de

266 1998 1024 83 trois cens perſonnes en la tue Sainct Iacque¬

552 107 490 57 DIADOSVE.

1168 2054 117 53 dans
