1418 2409
135 121 1028 74 Lors d’vne voix commune on bſuyoit en la Frãce

134 176 860 74 Que (du monde eaduc ta penſee deliure)

132 243 1032 72 Des mains, des yeux, du cœur, ſans ceſto au ſacré

187 297 119 57 liure

136 353 978 79 Tu recerchois de Dieu la vraye cognoiſſance:

133 416 898 75 Mais ayant ſauouré par ton libre vefuage,

123 472 944 78 L'imperieux honneſin, nay de tou mamage,

119 532 898 75 I ne faut s’eſtonnerſauſsi n’eſt il eſtrange?

122 582 954 78 Si lon t'a ſoudain veu deſchoir de telle grace:

120 644 954 78 Car la truye a de pro pre &tient cela de race,

116 711 945 73 De retourner au baigide ſa premiere fange.

328 62 581 55 DIALOGVEJ.

113 765 1037 78 Lapel. Ie vous laiſſe à penſer de quel naturel perr¬

113 825 1034 71 uent eſtre ſes enfans, aui ſont nourris de ſon laict,

113 883 1037 73 & dreſſez ſa main. Et en cela remarquez: la lou:

115 943 1029 75 de fauta que firent̃ ceuxqui auoyent puiſſance d’y

116 1007 1032 69 pouruoir apres la mort du roy Henry, qui au lieu¬

113 1061 1031 69 da s’en ſaiſir ſpour les faire iuſtituer en toutes ver

112 1118 1039 78 tus duy en laiſſet ent le, gouuernemeni, pour en fan

111 1176 1041 74 re des exemplaires de toute deſloyauré & execra¬

112 1233 1038 79 tion: & pour le comble de tout malheur, elle, les az

111 1288 1039 85 faits inſtrumens de, leur ruine, de l’eſtae & de la?

108 1351 908 74 couronne dont elle a redeutant d’honneur.

1080 76 86 57 122

108 1409 1044 81 Ami. C’eſt vnę choſe eſtrange, que d’buyr leopro.

112 1472 1035 75 pos que le Roy tient, & de l’endurciſſecent que;

109 1533 1042 74 Dieu a mis en luy: enſorte que ſi Dicuine luy re¬i

108 1584 1038 82 tardoit ſes malheureux deſſcins, le ſang deſon peu¬

113 1646 1014 79 ple regorgeroit iuſquas aun ſommets de monta¬

112 1702 737 74 gnes, ſi tant il en pouuoitrsyel adm

109 1762 1011 79 Ali. Dieu pour certdineſt courroucé, dnpoυr l’ap

111 1818 1013 83 paiſer, faut s’humilien deuant luy, autremet qu'on

109 1876 1023 87 nia foit par le paſſé, & que les diſcours, & iugrmẽs

109 1936 1042 86 humains cedent nus ſens, ſe reſigmnt: & ayeur s
