1420 2440
172 138 1007 54 Par ceſte chaude alarme, ils eſmeurent ſi bien

151 201 1030 59 le Roy, qu’il fut contraint de s’accorder qu’on e¬

149 254 1035 59 xecutaſt dés la nuict meſmes, ce qu’il auoit deſi¬

150 317 1031 59 gné de differer encore: pour voir cependant le

147 382 1034 55 train que prẽdroit ſon eſperance de Flandres, par

149 435 1032 59 le ſeruice que les Huguenots luy feroyent en ce

150 492 1029 62 pays-là. Ie vous laiſſe à penſer, quel traict la mere

145 550 1034 57 fit en cela pour ſon fils bien-aimé, contre le bien

146 610 1032 65 de celuy qui pieç’a l’auoit deſpitee, & qu’elle n’ai¬

145 671 1034 61 me que bien peu dés quelque temps. En luy fai¬

143 726 1036 62 ſant pratiquer vne des leçons de Machiauelli, qui

141 787 1034 61 eſt de ne garder aucune foy, qu’autãt qu’on la cui¬

142 845 1031 57 dera tourner à ſon aduantage, elle luy a fait rom¬

143 904 1034 59 pre l’autre (que Denys de Sicile entendoit mi¬

141 963 1034 59 eux) entretenant pres de ſoy le plus meſchant hõ

139 1028 1035 55 me du monde, ſur qui le peuple voulãt recouurer

138 1077 1037 61 ſa liberté, peuſt vomir toute ſa cholere. Et par

135 1137 1043 59 meſme moyen la mere ayant attiré l’ire de Dieu

136 1194 1042 54 & des hommes ſur l’aiſné de ſes enfans, elle a ar¬

138 1257 1033 60 mé le m’aiſné d’vne grande & puiſſante armee,

141 1317 1033 57 qui luy eſt venue entre mains, comme lieutenant

139 1373 1032 62 general, ſous couleur de vouloir raſer les Hugue¬

136 1431 1038 54 nots de deſſus la terre. A voſtre aduis, eſt-il main

139 1493 1035 57 tenant à cheual? a-il beau moyen d’accomplir ſes

138 1549 1035 69 deſſeins, luy qui de ſi long temps abboye à la cou¬

136 1613 161 46 ronne?

348 74 567 49 DIALOGVE I.

1094 86 80 42 107

135 1664 1031 65 L’hiſt. Ie n’auoy pas entendu ce traict: Il eſt vray

135 1726 1034 63 que ie ſcauoy bien, que Monſieur auoit belle en¬

138 1785 1032 63 uie d’eſtre Roy, de quelque Royaume que ce fuſt:

136 1847 1034 60 & que lé Roy & ſa mere, pour le contenter ay¬

138 1904 1028 61 ans perdu l’eſperance du mariage & du Royau¬

139 1964 1028 63 me d’Angleterre, auoyent depeſché en Poloigne
