1467 2430
272 90 80 61 120

266 145 1025 61 ueré en ſon viuant) Et ſut l'autre arreſt ereeuud

266 210 1029 64 ſur les perſonnes propres deſdicts Briquemaut&

270 271 1025 62 Cauagnes, en la preſence du Roy qui les voulur

272 330 1019 60 voir mourir:eux ptoteſtãs du tort qu’on leur fai¬

267 390 854 52 ſoit, & en demandans vengeance à Dieu.

267 445 1028 63 L'egl. Ie puis bien dire maintenant auec Dauid,

270 504 1024 64 parlant de la meſchanceté des miniſtres de Saul,

268 562 650 59 & de leur iniquité & iniuſtice.

524 83 553 58 DIALOGVE I.

297 622 703 61 Entre vous conſeillers, qui eſtes

322 681 641 61 Liguez & bandez contre moy,

324 739 585 61 Dites vn peu en bonne foy,

326 795 647 63 Eſt ce iuſtice que vous faites?

325 854 748 57 Enſans d’Adam, vous meſlez-vous,

318 911 555 61 De faire la raiſon à tous?

405 973 616 58 Ainçois voz ames deſloyeles

332 1032 651 61 Ne penſent qu’à meſchanceté,

326 1088 507 64 Et ne peſez qu’iniquité,

333 1148 553 53 En voz balances inegales.

330 1204 801 63 Car les meſchans dés qu’ils ſont nez

330 1266 572 61 Du Seigneur ſont alienez.

272 1323 1031 62 Ali. Les iugemens de Dieu ſout grans? Mais ie

272 1383 1030 61 veux bien dire en paſſant (ſans entrer aux parti,

275 1444 1027 51 culieres occaſions de courroux que tous hommes

276 1501 1023 59 donnent à Dieu par leurs pechez, & ſur tous, ceux

275 1557 1024 56 qui ſcauent la volonté du maiſtre & ne la ſont,

272 1617 1028 63 car cela eſt immenſe) qu’il ne ſe pouuoit faire, que

275 1675 1021 59 le Seigneur ne fuſt merueil leuſement emeuà ire,

275 1734 1021 65 de ce que les Huguenots (comme s’ils euſſent por

275 1792 1023 60 du toute ſouuenance des bien-faits de Dieu, qui

275 1850 1020 61 ſeul les auoit iuſqu’à lors conferuent voire tant de

276 1911 1022 61 fois & par miracles tant extraordinaires retirez

282 1969 1014 69 d’extremes perils) n’auoyent les yeuxny l'eſpe¬

1160 2037 136 44 rance
