1420 2432
183 162 422 37 COluhon ce lume

181 199 518 59 De la maiſon de Valois

178 266 495 58 A baſty comme tu vois

177 321 688 65 Aux quatre coings de la France

174 378 540 65 Et qui eſt mille fois pire,

173 440 574 61 Ainſi que tù m’orras dire,

178 498 515 62 Que ne ſut onc Iezabel,

183 553 621 71 Qu’il ſoit vray, le fait eſt tel.

317 81 566 50 DIAEOGVE I

231 667 841 69 Sympathie de la vie de Catherine & de

320 729 625 68 Iezabel, auec L'antipathiede

522 801 252 43 leur mort.

182 841 619 66 S'on demande la conuenance

182 906 553 57 De Catherine & Iezabel,

178 964 456 56 L'vne ruine d’Iſrael,

186 1017 570 69 L'autre ruine de la France?

188 1076 564 71 Iezabel maintenoit l’idole

178 1140 618 63 Contraire à la ſaincte parole

184 1201 627 59 L'autre maintient la Papauté

184 1254 485 69 Par trahiſon & cruauté

174 1318 706 54 L'vne eſtoit de malice extrome,

178 1370 611 64 L'autr eſt la malice meſme:

182 1430 566 69 Par l’vne furent maſſacrez

178 1489 661 63 Les prophetes à Dieu ſacrez:

181 1553 746 61 L'autre en a ſait mourir cent mille

178 1617 680 61 De ceux qui ſuyuent l’Euangile:

187 1672 614 62 Iezabel pour auoir ſon bien

190 1724 641 63 Fit mourir vn homme de bien¬

186 1795 611 51 L’autre n'eſt encor' aſſouuie

186 1840 586 65 S'elle n'a les biens & la xits

187 1903 552 69 En fin le iugement fut tel,

198 1957 654 77 Les chiens mangerent Ierabel,

1061 97 75 38 M1
