1451 2424
140 176 1036 63 s’eſtoyent à luy retirez pour ſe conſeruer, & gene¬

140 242 851 46 ralement tous les Haguenots de France.

140 290 1029 64 Le Pol. Ce ſont des fautes qu’õ ne peut faite qu’v

142 352 1034 61 ne fois, & qu’il ſe faut bien garder de commettre.

350 115 575 49 DIREOOVI I

145 405 1033 59 L'hiſt. Il eſt ainſi. Or le reſte des forces des Hu¬

144 469 1033 62 guenots, apres la mort du prince de Condé, de¬

145 530 1040 58 meura (ſous le nom du prince de Nauarre, & du

142 585 1042 60 ieune prince de Condé) entre les mains de Gaſ¬

146 643 1030 64 pard comte de Coligny, admiral de France, par

146 705 1032 59 l’auis commun de tous les principaux, leſquels e¬

146 760 1026 54 ſtans allez enſemble au deuant du duc de Deux¬

150 822 1030 60 ponts & de ſon armee, qui leur venoit au ſecours:

149 882 1027 51 & avas trouué le duc de Deux-ponts mort de ma

146 937 1035 55 ladie, ne laiſſerent pourtant comme freres de meſ

146 995 1028 56 me religion & volonté, de ioindre leurs forces en

149 1055 1031 65 ſemble: auec leſquelles (apres quelques prinſes de

149 1115 1025 55 villes & autres faits d’armes) ils furent contraints

146 1171 1030 59 de ſouſtenir vne autre bataille, pres de Montcon¬

148 1230 1028 57 tour, au mois d’Octobre 1569. que le duc d’Aniou

148 1287 1029 65 leur liura, laquelle auſsi ils perdirent: mais ne laiſ

148 1349 1026 60 ſetent pourtant ayans ramaſſé leurs forces, de te¬

149 1407 1027 62 nir la campagne, & ſe cõſeruer le mieux qu’il leur

150 1466 1027 55 fut poſsible auec leurs villes, durant neuf ou dix

152 1525 1022 62 mois: pendant leſquels auſsi ils prindrẽt pluſieurs

150 1585 1020 51 villes, & eurent des rencontres en diuers endroits

153 1641 1017 54 où il ſembloit que la chãce ſe tournaſt à la faueur

152 1702 1018 60 des Huguenots. Ce que lon cognut encores plus

152 1761 1022 59 ouuertement. En fin le 22. du mois d’Aouſt de

153 1816 1021 63 l'an 157o. leur fut derechef ottroyee la paix, qu’ils

150 1878 1022 61 auoyent tant deſiree, par vn edict que le roy Char

153 1935 1024 55 les fit, par l’aduis de la Royne ſa mere, de ſes fre¬

153 1995 1021 65 res, des autres Princes & Seigneurs ſes conſeillers

1127 111 59 70 25

924 2052 102 59 B.V.
