1457 2442
296 111 62 65 46

281 188 1033 57 neuois de l’iſle de Corſe, ayauit iute te dommie la

281 248 1033 58 ſoy aux Princes, ſeigneurs, & grans perſonnages

285 303 1026 66 de Corſe, qu’il appella au conſeil, & de là au ban¬

282 362 785 59 quet, leur fit à tous trencher la teſte.

358 419 959 63 Charles ſeptieme, roy de France, apres plu¬

283 478 1032 63 ſieurs guerres & tumultes arriuez en ſon Royau¬

283 531 1033 63 me, ayant fait alliance, & contracté affinité auec

286 598 1036 61 le duc de Bourgongne, & promis d’oublier toute

289 656 1039 60 inidres & inimitiez paſſees: & pour le mieux aſ¬

285 714 1045 55 ſeurer, ayant tout cela iuré ſur ſon hoſtie conſa¬

285 774 1036 58 cree, le fit venir pour le ſeſtoyer à Montereau

283 831 1038 63 faut-yonne, & en le careſſant, il le tua ſur le pont

287 888 220 58 d’Yonne:

558 101 554 65 DIALOGVE I.

340 946 975 64 Et pluſieurs autres, deſquels le recit ſeroit lõg

283 1010 1036 59 & ennuyeux, les exemples deſquels on ramentoit

286 1067 1032 59 ordinairement au Roy, auec le chapitre dixhuit¬

283 1123 1038 55 ieme du liure du prince de Machiauelli, où il trait

286 1187 1033 61 te comme c’eſt que les princés doyuent garder la

285 1239 1037 66 foy: ſurquoy ſes maiſtres d’eſcole (auſsi peu ſou¬

287 1303 1032 60 cieux de ſa conſcience que de ſa reputation) ſont

286 1360 1031 63 des additions & gloſes plus dangereuſes, que le

289 1421 1030 60 meſme texte: Partant ſoyez diligent à prendre

289 1478 1025 61 garde à vous, n’y ayant autre remede d’eſchapper

289 1539 1030 64 qu’en fuyant hors de la cour, que ie puis appeller

290 1596 205 52 Sodome.

357 1652 962 61 L’Amiral ayant veu ceſt eſcrit, fit fort mau¬

286 1710 1036 68 uais viſage à celuy qui le luy bailla: Et rentoy¬

290 1771 1031 63 pour toute reſponſe, dire à celuy qui luy auoit en

290 1828 1032 63 uoyé, Que ſi par le paſſé il auoit eu, & les autres

287 1885 1035 67 Huguenots auſ si, occaſion de ne ſe fier pas legere

287 1948 1034 65 mẽt en des promeſſes que, Dieu merci,telle peur

283 2002 872 69 ou deffiance eſtoit alors ſans fondement.

1200 2064 111 78 Que
