1438 2416
222 103 65 62 d2

213 170 720 64 entretenement digne de ſa qualité.

271 230 983 63 Qu’il deſiroit auſsi auoir de l’Angleterre, le

213 288 1032 66 myllord de Lyceſtre, & le myllord Burgley, ou l ũ

213 350 1038 58 d’eux,pour les feſtoyer & traiter, comme il deſire

216 409 1028 51 de careſſer tous les loyaux ſeruiteurs de ſa ſœur

214 465 1029 66 la royne d’Angleterre, en ſigne de vraye alliance.

456 106 545 52 DIADOOVEI.

272 526 979 63 Que le Roy auoit enuoyé ſa foy au prince d’O

210 582 1030 59 renge, & l’auoit donnee au comte Ludouic ſon fre

210 644 1037 59 re, de leur aider & les ſecourir eh tout & par tout.

210 700 1034 65 contre le roy d’Eſpagne: & que ſans cela, iamais

210 761 1033 59 ils n’euſſent rien entreprins de remuer en l’eſtat

213 814 289 55 de Flandres.

265 875 990 64 Que combien que monſieur de Genlis & ſes

212 935 1028 62 gens qu’il leur menoit euſſent eſté deffaits, le Roy

209 994 1027 56 ne lairroit à leur enuoyer de nouueau, & biẽ toſt,

216 1053 603 52 vn braue & puiſſant ſecours.

263 1110 977 67 Que Iean Guleas Fregoze aſſeuroit, que pour

209 1177 1024 55 ceſte guerre de Flandres, le duc de Flotence pre¬

209 1230 1032 62 ſteroit au Roy, ou au prince d’Orenge, deux cens

210 1287 290 52 mille ducats.

260 1340 984 66 Que les affaires vont ſi bien en Flandres, que

222 1399 1023 64 l'Agent du Roy pres le duc d’Albe, donne conti¬

209 1461 1037 57 nuellement auis au orince d’Orenge, & commu¬

210 1522 1040 59 nique auec luy par letres & meſſages, tous les deſ

210 1577 1034 67 ſeins qu’il peut entendre du duc d’Albe, & le prin

210 1637 1037 62 ce d’Orenge à l’Agent tous les ſiens: tellement

212 1697 1058 68 que quand il n’y auroit autre choſe que ceſte bon¬

210 1752 1053 65 ne intelligence, elle eſt ſuffiſante à faire bien eſpe.

210 1817 445 59 rer aux plus timides.

256 1869 989 67 Mais qu’il y a bien plus, c’eſt que l’armee de

210 1928 1060 66 Stroſſy, & du Baton de la garde, ne ſont pres de la

212 1986 1038 71 Rochelle, que pour attẽdre la flotte yenant d’Eſ¬

1110 2060 135 63 pagne
