1425 2408
136 155 1029 60 la couronne de France, reunis & incorporez au

135 231 1031 36 douame d’iceſle, & les autres fiefs & Diens tant

132 274 1033 59 meubles qu’immeubles; acquis & confiſquez au

133 331 1031 60 Roy: declarant les enfans de l’Amiral, ignobles,

132 391 1032 61 vila ns, roturiers, infames ,indignes & incapables

133 446 1031 63 de teſter,ne tenir eſtats, offices, dignitéz & biens

133 507 1031 60 en France: leſquels,ſi aucuns en ont ; ladicte

135 567 1029 59 chambre declaroit acquis au Roy: Ordonnant

136 622 1022 64 que la maiſon ſeigneuriaſe & chaſtel de Chaſtil¬

137 682 1025 63 lon ſur Loin, qui eſtoit l’habita tion & principal

136 738 1021 66 domicile dudict Coligny, enſemble la baſſe cour,

133 802 1028 60 & tout ce qui depend du principal manoir, ſeront

135 860 1026 53 demolis, raſez, & abbatus, & deffendu de iamais

135 916 1025 63 y baſtir, ny edifier: & que les arbres plantez és

136 975 1025 60 enuirons de ladicte maiſon & chaſtel, pour l’em¬

135 1035 1019 52 belliſſement & decoration d’icelle, ſeront coup¬

136 1094 1024 59 pez par le milieu: & en l’aire dudict chaſteau, vn

136 1151 1021 62 pillier de pierre de taille erigé, auquel ſeroit mi¬

131 1210 1025 63 ſe & appoſee vne lame de cuyure, en laquellé ſe¬

132 1268 1025 63 roit grauë & eſcrit ledict arreſt: & que dore ſen¬

131 1327 1029 61 atant par chacun an le 24. iour d’Aouſt, feroy-

133 1385 1020 63 elit faires pueres publiques & proceſsions gene¬

133 1447 1024 58 rales, dans Paris, pour rendre graces à Dieu de

132 1500 1021 61 la punition de la conſpiration faite contre le Roy

131 1558 1023 63 &ſon eſtat. Le ſemblable & pareil arreſt (ex¬

129 1620 1024 60 cepté quant à ceſte derniete elauſe, touchant le

131 1677 1022 55 demoliſſenent de maiſon) fut donné contre Bri¬

133 1739 1024 56 quamaur & Cauagnes. Si furent leſdicts arreſts

135 1797 1019 61 prenoncez & exetutez le 27. & 29. d’Octobre,

133 1854 1025 60 ηy 2τ⟦στvn ſur vn fattoſme au lieu du corps de l’A

135 1913 1026 64 miralletpiel auoit pieça eſté emporté de Mõtfau

132 1973 1026 69 con, do dependu par quelques vns qui l’auoyẽt re¬

350 81 554 64 DIALOGVE I.

1087 93 70 55 119

889 2026 141 60 H iiii.
