1459 2415
271 80 77 52 100

255 140 1036 57 ſes rebelles en ſa cour, gratifié & honoré en tou¬

257 210 1034 46 tes ſortes. Auoir communiqué auec le comte Lu

255 262 1036 61 douic pluſieurs fois, & approuué ſes entrepriſes,

257 324 1038 57 auec grande attention, contentement, & promeſ¬

253 377 1042 64 ſes. Luy auoir baillé aide de ſes ſuiets, & permis

255 437 1040 64 d’entrer grande troupe d’iceux és pays bas, mar¬

255 496 1040 64 chãs à enſeigne deſployee par le royaume de Frã¬

253 555 1042 64 ce. Fait faire pluſieurs voyages à ſainct Remy, &

255 614 1041 62 autres, qu’il enuoyoit vers le duc d’Albe, pour l’a

256 674 1041 63 muſer & tromper, cependant que le Roy donnoit

257 732 1039 60 moyen à l'execution des entrepriſes: & meſmes

255 792 1038 63 en pratiquoit vne ſur Arras, par le moyen du pe¬

259 849 1036 64 tit Refuge, qui eſt mort à Paris, luy eſtant venu

259 909 1034 63 dire qu’il enuoyaſt gens, & qu’il eſtoit temps, &

261 967 1031 62 qu’il ne doutaſt nullement du moyen de la pren¬

260 1027 1035 53 dre. Pour auoir donné ſeur accez en ſes haures

263 1085 1033 54 aux Pirates, qui ont depredé ſes ſuiets. Comman

263 1143 1037 55 dé à ceux de la Rochelle d’adminiſtrer viures aux

263 1203 1029 60 nauires du prince d’Orenge, & librement les laiſ¬

263 1261 1032 61 ſer deſcharger leurs priſes, & les vendre. Permis

263 1321 1029 60 au veu & ſceu de tout le monde, que les Capitai¬

263 1380 1030 60 nes de marine dudict Prince, fiſſent leurs equip¬

265 1438 1030 64 pages de François, tant de mariniers que ſoldats.

263 1497 1042 60 Pour auoir fait des menees & pratiques ſur la Frã

261 1556 1035 60 che-comté. Auoir enuoyé le capitaine Mingue¬

263 1618 1034 57 tiere, recognoiſtre les deſcentes du Perou, auecna

264 1674 1032 60 uire deſguiſé en marchandiſe, plein toutefois de

263 1732 1032 63 ſoldats, qui fut prins à la Spagnole. Auoir voulu

264 1793 1035 58 traicter la paix des Venitiens auec le Turc, pout

261 1850 1032 61 faire tomber toute la guerre ſur l’Eſpagrol: Et

265 1910 1030 62 pour auoir depuis la mort meſme de l’Amiral,

267 1969 1026 66 pratiqué par letres & meſſages le prince d’Oren¬

528 76 549 54 DIALOGVEI.

1208 2028 69 69 ge,
