1438 2434
268 68 77 49 66

262 135 1027 55 choſe aucune en fraude, & alencontre des Edicts

268 188 1025 63 de paix,ſous le beneſice deſquels, il commandoit

266 247 1023 61 à tous ſes ſuiets, de ſe comporter & viure paiſible

266 310 1023 59 ment l’vn auec l’autre: Ces letres eſtoyẽt ſignees

268 365 893 69 par Pinart ſecretaire d’eſtat, le 24. d’Aouſt.

322 434 967 48 La Royne-mere eſcriuit auſsi des letres auſ¬

266 484 1025 59 dits gouuerneurs & ambaſſadeurs, de meſme ſu¬

262 539 1029 65 ſtance que les letres du Roy. N’en l’vne n’en l’au

262 602 1027 57 tre de ces lettes, il n’eſtoit faite aucune mention

264 657 1021 63 de la conſpiratiõ de l’Amiral, ne de ſes conſorts.

266 718 1021 60 Mais combiẽ que ces letres fuſſent enuoyees par

266 776 1025 61 les prouinces de la France, dans Paris on n’oyoit

268 835 1023 61 parler de choſe qui en approchaſt, ne qui tendiſt

266 890 666 65 à app aiſer la furie des ſeditieux.

524 68 560 57 DIALOGVE I.

320 967 969 45 Le lundi 25. d’Aouſt, les Pariſiens ayans aſsis

264 1012 1023 58 des gardes aux porres de leur ville, par comman¬

264 1070 1027 61 dement du Roy qui en voulut auoir les clefs, afin

264 1125 1023 75 (ce diſoit il) que nul Huguenot eſchappaſt par cõ

264 1200 1025 55 pere ou par commere, apres auoir moiſſonné le

257 1247 1032 59 champ à grand tas & à plerne main, ils alloyent

262 1306 1031 59 cueillant çà & là les eſpics reſtans du iour prece¬

259 1367 1030 56 dent: menaçant de mõrt quiconque receleroit au

259 1436 1026 56 cun Huguenot, queſque parent ou amy qu’il luy

257 1482 1032 67 fuſt: de ſorte, que tant qu’ils en trouuerent de re¬

257 1541 1026 65 ſte, furent tuez, & leurs meubles baillez en proye,

257 1600 774 61 comme auſsi les meubles des abſens.

320 1669 961 61 Le Roy donna aux Suyſſes de ſa garde, pour le

257 1720 1028 56 bon deuoir qu’ils auoyent monſtré en ceſt affai¬

255 1774 1036 61 re,le ſac & pillage de la maiſon d vn treſ riche la¬

255 1833 1020 71 pidaire, nommé Thierry Baduere: i’ay'ouy dire,

255 1894 1028 63 que ce qu’on luy a pillé, valoit plus de deux cens

253 1951 250 67 mille eſcus.

1196 2010 79 58 Le
