1439 2437
273 93 65 77 54

334 174 964 65 Ce iour-la de ſamedi, le Roy enuoya viſiter

275 238 1027 59 l'Amiral par diuers gentils hommes. La nounel

275 296 622 60 le eſpouſce l’alla auſsi viſiter.

333 350 966 64 Ce meſme ſamedi, dãs le cõſcil priué du Roy,

272 418 1031 50 furent examinez certains teſmoins touchant l’ar¬

273 472 1033 61 quebouzade, le tireur, & les coulpables: tellemẽt

275 532 1028 62 que l’Amiral & ſes amis, croyans que la voye à iu

273 587 1031 64 ſtice leur fuſt ouuerte, ſe reſiouiſſoyent grande¬

275 651 1029 53 ment, s’aſſeurans de pouuoir facilement conuain

276 709 1030 58 cre les autheurs du faict: dequoy ils aduertirent

276 770 1027 58 leurs amis en pluſieurs endroits du Royaume, par

277 828 1029 58 des letres qu’ils leur eſcriuirent, les prians de ne

276 882 1030 64 bouger, & ne ſe faſcher de ce qui eſtoit aduenu à

276 943 1030 65 I’Amiral: Que Dieu & le Roy eſtoyent puiſſans

277 1005 1029 59 d’enfaire la vengeance: que deſia on commen¬

279 1058 1024 64 çoit à proceder contre le coulpa)le & ſes fau¬

276 1119 1028 60 teurs par iuſtice, & les bleſſures n’eſtoyent pas,

276 1177 1031 61 Dieu merci à mort: que combien que le bras fuſt

275 1234 1031 65 bleſſé, le cerueau ne l’eſtoit pas. En ceſte façon

273 1297 1031 59 les conſolant par letres, les auertiſſoyent de ſe te¬

272 1352 1032 69 nir coys, en attendant l’iſſue telle qu’il plairoit à

273 1413 361 61 Dieu d’enuoyer.

483 109 565 54 DIAESOV DI..

334 1468 969 64 Ce iour la Monſieur frere du Roy, & le cheua

275 1532 1027 62 ller d’Angouleſme, ſe pourmenoyent dans vn co¬

275 1592 1029 59 che par la ville de Paris, enuiron les quatre heu¬

275 1650 1031 62 res apres midy. Dés ceſte heure-là il courut vn

273 1707 1037 62 bruit par Paris, que le Roy auoit mandé le mareſ

272 1761 1035 66 chal de Mont morency, pour le faire venir à Pa¬

270 1826 1037 59 ris, auec grand nombre de caualerie & d’infan¬

269 1887 1037 58 terie: que partant les Pariſiens auoyent occa¬

268 1940 1044 69 ſion de ſe prendre garde: mais ce bruit là eſtoit

262 1994 120 57 faux.

1146 2056 166 65 On vit
