1455 2403
237 69 94 61 154

239 153 1032 43 Iofeme dounemen en auicie,ce en pans, comilieco,

239 193 1030 63 patriotes & freres bien-aimez: en leur communi¬

239 253 1035 54 quant de la doctrine de ſalut auec toute charité &

239 309 1032 55 affection chreſtiene, autant qu’ils ſe voudront rẽ¬

241 369 1032 60 dre capables & dociles pour la receuoir: ſans vſer

241 428 1032 65 en leur endroit pour regard de la ſoy que d’vn bõ

241 489 1033 59 exemple, que chacun s’efforcera de leur, donner

243 543 1036 63 en bien viuant, ſuffiſant moyen (s’il plaiſt à Dieu

243 603 1038 64 le benir) auec la predication de l’Euangile, pour

245 660 1040 62 les amener à la cognoiſſance du ſouuerain biẽ de¬

247 727 274 52 l'homme.

472 65 583 56 DIALOGVE I.

391 776 890 67 Vray eſt, que pourautant que l’eſtat affli¬

244 835 1041 66 gé des fideles pourroit auoir beſomn de viures, mu

245 895 1042 63 mtions & deniers,les Catholiques Prançois (ainſi

245 954 1048 61 traictez que dit eſt) pourront eſtre priez de les en?

246 1007 1040 64 ſecourir: & aduenant qu’ils refuſaſſent de le faire,

253 1069 1040 67 y pourtont en cas de grande neceſsité eſtre con¬

248 1132 1049 61 traints, par pous les plus honneſtes moyens dorit

248 1192 1048 58 on ſe poutra auiſer: ce qui ne pourra tourner à

249 1244 1041 64 blaſme, ſi on conſidere que Dauid en la neceſsité

253 1304 761 64 s’eſt ſerut des pains de propoſition.

309 1360 987 68 35. Surquoy les Chefs & Conſeils ſeront ad¬¬

252 1421 1048 66 uertis, de bien & ſoigneuſement meſnager tour

251 1481 1050 64 ce qui pourra tomber en meſnage, & proſit publi?

253 1539 1052 63 que, pour ne rien deſpendre ſuperſtuement, & n'a

255 1599 1039 63 uoir à charger les amis plus que de beſoin: Prenãs

255 1658 1026 64 garde à ce que Tite Liue dit, que la guerre ſe nour

252 1712 1049 66 riſt elle-meſme, comme l’enſeigne tresbien le lõg

257 1776 1052 63 temps que Annibal a mené la guerre en Italie,

257 1834 1028 63 ſans auoir aide, ou argent frais de la republique

256 1890 333 64 de Carthage:

321 1946 965 73 36 On ſcait bien que quand on ſera cõtraint

1218 2002 67 61 de
