1409 2426
206 161 1002 66 Que la prouidence de Dieu, laquelle guide &

184 214 1012 67 conduit iuſques aux plus petites choſes de ceſte

182 274 1022 69 vie, auoit changé le cœur du Roy: de ſorte, qu’il

172 335 787 73 y auoit dequoy bien & inieux eſperer,

368 80 565 65 DIALOGVE I.

226 404 978 56 Qu’il ne croiroit iamais, que dans le cœur de

176 450 1026 69 ſon roy, peuſt loger vne penſee ſi meſchãre,ny ap¬

178 509 716 75 prochante à ce qu’on luy eſcriuoit,

238 588 962 50 Que tout au contraire il croyoit, que dés que

176 626 1022 69 la France a eſté erigee en regne, il n’y auoit eu vn

174 687 1026 69 meilleur roy, que Charles neufieme l’eſtoit pour

176 743 117 65 lors.

221 804 983 68 Qu’il eſtoit bien vray, que Monſieur frere du

168 867 1032 62 Roy n’aimoit pas les Huguenots, & qu’on leur

172 919 1032 65 faiſoit tout plein d’outrages en diuers lieux du

167 985 1033 62 Royaume: mais qu’il eſperoit de voir Monſieur

176 1039 1022 66 vn iour adoucy, pour les bõs ſeruices que les Hu¬

174 1099 1022 67 guenots luy pourroyent faire, & s’attendoit bien

172 1154 1024 67 (le mariage de Madame fait & conſommé) que le

180 1210 1020 75 Roy feroit faire iuſtice des ſeditieux, & perturba¬

172 1275 293 65 teurs de paix.

1147 123 55 38 4.

198 1335 1002 66 Que la ligue qui eſtoit freſchement faite auec

170 1394 1026 61 la royne d’Angleterre, ſeruoit d’aſſez bon teſ¬

176 1447 1020 75 moignage aux Huguenors, de l’affection du Roy

178 1514 259 54 enuers eux.

215 1572 970 61 Et la ligue qu’il fait recercher auec les Prote¬

186 1623 1008 75 ſtans d’Allemagne, confermera du tout ceſte bon

182 1688 249 66 ne opinion.

218 1746 979 65 Que le Roy portant meilleure affection à mon

182 1799 1014 69 ſieur l'Electeur Palatin, qu'à nul des autres prin¬

186 1861 1008 65 cos Proteſtans, auoit choiſt le duc Iean Caſimir

182 1918 1014 71 ſon fils, pour ſe le faire penſionaire, & le due Chri

182 1979 1014 66 ſtofle ſon maiſné, pour le retirer en ſa cour, auec

951 2047 79 55 B.V.
