1440 2427
248 60 70 62 88

245 156 1039 40 qu'on cemey uta neguede upas

242 194 1041 59 les raines,par les poux,par les ſauterelles, & autre

242 252 1040 60 telle gendarmerie, as fait trembler ceſt anciẽ Pha

241 306 1034 59 rao dans ſon lict, & luy faiſant ſentir ta main for¬

241 368 1037 63 te, lors qu'il pourſuyuoit tes enfans, l’as enſeuely

241 427 1038 57 dans les eaux auec toute ſon armee, faiſant paſſer

242 486 347 51 les tiens à ſec..

503 64 561 57 DIALOGVE I.

309 540 971 65 Toy Seigneur Dieu d’Iſrael, qui es aſsis ſur les

241 601 1035 58 Cheruhins, tu es le ſeul Dieu de tous les Royau¬

241 657 1034 60 mes de la terre, tu l’as faite, & le ciel auſsi. Sei¬

241 733 1039 49 gneur, encline ton oreille, & oy: ouure les yeux, &

238 779 1041 62 regarde. Eſcoute les paroles de Senuacherib, &

240 838 1039 54 de ce ieune Rabſaces: confit en blſphemes, qui

238 896 1046 64 en t’appellant au cõbat demande, Où eſt le Dieu,

238 955 1037 62 le Fort, Gardien de ce petit troupeau. Il eſt vray,

238 1015 1037 62 Seigneur; que lesxois des Aſſyriens ont deſtruit

240 1074 1035 53 les Gentils & leur terre, & ont mis au feu les di¬

238 1133 1037 54 eux d’iceux: Car ils n’eſtoyent point dieux, mais

237 1193 1030 56 ouurages des mains des hommes, bois & pierres,

237 1251 1035 59 pourtair ils les, aut deſtruits: mais ceux-cy, Sei¬

238 1307 1025 62 gneur t’iniurient, ils te blaſphement & deſpitent,

233 1365 1041 60 eſleuant leurs voix contre toy, ſainct d’Iſrael, ſe

236 1423 1039 64 vantãs qu’ils raſeront toutes les villes ſur leſquel

234 1484 1040 62 les ton Nom eſt inuouué, & qu’ils en effaceront

236 1546 1035 58 la memoire de deſſus la terre. Seigneur, ſi les as¬

234 1599 1040 62 tu faites & formees, & as planté au milieu d’icel¬

236 1659 1027 65 les le ſceptre de ta parole, pour lequel arracher,

232 1717 1039 61 on les pourſuit. Ne les meine pas donc à deſola¬

233 1774 1036 65 tion, deffen-les pluſtoſt, Pere ſainct, à cauſe de tõ

232 1836 1036 63 honneur & gloire, qui eſt coniointe a leur deli¬

236 1901 172 45 urance.

290 1956 973 67 Enuoye ton Ange Seigneur, l’Ange que tu en¬

1117 2029 139 50 uoyas
