1440 2420
270 142 1028 66 Phi. Ie me doutay bien quand & quand, que quel

268 203 1032 64 que quelque grand deſaſtre nous auiendroit, quãd

260 262 749 57 ie vey ceſte bonne Princeſſe partie.

260 318 1041 62 L'hiſt. Enuiron ce temps la, de diuers endroits de

260 377 1037 63 la France, eſtoyent enuoyez pluſieurs aduertiſſe.

263 436 1037 66 mẽs à l’Amiral, afin qu’il print garde à ſoy, & qu’il

262 494 1032 63 ſe retiraſt des dangers où lon diſoit qu’il eſtoit e¬

263 557 1035 53 ſtant dedans Paris, ou à la cour: entre autres, vn

263 615 1034 63 ie ne ſcay-qui, luy enuoya vn bordereau de me¬

267 672 554 56 moires, où il eſtoit eſcrit,

512 76 562 54 DIALOGVE I.

268 727 1028 66 SOVVENEZVOVS QVE

320 789 978 58 c’eſt vn article de foy reſolu & arreſté au Con

276 847 1022 64 cile de Conſtance, auquel Iean Huz fut bruſlé

278 907 1022 65 contre le ſauf-conduit de l’Empereur, qu’il ne

276 968 880 63 faut point garder la foy aux heretiques.

271 1027 1027 63 Ayez memoire, que les Romains, les Lorrains, &

267 1084 1033 57 les Couttizans, tienent les Lutheriẽs, les Hugue¬

266 1145 1034 59 nots, & tous ceux qui font vne meſme proſeſsion

268 1203 1028 63 de l’Euangile (de quelque nom qu’on les appelle)

267 1261 1031 65 pour heretiques, bruſlables: Croyez que partant

268 1324 1034 58 ils leur ont rompu, & leur rompront encores là

266 1380 1034 61 ſoy iuree & promiſe, touteſois & quantes que la

266 1435 1035 60 commodité de les ruiner & deſtruire leur ſera

264 1497 242 58 offerte.

279 1554 1021 55 Sachez, qu’au ſecret conſeil tenu parmi les Pe¬

264 1609 1037 64 res,au dernier concile de Trente, il a eſté reſolu,

268 1675 1032 51 qu’on peut & doit tuer, non ſeulement ceux de la

267 1727 1029 61 Frãce qui ſeront de ceſte religion, ains auſsi tous

266 1790 1036 61 deux qui en ont eu quelque ſentiment, ſoit de la

262 1844 1038 63 France, ou d’autre nation: n’eſtant iamais poſsi¬

268 1906 1029 59 ble, que ceux qui ont vne fois eſté abbreuuez de

263 1964 1035 67 ceſte doctrine, ſe fient derechef en cé qu’on leur

1165 2030 131 49 a vou¬
