1401 2416
131 143 1040 65 forts dans la Rochelle, pour la ſurprẽdre, & y me

134 221 1035 48 ner les mains baſſes, & icauoy bien qu’ils y’auoy¬

134 264 1038 54 ent failli deux ou trois fois: voire meſmes i’ay biẽ

134 323 1038 55 ſceu, que le iour du maſſacre fait à Paris, il eſtoit

135 382 1038 54 entré dans la Rochelle, plus de deux cens ſoldats

135 440 1038 61 de Stroſſy, auec armes, faiſans ſemblant de faire

134 500 1039 61 racouſtrer leurs harquebouſes, ou d'acheter quel

137 563 1035 59 ques viures, & munitions: leſquels pour quelque

134 620 1038 61 frayeur qui les ſurprit, eraignans que ceux de la

135 676 1036 62 Rochelle (ialoux des priuileges & libertez de leur

135 735 1038 64 ville qui les exemptent de garniſon) ne ſe doutaſ¬

135 793 1036 60 ſent des deſſeins de Stroſſy, s’enfuyrent en tapi¬

135 850 1038 56 nois tout bellement hors de la ville. Mais ie n’a¬

138 914 1037 60 uoy encores rien ſeeu de ceſte letre, ie n’ay garde

137 973 1038 51 d’oublier à la mettre en mes memoires. Voila de

139 1028 1036 61 merueilleux traicts. On a raiſon de dire qu’il y a

137 1085 1038 62 eu coniuration: Mais ç’a eſté contre les Hugue¬

137 1144 1039 57 nots. Poures miſerables! il faut bien dire que la

137 1205 1036 56 deliurance de ceux qui ſont demeurez de reſte, eſt

138 1260 979 58 mitaculeuſe, ayans eſté ſi ſubtilement t rahis!

141 1326 1037 59 Mais pour retourner à eux: outre ceux qui ſe ſont

138 1381 1038 59 retirez és villes & lieux de ſeureté, il y en a d’au¬

141 1442 1031 61 tres qui ne s’y ſont pas retirez, ou pource qu’ils

141 1501 1030 62 n'ont peu, ou pource qu’ils n’ont voulu, ou oſé s’y

143 1563 167 50 retirer.

337 84 573 51 DIALOGVE I.

1116 82 45 85 83

204 1616 971 63 De ceux-cy, les vns (mais en petit nombre) ſe

141 1676 1038 60 tienent coys & couuerts eſt leurs maiſons, & ſans

141 1734 1037 61 aller ny à meſſe ny à matines, prient Dieu vn cha¬

143 1791 1033 63 cun chez ſoy: bien ſecretement touteſois,de peur

145 1850 1034 64 d’eſtre ſurpris, attendans qu’on les accommode

147 1908 740 58 (c'eſt le mot dont vſent les tueurs.)

209 1967 969 69 Les autres, s’en vont à la Meſſe de gayeté de

918 2024 104 57 F.ii.
