<?xml version="1.0" encoding="UTF-8"?>
<alto xmlns:xsi="http://www.w3.org/2001/XMLSchema-instance"
      xmlns="http://www.loc.gov/standards/alto/ns-v4#"
      xsi:schemaLocation="http://www.loc.gov/standards/alto/ns-v4# http://www.loc.gov/standards/alto/v4/alto-4-2.xsd">
  <Description>
    <MeasurementUnit>pixel</MeasurementUnit>
    <sourceImageInformation>
      <fileName>page_00068.png</fileName>
      <fileIdentifier>mets//page_00002.zip/page_00068.png</fileIdentifier>
    </sourceImageInformation>
  </Description>
  <Tags>
    <OtherTag ID="BT7" LABEL="CustomZone" DESCRIPTION="block type CustomZone"/><OtherTag ID="BT8" LABEL="DamageZone" DESCRIPTION="block type DamageZone"/><OtherTag ID="BT9" LABEL="DigitizationArtefactZone" DESCRIPTION="block type DigitizationArtefactZone"/><OtherTag ID="BT10" LABEL="DropCapitalZone" DESCRIPTION="block type DropCapitalZone"/><OtherTag ID="BT11" LABEL="GraphicZone" DESCRIPTION="block type GraphicZone"/><OtherTag ID="BT12" LABEL="MainZone" DESCRIPTION="block type MainZone"/><OtherTag ID="BT13" LABEL="MarginTextZone" DESCRIPTION="block type MarginTextZone"/><OtherTag ID="BT14" LABEL="MusicZone" DESCRIPTION="block type MusicZone"/><OtherTag ID="BT15" LABEL="NumberingZone" DESCRIPTION="block type NumberingZone"/><OtherTag ID="BT17" LABEL="QuireMarksZone" DESCRIPTION="block type QuireMarksZone"/><OtherTag ID="BT18" LABEL="RunningTitleZone" DESCRIPTION="block type RunningTitleZone"/><OtherTag ID="BT19" LABEL="SealZone" DESCRIPTION="block type SealZone"/><OtherTag ID="BT20" LABEL="StampZone" DESCRIPTION="block type StampZone"/><OtherTag ID="BT21" LABEL="TableZone" DESCRIPTION="block type TableZone"/><OtherTag ID="BT22" LABEL="TitlePageZone" DESCRIPTION="block type TitlePageZone"/><OtherTag ID="BT100001" LABEL="MainZone-Head" DESCRIPTION="block type MainZone-Head"/><OtherTag ID="BT100005" LABEL="MainZone-P" DESCRIPTION="block type MainZone-P"/><OtherTag ID="BT100006" LABEL="MainZone-Continued" DESCRIPTION="block type MainZone-Continued"/><OtherTag ID="BT100008" LABEL="MainZone-Sp" DESCRIPTION="block type MainZone-Sp"/><OtherTag ID="BT100002" LABEL="MainZone-Lg" DESCRIPTION="block type MainZone-Lg"/><OtherTag ID="BT100014" LABEL="MainZone-ListItem" DESCRIPTION="block type MainZone-ListItem"/>
    <OtherTag ID="LT7" LABEL="CustomLine" DESCRIPTION="line type CustomLine"/><OtherTag ID="LT8" LABEL="DefaultLine" DESCRIPTION="line type DefaultLine"/><OtherTag ID="LT9" LABEL="DropCapitalLine" DESCRIPTION="line type DropCapitalLine"/><OtherTag ID="LT10" LABEL="HeadingLine" DESCRIPTION="line type HeadingLine"/><OtherTag ID="LT11" LABEL="InterlinearLine" DESCRIPTION="line type InterlinearLine"/><OtherTag ID="LT12" LABEL="MusicLine" DESCRIPTION="line type MusicLine"/><OtherTag ID="LT765" LABEL="default" DESCRIPTION="line type default"/>
  </Tags>
  <Layout>
    <Page WIDTH="1425"
          HEIGHT="2403"
          PHYSICAL_IMG_NR="67"
          ID="eSc_dummypage_">
      <PrintSpace HPOS="0"
                  VPOS="0"
                  WIDTH="1425"
                  HEIGHT="2403">
        <TextBlock HPOS="152.0"
                   VPOS="175.0"
                   WIDTH="1054.0"
                   HEIGHT="1878.0"
                   ID="block_0"
                   TAGREFS="BT100006">
          <Shape><Polygon POINTS="1206 175 1204 2053 159 2044 152 175"/></Shape>
          <TextLine ID="line_2"
                    TAGREFS="LT8"
                    BASELINE="165 198 683 197 1191 204" 
                    HPOS="164"
                    VPOS="154"
                    WIDTH="1027"
                    HEIGHT="60">
            <Shape><Polygon POINTS="165 198 164 206 1188 214 1191 204 1191 169 1160 158 1159 158 1111 158 1109 158 1108 158 1084 168 1081 169 1069 168 1004 161 1002 161 1001 161 1000 161 993 166 989 170 930 170 921 166 912 162 910 162 909 162 908 162 898 165 892 168 886 165 869 157 868 157 866 157 865 157 842 165 830 169 785 169 777 164 771 160 770 160 769 160 767 160 766 160 753 164 734 168 727 162 721 157 719 157 718 157 717 157 690 162 674 166 535 166 503 160 486 156 484 156 483 156 482 156 479 158 468 168 420 168 373 166 357 157 352 154 351 154 349 154 337 157 301 165 293 158 292 158 291 158 289 158 220 164 165 154 165 198"/></Shape>
	    <String CONTENT="Renoyent coy, chacun en ſa vocation, comme ſia"
                    HPOS="164"
                    VPOS="154"
                    WIDTH="1027"
                    HEIGHT="60"
                    WC="0.9891733047754868"></String>
          </TextLine>
          <TextLine ID="line_3"
                    TAGREFS="LT8"
                    BASELINE="166 256 1188 260" 
                    HPOS="165"
                    VPOS="229"
                    WIDTH="1023"
                    HEIGHT="43">
            <Shape><Polygon POINTS="1180 234 1167 234 1153 234 1140 234 1127 234 1113 234 1100 234 1087 234 1073 234 1060 234 1047 234 1033 234 1020 234 1006 234 993 234 980 234 966 234 953 234 940 234 926 234 913 234 900 234 886 234 873 234 860 234 846 234 833 234 820 234 806 234 793 234 779 234 766 234 753 234 739 234 726 234 713 234 699 234 686 234 673 234 659 234 646 234 633 234 619 234 606 234 592 234 579 234 566 234 552 234 539 234 526 234 512 234 499 234 486 234 472 234 459 234 446 234 432 234 419 234 405 234 392 234 379 234 365 234 352 234 339 234 325 234 312 234 299 234 285 234 272 234 259 234 245 234 232 234 219 234 205 234 202 229 166 229 166 256 165 267 172 272 173 272 174 272 176 272 1187 268 1188 260 1187 234 1180 234"/></Shape>
	    <String CONTENT="mais auparauant on ne leur euſt fait tort ou deſ¬"
                    HPOS="165"
                    VPOS="229"
                    WIDTH="1023"
                    HEIGHT="43"
                    WC="0.9895915011970364"></String>
          </TextLine>
          <TextLine ID="line_4"
                    TAGREFS="LT8"
                    BASELINE="168 315 1189 321" 
                    HPOS="166"
                    VPOS="271"
                    WIDTH="1023"
                    HEIGHT="62">
            <Shape><Polygon POINTS="168 315 166 325 1187 333 1189 321 1188 289 994 288 980 275 978 275 977 275 976 275 934 284 898 275 897 275 896 275 894 275 893 275 878 287 877 288 814 288 811 287 781 273 779 273 778 273 690 285 687 285 685 285 618 273 617 273 615 273 614 273 596 285 595 285 594 285 564 272 563 272 516 272 515 272 514 272 512 272 498 284 496 284 400 272 399 272 397 272 373 284 372 284 371 284 340 271 339 271 337 271 336 271 335 271 320 283 285 271 284 271 248 271 247 271 245 271 244 271 231 281 217 271 216 271 215 271 213 271 168 281 168 315"/></Shape>
	    <String CONTENT="plaiſir. Le Roy Charles mõſtroit de ſa part, von"
                    HPOS="166"
                    VPOS="271"
                    WIDTH="1023"
                    HEIGHT="62"
                    WC="0.9899719722416936"></String>
          </TextLine>
          <TextLine ID="line_5"
                    TAGREFS="LT8"
                    BASELINE="166 372 1192 379" 
                    HPOS="165"
                    VPOS="327"
                    WIDTH="1027"
                    HEIGHT="68">
            <Shape><Polygon POINTS="165 381 176 389 177 389 178 389 180 389 252 384 261 391 263 391 264 391 265 391 344 383 460 391 462 391 511 384 530 392 531 392 532 392 534 392 555 384 647 384 697 393 698 393 849 387 897 395 898 395 962 387 1152 395 1153 395 1191 387 1192 379 1191 347 1156 347 1155 345 1140 333 1139 333 1137 333 1136 333 1135 333 1107 340 1084 333 1083 333 1081 333 1080 333 1055 344 1051 345 1044 343 1020 333 1019 333 1017 333 1016 333 996 343 989 345 957 341 921 337 920 337 888 340 850 344 844 339 834 332 833 332 832 332 830 332 829 332 805 339 787 344 697 344 685 336 677 331 675 331 674 331 613 331 611 331 610 331 608 331 604 335 598 340 587 335 576 329 575 329 574 329 572 329 571 329 564 333 556 340 547 333 542 329 540 329 539 329 538 329 504 333 475 336 454 332 439 329 438 329 436 329 435 329 432 332 419 343 397 343 376 331 373 328 372 328 371 328 369 328 368 328 363 331 343 341 207 341 168 327 166 372 165 381"/></Shape>
	    <String CONTENT="loir que ſon Edict fuſt de poinct en poinct obſer¬"
                    HPOS="165"
                    VPOS="327"
                    WIDTH="1027"
                    HEIGHT="68"
                    WC="0.9964848387241364"></String>
          </TextLine>
          <TextLine ID="line_6"
                    TAGREFS="LT8"
                    BASELINE="166 432 661 432 1177 441" 
                    HPOS="165"
                    VPOS="389"
                    WIDTH="1012"
                    HEIGHT="67">
            <Shape><Polygon POINTS="166 432 165 437 213 448 215 448 412 443 470 441 595 441 613 447 641 452 642 452 687 448 727 444 816 449 833 451 834 451 838 451 866 445 884 451 894 455 896 455 897 455 940 452 1027 447 1175 456 1177 441 1176 408 1083 397 1081 397 1080 397 1079 397 1065 407 1064 407 1036 396 1035 396 1033 396 1032 396 1000 405 1000 407 945 407 944 405 930 396 929 396 928 396 926 396 925 396 898 405 897 405 896 405 881 397 880 397 878 397 779 404 769 404 767 404 757 395 757 393 755 393 754 393 753 393 686 403 682 403 611 403 522 401 512 392 511 392 510 392 508 392 411 400 410 400 397 391 396 391 395 391 393 391 355 400 351 400 341 400 235 389 233 389 166 397 166 432"/></Shape>
	    <String CONTENT="ué:iurant bien ſouuent par la mort, &amp; par le ſabg,"
                    HPOS="165"
                    VPOS="389"
                    WIDTH="1012"
                    HEIGHT="67"
                    WC="0.9817032404974395"></String>
          </TextLine>
          <TextLine ID="line_7"
                    TAGREFS="LT8"
                    BASELINE="165 489 1189 496" 
                    HPOS="164"
                    VPOS="448"
                    WIDTH="1025"
                    HEIGHT="65">
            <Shape><Polygon POINTS="165 489 164 501 169 507 169 508 170 508 172 508 173 508 233 500 235 500 446 500 456 508 458 508 459 508 460 508 462 508 463 508 474 501 475 501 476 501 673 508 674 508 675 508 694 503 702 511 703 511 705 511 706 511 965 504 969 504 970 504 1032 513 1033 513 1132 505 1177 513 1179 513 1180 513 1181 513 1188 507 1189 496 1188 465 1115 465 1113 464 1099 453 1097 453 1096 453 1095 453 1049 464 1047 464 1044 464 1013 453 1012 453 1010 453 1009 453 973 463 973 464 932 464 930 463 916 453 914 453 913 453 912 453 910 453 909 453 901 461 853 463 830 463 826 463 778 451 777 451 730 461 729 463 662 463 661 461 643 451 642 451 641 451 639 451 638 451 599 460 483 453 482 453 447 460 444 460 428 449 427 449 426 449 424 449 423 449 385 460 383 460 380 460 355 448 353 448 352 448 351 448 316 457 295 448 293 448 229 448 228 448 227 448 225 448 212 459 165 459 165 489"/></Shape>
	    <String CONTENT="qu’il le ſeroit entretenir: qu’il ne croiroit plus ce"
                    HPOS="164"
                    VPOS="448"
                    WIDTH="1025"
                    HEIGHT="65"
                    WC="0.9921092424752578"></String>
          </TextLine>
          <TextLine ID="line_8"
                    TAGREFS="LT8"
                    BASELINE="168 551 1188 551" 
                    HPOS="168"
                    VPOS="511"
                    WIDTH="1020"
                    HEIGHT="60">
            <Shape><Polygon POINTS="168 551 168 563 174 570 176 570 177 570 178 570 232 562 253 568 255 568 256 568 320 562 336 570 337 570 339 570 375 562 400 570 401 570 403 570 404 570 431 562 526 562 546 570 547 570 548 570 598 562 824 562 861 570 862 570 864 570 896 562 916 570 917 570 918 571 989 571 989 570 990 570 1020 562 1047 570 1048 570 1049 570 1087 563 1095 570 1096 570 1097 570 1099 571 1165 571 1165 570 1167 570 1188 560 1188 551 1187 523 1153 523 1139 511 1137 511 1136 511 1097 511 1096 511 1095 511 1093 511 1080 523 1056 523 1043 511 1041 511 1040 511 1039 511 1037 511 1014 523 925 523 913 512 912 512 910 512 909 512 908 512 906 512 896 520 864 511 862 511 861 511 860 511 858 511 848 520 725 521 682 511 681 511 635 511 634 511 633 511 631 511 619 520 576 511 575 511 574 511 548 521 492 521 459 511 458 511 456 511 376 521 324 511 323 511 268 520 227 511 225 511 168 521 168 551"/></Shape>
	    <String CONTENT="qu’on luy auoit voulu faire entendre, que les Hir¬"
                    HPOS="168"
                    VPOS="511"
                    WIDTH="1020"
                    HEIGHT="60"
                    WC="0.9911410403251648"></String>
          </TextLine>
          <TextLine ID="line_9"
                    TAGREFS="LT8"
                    BASELINE="166 607 1188 612" 
                    HPOS="165"
                    VPOS="567"
                    WIDTH="1023"
                    HEIGHT="63">
            <Shape><Polygon POINTS="166 607 165 615 411 623 412 623 540 622 671 619 685 623 699 628 701 628 702 630 765 630 765 628 766 628 774 624 783 620 864 626 908 628 909 628 910 628 912 628 914 627 925 620 1020 628 1048 630 1049 630 1064 628 1125 622 1185 630 1188 612 1188 582 1161 574 1160 574 1159 574 1157 574 1156 574 1147 582 1145 582 1073 582 1072 580 1032 571 1031 571 1029 571 1001 580 998 580 997 580 964 571 962 571 961 571 960 571 934 580 932 580 928 580 882 570 881 570 837 576 778 570 777 570 775 570 755 579 746 571 745 571 743 571 742 571 741 571 715 579 713 579 710 579 677 570 675 570 674 570 621 578 619 578 555 568 530 568 528 568 527 568 526 568 515 578 514 578 482 568 480 568 479 568 478 568 476 568 467 576 456 571 455 571 454 571 452 571 427 578 423 578 389 578 389 576 375 567 373 567 372 567 371 567 369 567 343 576 343 578 224 578 223 576 209 570 208 570 207 570 166 575 166 607"/></Shape>
	    <String CONTENT="guenots le vouluſſent tuer, qu’ils luy eſtoyẽt trop"
                    HPOS="165"
                    VPOS="567"
                    WIDTH="1023"
                    HEIGHT="63"
                    WC="0.9918233293753403"></String>
          </TextLine>
          <TextLine ID="line_10"
                    TAGREFS="LT8"
                    BASELINE="165 666 1193 672" 
                    HPOS="164"
                    VPOS="624"
                    WIDTH="1029"
                    HEIGHT="58">
            <Shape><Polygon POINTS="165 666 164 675 177 682 178 682 180 682 1192 680 1193 672 1193 642 1159 630 1157 630 1063 630 1061 630 1060 630 1059 630 1047 640 1010 642 990 642 986 642 936 628 934 628 909 628 908 628 906 628 905 628 890 639 844 628 842 628 841 628 803 640 802 640 783 627 782 627 781 627 750 627 749 627 747 627 727 638 544 630 543 630 542 630 540 630 530 638 530 639 407 639 372 638 336 636 323 624 321 624 320 624 319 624 264 636 261 636 165 636 165 666"/></Shape>
	    <String CONTENT="bons ſuiets, pour attenter telle meſchanceté. Mõ¬"
                    HPOS="164"
                    VPOS="624"
                    WIDTH="1029"
                    HEIGHT="58"
                    WC="0.9847040480258418"></String>
          </TextLine>
          <TextLine ID="line_11"
                    TAGREFS="LT8"
                    BASELINE="164 726 1188 730" 
                    HPOS="162"
                    VPOS="684"
                    WIDTH="1026"
                    HEIGHT="62">
            <Shape><Polygon POINTS="204 711 198 695 164 695 164 726 162 734 239 743 240 743 482 736 522 744 523 744 813 738 1163 746 1164 746 1165 746 1187 738 1188 730 1188 699 1161 687 1160 687 1159 687 1157 687 1135 699 1080 699 997 699 996 698 972 691 970 691 969 691 913 698 909 698 908 698 894 687 893 687 892 687 890 687 848 696 836 686 834 686 833 686 832 686 830 686 789 696 633 686 631 686 630 686 629 686 619 694 547 696 524 696 522 696 494 684 492 684 491 684 438 692 408 684 407 684 405 684 404 684 403 684 389 695 389 696 347 696 347 695 323 684 321 684 295 684 293 684 292 684 291 684 277 695 276 695 240 684 239 684 237 684 236 684 235 684 221 695 208 695 204 711"/></Shape>
	    <String CONTENT="ſieur, frere du Roy, ne ſe pouuoit de tant commã¬"
                    HPOS="162"
                    VPOS="684"
                    WIDTH="1026"
                    HEIGHT="62"
                    WC="0.9844286382198334"></String>
          </TextLine>
          <TextLine ID="line_12"
                    TAGREFS="LT8"
                    BASELINE="166 783 1188 790" 
                    HPOS="165"
                    VPOS="742"
                    WIDTH="1023"
                    HEIGHT="65">
            <Shape><Polygon POINTS="166 783 165 790 241 802 243 802 345 792 388 803 389 803 391 803 392 803 393 803 405 794 552 794 615 801 617 801 703 795 718 805 719 805 721 805 722 805 723 805 747 796 779 806 781 806 782 806 913 796 1002 796 1023 807 1024 807 1025 807 1121 798 1172 807 1173 807 1175 807 1176 807 1187 798 1188 790 1187 759 1161 759 1161 758 1145 747 1144 747 1143 747 1141 747 1140 747 1099 758 1097 758 1080 750 1079 750 1077 750 1029 758 1024 758 1023 758 1002 747 1001 747 1000 747 933 756 917 746 916 746 914 746 913 746 822 756 816 756 813 756 794 750 793 750 791 750 790 750 789 750 782 755 767 744 766 744 765 744 763 744 617 755 604 755 603 755 590 748 588 748 587 748 559 754 535 743 534 743 532 743 480 754 478 755 395 755 392 754 371 742 369 742 368 742 367 742 341 754 225 754 224 752 204 742 202 742 201 742 200 742 166 751 166 783"/></Shape>
	    <String CONTENT="der, que de monſtret tant ſoit peu d’enuie, que le¬"
                    HPOS="165"
                    VPOS="742"
                    WIDTH="1023"
                    HEIGHT="65"
                    WC="0.9853514923768885"></String>
          </TextLine>
          <TextLine ID="line_13"
                    TAGREFS="LT8"
                    BASELINE="165 841 1189 847" 
                    HPOS="164"
                    VPOS="799"
                    WIDTH="1025"
                    HEIGHT="67">
            <Shape><Polygon POINTS="165 841 164 849 233 862 235 862 345 853 438 853 604 853 606 854 614 861 615 861 617 861 618 861 619 861 634 855 635 854 638 855 659 865 661 865 662 865 727 855 745 854 753 857 779 866 781 866 782 866 783 866 811 857 818 855 865 855 870 858 882 866 884 866 885 866 886 866 926 858 944 855 1001 859 1081 865 1083 865 1188 861 1189 847 1189 817 1140 815 1128 805 1127 805 1125 805 1101 805 1100 805 1099 805 1097 805 1085 814 1083 817 1053 817 1049 814 1039 805 1037 805 1036 805 1035 805 988 813 977 814 962 813 913 805 912 805 910 805 896 811 889 815 790 815 779 809 765 802 763 802 762 802 761 802 741 809 727 814 658 814 647 807 641 802 639 802 638 802 637 802 635 802 619 806 606 810 599 806 592 802 591 802 590 802 588 802 587 802 586 802 582 806 575 810 562 806 548 801 547 801 491 801 490 801 488 801 478 803 455 811 432 803 424 801 423 801 422 801 420 801 419 801 416 803 407 811 371 811 240 811 227 799 225 799 224 799 165 799 165 841"/></Shape>
	    <String CONTENT="Hugueuots iouiſſent de quelque repos aſſeuré:au"
                    HPOS="164"
                    VPOS="799"
                    WIDTH="1025"
                    HEIGHT="67"
                    WC="0.9941258939603964"></String>
          </TextLine>
          <TextLine ID="line_14"
                    TAGREFS="LT8"
                    BASELINE="165 899 1188 907" 
                    HPOS="164"
                    VPOS="859"
                    WIDTH="1024"
                    HEIGHT="64">
            <Shape><Polygon POINTS="165 899 164 909 177 917 178 917 180 917 181 917 312 911 384 918 385 918 428 911 580 918 582 918 789 914 830 914 833 915 845 922 846 922 848 922 849 922 913 915 922 915 937 915 1041 923 1043 923 1187 918 1188 907 1187 877 1131 877 1129 875 1120 867 1119 867 1117 867 1116 867 1115 867 1095 875 1093 875 1063 865 1061 865 1060 865 1059 865 1057 865 1044 875 1043 877 1023 877 1020 875 1004 863 1002 863 1001 863 1000 863 912 874 905 874 560 873 559 871 544 861 543 861 542 861 506 859 389 859 388 859 387 859 385 859 372 870 371 870 165 869 165 899"/></Shape>
	    <String CONTENT="contraire, il faiſoit ouuer tement paroiſtre, le peu"
                    HPOS="164"
                    VPOS="859"
                    WIDTH="1024"
                    HEIGHT="64"
                    WC="0.9725364526877036"></String>
          </TextLine>
          <TextLine ID="line_15"
                    TAGREFS="LT8"
                    BASELINE="164 959 1191 965" 
                    HPOS="162"
                    VPOS="917"
                    WIDTH="1029"
                    HEIGHT="68">
            <Shape><Polygon POINTS="204 946 197 927 164 927 164 959 162 967 225 981 227 982 291 982 291 981 292 981 293 981 305 970 364 970 379 981 380 981 381 981 383 981 443 971 470 982 471 982 472 983 534 983 534 982 535 982 536 982 555 971 667 971 731 971 750 983 751 983 753 983 754 983 806 973 885 973 933 985 934 985 936 985 961 974 1037 974 1045 981 1047 981 1048 981 1049 981 1081 974 1099 985 1100 985 1101 985 1103 985 1104 985 1139 975 1175 982 1176 982 1177 982 1179 982 1189 973 1191 965 1191 931 1157 922 1156 922 1155 922 1153 922 1152 922 1136 931 1136 933 1088 933 1088 931 1073 921 1072 921 1071 921 1069 921 906 930 892 919 890 919 889 919 888 919 833 930 832 931 797 931 795 930 782 919 781 919 779 919 741 919 739 919 738 919 737 919 721 930 719 930 504 930 502 929 471 918 470 918 468 918 372 927 371 927 353 917 352 917 351 917 349 917 301 927 300 927 280 917 279 917 277 917 276 917 237 927 235 927 209 927 204 946"/></Shape>
	    <String CONTENT="de plaiſir qu’il y prenoit: iuſques là, que le Roy &amp;"
                    HPOS="162"
                    VPOS="917"
                    WIDTH="1029"
                    HEIGHT="68"
                    WC="0.9889269594876271"></String>
          </TextLine>
          <TextLine ID="line_16"
                    TAGREFS="LT8"
                    BASELINE="162 1018 1189 1022" 
                    HPOS="161"
                    VPOS="975"
                    WIDTH="1028"
                    HEIGHT="63">
            <Shape><Polygon POINTS="162 1018 161 1025 198 1035 200 1035 201 1035 337 1027 428 1035 430 1035 467 1029 638 1029 673 1037 674 1037 745 1029 838 1029 857 1038 858 1038 860 1038 988 1030 1155 1038 1156 1038 1157 1038 1188 1029 1189 1022 1188 993 1127 991 1109 978 1108 978 1107 978 1057 978 1056 978 1055 978 1053 978 1040 987 1000 978 998 978 997 978 996 978 984 989 965 990 938 991 898 989 810 983 809 983 807 983 806 983 799 989 786 977 785 977 783 977 782 977 781 977 754 987 751 989 750 987 734 977 733 977 731 977 730 977 631 986 588 990 468 990 455 985 430 975 428 975 340 975 339 975 337 975 309 983 288 989 204 986 200 982 192 975 190 975 189 975 188 975 162 981 162 1018"/></Shape>
	    <String CONTENT="luy, s’en faiſoyent mauuaiſe chere, pour la diſcre¬"
                    HPOS="161"
                    VPOS="975"
                    WIDTH="1028"
                    HEIGHT="63"
                    WC="0.9845326332484975"></String>
          </TextLine>
          <TextLine ID="line_17"
                    TAGREFS="LT8"
                    BASELINE="162 1076 1188 1082" 
                    HPOS="162"
                    VPOS="1035"
                    WIDTH="1026"
                    HEIGHT="62">
            <Shape><Polygon POINTS="162 1076 162 1093 289 1088 329 1093 340 1094 341 1094 343 1094 344 1094 345 1093 357 1085 365 1092 367 1092 368 1092 369 1092 492 1086 518 1093 530 1096 531 1096 532 1096 534 1096 546 1093 571 1086 580 1093 587 1097 588 1097 590 1097 591 1097 629 1093 669 1088 880 1092 1143 1097 1144 1097 1187 1090 1188 1082 1188 1053 1136 1042 1135 1042 1133 1042 1132 1042 1121 1051 1069 1051 1057 1041 1056 1041 1055 1041 1053 1041 1052 1041 1014 1051 1010 1051 974 1051 900 1049 888 1039 886 1039 885 1039 861 1039 860 1039 858 1039 857 1039 845 1050 844 1050 829 1050 705 1043 703 1043 673 1049 671 1049 659 1038 658 1038 657 1038 655 1038 576 1047 556 1037 555 1037 554 1037 495 1047 492 1049 414 1049 410 1047 368 1035 367 1035 365 1035 305 1046 303 1046 162 1046 162 1076"/></Shape>
	    <String CONTENT="pance qu’ils monſtroyẽt auoir en leurs volontez."
                    HPOS="162"
                    VPOS="1035"
                    WIDTH="1026"
                    HEIGHT="62"
                    WC="0.9964188495460822"></String>
          </TextLine>
          <TextLine ID="line_18"
                    TAGREFS="LT8"
                    BASELINE="162 1132 1187 1141" 
                    HPOS="161"
                    VPOS="1090"
                    WIDTH="1026"
                    HEIGHT="70">
            <Shape><Polygon POINTS="161 1141 192 1150 193 1150 194 1150 241 1145 309 1153 311 1153 377 1145 494 1154 495 1154 600 1146 670 1156 671 1156 725 1148 747 1157 749 1157 750 1157 751 1157 769 1149 828 1157 829 1157 884 1149 1009 1158 1010 1158 1012 1158 1041 1150 1140 1160 1141 1160 1185 1150 1187 1141 1187 1104 1107 1098 1105 1098 1104 1098 1103 1098 1097 1102 1088 1109 1069 1102 1059 1098 1057 1098 1056 1098 1055 1098 1041 1102 1020 1108 974 1101 941 1097 940 1097 938 1097 928 1101 910 1108 834 1108 824 1100 817 1096 816 1096 814 1096 766 1096 765 1096 763 1096 762 1096 757 1100 750 1105 723 1100 695 1094 694 1094 693 1094 683 1100 673 1105 658 1100 645 1094 643 1094 642 1094 641 1094 633 1098 622 1105 614 1098 613 1098 611 1098 610 1098 592 1098 476 1104 466 1097 456 1092 455 1092 454 1092 452 1092 451 1092 435 1097 422 1102 416 1097 410 1092 408 1092 407 1092 384 1092 383 1092 381 1092 380 1092 373 1097 365 1102 225 1102 217 1096 211 1090 209 1090 208 1090 207 1090 205 1090 189 1096 176 1100 164 1096 162 1132 161 1141"/></Shape>
	    <String CONTENT="Ceux que le Roy aimoit, ſembloyent hays de Mõ"
                    HPOS="161"
                    VPOS="1090"
                    WIDTH="1026"
                    HEIGHT="70"
                    WC="0.9850408059099446"></String>
          </TextLine>
          <TextLine ID="line_19"
                    TAGREFS="LT8"
                    BASELINE="154 1193 1185 1198" 
                    HPOS="153"
                    VPOS="1153"
                    WIDTH="1032"
                    HEIGHT="64">
            <Shape><Polygon POINTS="154 1193 153 1201 172 1210 173 1210 174 1210 340 1204 412 1213 414 1213 474 1205 528 1212 530 1212 645 1205 787 1212 789 1212 821 1206 834 1214 836 1214 837 1214 838 1214 896 1206 968 1216 969 1216 1108 1208 1120 1216 1121 1216 1123 1216 1124 1217 1163 1217 1163 1216 1164 1216 1184 1206 1185 1198 1185 1169 1140 1157 1139 1157 1137 1157 1136 1157 1113 1169 1041 1169 1027 1157 1025 1157 1024 1157 1023 1157 970 1165 925 1156 924 1156 922 1156 901 1168 693 1168 626 1154 625 1154 556 1165 539 1154 538 1154 536 1154 483 1154 482 1154 480 1154 479 1154 468 1164 427 1165 419 1158 418 1158 416 1158 415 1158 225 1162 178 1153 177 1153 176 1153 154 1162 154 1193"/></Shape>
	    <String CONTENT="ſieur: ceux que Monſieur aimoit, n’eſtoyẽt en ap¬"
                    HPOS="153"
                    VPOS="1153"
                    WIDTH="1032"
                    HEIGHT="64"
                    WC="0.9888660705089569"></String>
          </TextLine>
          <TextLine ID="line_20"
                    TAGREFS="LT8"
                    BASELINE="158 1252 1187 1258" 
                    HPOS="158"
                    VPOS="1212"
                    WIDTH="1029"
                    HEIGHT="65">
            <Shape><Polygon POINTS="158 1252 158 1270 236 1265 245 1270 247 1272 248 1272 249 1272 251 1272 252 1272 253 1272 255 1270 265 1261 337 1261 526 1269 534 1269 535 1269 536 1269 552 1262 578 1269 583 1270 584 1270 586 1270 625 1269 723 1264 745 1268 777 1276 778 1277 810 1277 810 1276 811 1276 813 1276 822 1268 828 1265 845 1268 893 1276 894 1276 965 1268 966 1268 1020 1277 1021 1277 1064 1269 1172 1274 1173 1274 1175 1274 1176 1274 1185 1266 1187 1258 1185 1228 1075 1216 1073 1216 1072 1216 1053 1226 1052 1226 1024 1216 1023 1216 1021 1216 1020 1216 997 1226 982 1214 981 1214 980 1214 978 1214 977 1214 945 1225 938 1218 937 1218 936 1218 934 1218 894 1225 893 1225 892 1225 852 1214 850 1214 849 1214 848 1214 822 1225 821 1225 817 1225 761 1213 759 1213 707 1221 673 1213 671 1213 670 1213 669 1213 667 1213 655 1224 654 1225 575 1225 572 1224 544 1212 543 1212 472 1212 471 1212 470 1212 468 1212 451 1222 450 1222 158 1221 158 1252"/></Shape>
	    <String CONTENT="parence guere biẽ veus du Roy duquel pluſieurs"
                    HPOS="158"
                    VPOS="1212"
                    WIDTH="1029"
                    HEIGHT="65"
                    WC="0.9978426745597352"></String>
          </TextLine>
          <TextLine ID="line_21"
                    TAGREFS="LT8"
                    BASELINE="156 1310 1189 1318" 
                    HPOS="154"
                    VPOS="1270"
                    WIDTH="1035"
                    HEIGHT="65">
            <Shape><Polygon POINTS="156 1310 154 1318 169 1328 170 1328 172 1328 173 1328 211 1321 227 1328 228 1328 229 1328 438 1321 439 1321 440 1321 500 1330 502 1330 559 1324 631 1330 633 1330 634 1330 653 1324 655 1322 670 1324 743 1330 745 1330 789 1325 801 1324 836 1325 924 1330 925 1330 949 1326 961 1325 976 1328 1017 1335 1019 1335 1020 1335 1021 1335 1029 1328 1032 1326 1048 1328 1107 1335 1108 1335 1188 1329 1189 1318 1189 1286 1167 1276 1165 1276 1164 1276 1116 1284 1105 1276 1104 1276 1103 1276 1043 1276 1041 1276 1040 1276 1039 1276 1029 1284 1019 1276 1019 1274 1017 1274 1016 1274 1014 1274 1013 1274 1012 1274 998 1284 985 1274 984 1274 982 1274 952 1274 950 1274 949 1274 918 1285 918 1286 861 1286 860 1285 838 1276 837 1276 836 1276 834 1276 811 1284 488 1282 466 1270 464 1270 415 1270 414 1270 412 1270 391 1281 389 1281 380 1281 275 1274 273 1274 211 1280 202 1280 192 1273 190 1273 189 1273 188 1273 156 1278 156 1310"/></Shape>
	    <String CONTENT="(voyans les Huguenots entrer en credit) diſoyẽt"
                    HPOS="154"
                    VPOS="1270"
                    WIDTH="1035"
                    HEIGHT="65"
                    WC="0.9899626895785332"></String>
          </TextLine>
          <TextLine ID="line_22"
                    TAGREFS="LT8"
                    BASELINE="154 1368 1187 1376" 
                    HPOS="153"
                    VPOS="1325"
                    WIDTH="1034"
                    HEIGHT="67">
            <Shape><Polygon POINTS="154 1368 153 1376 177 1387 178 1387 180 1387 267 1380 375 1388 376 1388 506 1381 539 1389 540 1389 542 1389 635 1381 670 1391 671 1391 673 1391 730 1383 1163 1392 1164 1392 1165 1392 1185 1385 1187 1376 1185 1345 1143 1345 1143 1344 1119 1332 1117 1332 1116 1332 1024 1344 1014 1344 945 1344 944 1343 925 1330 924 1330 922 1330 921 1330 876 1337 846 1330 845 1330 844 1330 842 1330 828 1339 817 1329 816 1329 814 1329 746 1329 745 1329 743 1329 742 1329 727 1341 713 1329 711 1329 710 1329 709 1329 707 1329 677 1340 599 1340 548 1340 546 1340 524 1328 523 1328 522 1328 520 1328 494 1337 482 1326 480 1326 479 1326 439 1326 438 1326 436 1326 435 1326 418 1339 416 1339 379 1339 307 1337 292 1325 291 1325 289 1325 265 1325 264 1325 263 1325 261 1325 244 1337 243 1337 154 1337 154 1368"/></Shape>
	    <String CONTENT="tout haut, qu’ils luy auoyẽt deſrobé le cœur. Mais"
                    HPOS="153"
                    VPOS="1325"
                    WIDTH="1034"
                    HEIGHT="67"
                    WC="0.9868840460593884"></String>
          </TextLine>
          <TextLine ID="line_23"
                    TAGREFS="LT8"
                    BASELINE="150 1428 1187 1435" 
                    HPOS="149"
                    VPOS="1388"
                    WIDTH="1038"
                    HEIGHT="63">
            <Shape><Polygon POINTS="204 1419 197 1399 150 1399 150 1428 149 1435 208 1444 209 1444 317 1437 319 1437 356 1447 357 1447 359 1447 360 1447 385 1439 438 1447 439 1448 608 1448 608 1447 610 1447 638 1440 639 1440 647 1440 787 1447 789 1447 836 1441 841 1441 844 1441 869 1449 870 1449 872 1449 873 1449 898 1443 902 1441 913 1443 978 1451 980 1451 1185 1444 1187 1435 1187 1405 1147 1395 1145 1395 1144 1395 1143 1395 1141 1395 1128 1404 1047 1404 1036 1395 1035 1395 1033 1395 1032 1395 968 1401 940 1391 938 1391 937 1391 885 1397 853 1391 852 1391 850 1391 816 1401 802 1391 801 1391 799 1391 798 1391 759 1399 745 1389 743 1389 742 1389 741 1389 572 1400 555 1388 554 1388 552 1388 551 1388 508 1396 478 1388 476 1388 475 1388 474 1388 451 1400 419 1400 397 1388 396 1388 395 1388 353 1399 209 1399 204 1419"/></Shape>
	    <String CONTENT="pource qu’en pluſieurs endroits du Royaume on"
                    HPOS="149"
                    VPOS="1388"
                    WIDTH="1038"
                    HEIGHT="63"
                    WC="0.9957079450289409"></String>
          </TextLine>
          <TextLine ID="line_24"
                    TAGREFS="LT8"
                    BASELINE="150 1483 1184 1492" 
                    HPOS="149"
                    VPOS="1443"
                    WIDTH="1035"
                    HEIGHT="65">
            <Shape><Polygon POINTS="204 1476 197 1453 150 1453 150 1483 149 1493 190 1501 192 1501 588 1499 596 1505 598 1505 599 1505 600 1505 876 1501 886 1508 888 1508 889 1508 890 1508 1183 1503 1184 1492 1183 1463 1109 1463 1108 1461 1095 1451 1093 1451 1092 1451 1091 1451 1029 1457 1019 1449 1017 1449 1016 1449 1014 1449 1013 1449 984 1460 982 1460 842 1460 841 1459 828 1448 826 1448 825 1448 824 1448 778 1459 774 1459 699 1459 698 1457 655 1447 654 1447 653 1447 651 1447 631 1457 615 1447 614 1447 613 1447 611 1447 610 1447 586 1456 586 1457 448 1457 446 1456 430 1444 428 1444 427 1444 426 1444 424 1444 391 1455 389 1455 387 1455 291 1443 289 1443 239 1453 236 1453 209 1453 204 1476"/></Shape>
	    <String CONTENT="leur faiſoit des torts &amp; imures, la royne de Nauar"
                    HPOS="149"
                    VPOS="1443"
                    WIDTH="1035"
                    HEIGHT="65"
                    WC="0.9911658024787903"></String>
          </TextLine>
          <TextLine ID="line_25"
                    TAGREFS="LT8"
                    BASELINE="149 1545 1187 1553" 
                    HPOS="148"
                    VPOS="1501"
                    WIDTH="1039"
                    HEIGHT="63">
            <Shape><Polygon POINTS="149 1545 148 1552 169 1561 170 1561 172 1561 173 1561 174 1561 185 1555 332 1563 333 1563 418 1556 431 1563 432 1563 434 1564 1185 1564 1187 1553 1187 1519 1159 1508 1157 1508 1133 1508 1132 1508 1131 1508 1129 1508 1115 1519 1115 1520 1016 1520 1013 1519 989 1509 988 1509 986 1509 985 1509 984 1509 973 1517 973 1519 942 1519 942 1517 921 1507 920 1507 918 1507 917 1507 904 1513 830 1505 777 1505 775 1505 774 1505 773 1505 759 1516 746 1505 745 1505 743 1505 742 1505 741 1505 709 1516 707 1516 706 1516 683 1505 682 1505 681 1505 679 1505 641 1515 641 1516 543 1516 542 1515 526 1504 524 1504 523 1504 522 1504 520 1504 500 1509 494 1503 492 1503 491 1503 490 1503 488 1503 466 1511 439 1503 438 1503 436 1503 435 1503 434 1503 420 1513 419 1515 372 1515 371 1513 345 1503 344 1503 343 1503 341 1503 340 1503 327 1513 325 1513 307 1501 305 1501 304 1501 303 1501 301 1501 277 1512 277 1513 259 1513 259 1512 245 1501 244 1501 243 1501 241 1501 240 1501 209 1512 207 1512 149 1512 149 1545"/></Shape>
	    <String CONTENT="tre, les prîces de Nauarre &amp; de Cõdé, &amp; auec eux l’a"
                    HPOS="148"
                    VPOS="1501"
                    WIDTH="1039"
                    HEIGHT="63"
                    WC="0.9984445235945961"></String>
          </TextLine>
          <TextLine ID="line_26"
                    TAGREFS="LT8"
                    BASELINE="160 1604 1183 1610" 
                    HPOS="158"
                    VPOS="1563"
                    WIDTH="1025"
                    HEIGHT="65">
            <Shape><Polygon POINTS="160 1604 158 1612 204 1622 205 1622 273 1618 281 1624 283 1624 284 1624 285 1624 287 1624 304 1615 380 1615 415 1626 416 1626 418 1626 470 1616 710 1616 730 1627 731 1627 733 1627 890 1618 926 1628 928 1628 929 1628 1181 1618 1183 1610 1181 1579 1108 1577 1089 1567 1088 1567 1087 1567 1085 1567 1063 1573 1055 1567 1053 1567 1052 1567 996 1567 994 1567 993 1567 992 1567 982 1575 961 1567 960 1567 958 1567 957 1567 956 1567 944 1577 942 1577 874 1577 874 1576 866 1569 865 1569 864 1569 862 1569 861 1569 833 1576 824 1568 822 1568 821 1568 820 1568 818 1568 803 1576 719 1576 707 1565 706 1565 705 1565 670 1564 669 1564 667 1564 666 1564 654 1572 622 1564 621 1564 619 1564 618 1564 595 1575 595 1576 514 1576 512 1575 498 1564 496 1564 495 1564 494 1564 492 1564 470 1573 455 1564 454 1564 452 1564 451 1564 450 1564 448 1564 435 1575 434 1575 415 1565 414 1565 412 1565 411 1565 383 1573 383 1575 305 1575 304 1573 291 1563 289 1563 288 1563 287 1563 285 1563 252 1572 217 1563 216 1563 215 1563 213 1563 212 1563 197 1573 196 1573 160 1573 160 1604"/></Shape>
	    <String CONTENT="miral, enuoyerẽt vers le Roy, quatre gẽtilshõmes"
                    HPOS="158"
                    VPOS="1563"
                    WIDTH="1025"
                    HEIGHT="65"
                    WC="0.9916590872932883"></String>
          </TextLine>
          <TextLine ID="line_27"
                    TAGREFS="LT8"
                    BASELINE="158 1660 1184 1668" 
                    HPOS="157"
                    VPOS="1620"
                    WIDTH="1027"
                    HEIGHT="68">
            <Shape><Polygon POINTS="158 1660 157 1670 189 1683 190 1683 192 1683 291 1672 339 1674 352 1684 353 1684 355 1684 356 1684 407 1676 462 1684 463 1684 464 1684 500 1674 560 1683 562 1683 630 1675 670 1687 671 1687 673 1687 719 1676 838 1676 866 1688 868 1688 869 1688 936 1687 937 1687 938 1687 952 1678 992 1688 993 1688 994 1688 996 1688 1013 1682 1065 1688 1067 1688 1183 1678 1184 1668 1184 1639 1153 1627 1152 1627 1077 1627 1076 1627 1075 1627 1073 1627 1061 1636 1059 1639 1021 1639 1017 1636 1001 1628 1000 1628 998 1628 997 1628 996 1628 988 1635 978 1628 977 1628 976 1628 974 1628 973 1628 960 1635 956 1638 880 1638 872 1634 842 1624 841 1624 840 1624 838 1624 813 1634 810 1634 801 1634 745 1627 743 1627 742 1627 741 1627 735 1632 733 1635 671 1635 622 1634 618 1631 610 1623 608 1623 607 1623 531 1623 530 1623 528 1623 516 1628 506 1634 403 1634 391 1627 377 1622 376 1622 351 1622 349 1622 348 1622 347 1622 341 1627 333 1632 312 1626 293 1620 292 1620 291 1620 289 1620 273 1626 255 1631 219 1631 209 1624 204 1620 202 1620 201 1620 200 1620 158 1623 158 1660"/></Shape>
	    <String CONTENT="ſignalez:ſçauoir eſt, Briquemaut le pere canciẽ ſer"
                    HPOS="157"
                    VPOS="1620"
                    WIDTH="1027"
                    HEIGHT="68"
                    WC="0.9851475268040063"></String>
          </TextLine>
          <TextLine ID="line_28"
                    TAGREFS="LT8"
                    BASELINE="162 1720 1184 1726" 
                    HPOS="161"
                    VPOS="1680"
                    WIDTH="1023"
                    HEIGHT="63">
            <Shape><Polygon POINTS="162 1720 161 1728 241 1738 243 1738 365 1731 428 1740 430 1740 520 1732 542 1739 543 1739 544 1739 777 1735 786 1742 787 1742 789 1742 790 1742 861 1735 929 1743 930 1743 1025 1742 1027 1742 1028 1742 1036 1735 1156 1743 1157 1743 1159 1743 1183 1734 1184 1726 1184 1694 1160 1684 1159 1684 1157 1684 1156 1684 1135 1692 1125 1684 1124 1684 1123 1684 1088 1684 1087 1684 1085 1684 1084 1684 1075 1692 1064 1684 1063 1684 1061 1684 1060 1684 1059 1684 1031 1694 1029 1694 994 1684 993 1684 992 1684 990 1684 989 1684 978 1694 977 1695 946 1695 865 1694 865 1692 849 1683 848 1683 846 1683 845 1683 844 1683 824 1692 775 1683 746 1683 745 1683 743 1683 742 1683 731 1692 730 1692 574 1692 574 1691 562 1682 560 1682 559 1682 558 1682 556 1682 536 1691 535 1691 534 1691 492 1682 491 1682 490 1682 488 1682 478 1691 476 1692 420 1692 419 1691 405 1680 404 1680 403 1680 372 1680 371 1680 369 1680 368 1680 356 1690 340 1680 339 1680 300 1680 299 1680 297 1680 296 1680 281 1690 280 1690 162 1690 162 1720"/></Shape>
	    <String CONTENT="uiteur du Roy, &amp; des vieux Capitaines de la Frã¬"
                    HPOS="161"
                    VPOS="1680"
                    WIDTH="1023"
                    HEIGHT="63"
                    WC="0.9875883016051078"></String>
          </TextLine>
          <TextLine ID="line_29"
                    TAGREFS="LT8"
                    BASELINE="160 1780 1185 1784" 
                    HPOS="158"
                    VPOS="1735"
                    WIDTH="1027"
                    HEIGHT="67">
            <Shape><Polygon POINTS="158 1788 211 1799 212 1799 213 1799 235 1791 323 1799 324 1799 810 1792 846 1802 848 1802 849 1802 913 1794 926 1800 928 1800 929 1800 964 1794 972 1800 973 1800 974 1800 976 1800 1088 1795 1156 1802 1157 1802 1159 1802 1184 1792 1185 1784 1184 1752 1088 1752 1085 1750 1064 1739 1063 1739 1061 1739 1060 1739 1059 1739 1045 1750 1043 1752 990 1752 982 1748 960 1739 958 1739 957 1739 956 1739 954 1739 941 1747 925 1739 924 1739 922 1739 921 1739 920 1739 908 1747 904 1751 898 1747 889 1739 888 1739 886 1739 885 1739 884 1739 862 1747 861 1747 860 1746 844 1738 842 1738 841 1738 840 1738 825 1746 816 1751 758 1751 747 1744 737 1738 735 1738 734 1738 733 1738 731 1738 717 1744 706 1748 699 1743 691 1738 690 1738 689 1738 687 1738 686 1738 674 1743 671 1744 663 1743 637 1738 635 1738 634 1738 633 1738 627 1743 617 1750 600 1742 591 1738 590 1738 588 1738 587 1738 586 1738 582 1742 570 1751 543 1751 520 1740 512 1738 511 1738 510 1738 508 1738 507 1738 504 1740 491 1750 385 1750 367 1738 365 1738 364 1738 363 1738 361 1738 360 1738 347 1747 333 1738 332 1736 331 1736 329 1736 328 1736 320 1738 291 1743 245 1736 243 1736 241 1736 240 1736 196 1747 161 1735 160 1780 158 1788"/></Shape>
	    <String CONTENT="ce) Teligny gendre de l’Admiral, la Noue, beau¬"
                    HPOS="158"
                    VPOS="1735"
                    WIDTH="1027"
                    HEIGHT="67"
                    WC="0.9954689905998555"></String>
          </TextLine>
          <TextLine ID="line_30"
                    TAGREFS="LT8"
                    BASELINE="158 1838 1181 1843" 
                    HPOS="157"
                    VPOS="1796"
                    WIDTH="1024"
                    HEIGHT="67">
            <Shape><Polygon POINTS="158 1838 157 1846 231 1854 232 1854 351 1848 372 1858 373 1858 375 1858 376 1858 377 1858 388 1850 454 1850 476 1859 478 1859 479 1859 623 1850 683 1860 685 1860 842 1851 926 1860 928 1860 1047 1852 1077 1862 1079 1862 1080 1863 1147 1863 1147 1862 1148 1862 1180 1851 1181 1843 1181 1814 1147 1802 1145 1802 1144 1802 1143 1802 1120 1812 1120 1814 1000 1814 997 1811 982 1800 981 1800 980 1800 925 1799 924 1799 877 1810 872 1811 868 1810 840 1799 838 1799 837 1799 787 1810 775 1811 647 1811 642 1807 619 1798 618 1798 592 1798 591 1798 590 1798 588 1798 576 1807 574 1808 570 1807 543 1798 542 1798 540 1798 539 1798 538 1798 527 1806 522 1810 462 1810 450 1806 415 1796 414 1796 412 1796 411 1796 395 1803 345 1796 344 1796 343 1796 341 1796 332 1804 331 1806 325 1804 297 1796 296 1796 295 1796 293 1796 292 1796 283 1804 276 1810 227 1810 216 1803 205 1796 204 1796 202 1796 201 1796 158 1802 158 1838"/></Shape>
	    <String CONTENT="frere de Teligny, &amp; Cauagnes Conſeiller au par¬"
                    HPOS="157"
                    VPOS="1796"
                    WIDTH="1024"
                    HEIGHT="67"
                    WC="0.9824138765639447"></String>
          </TextLine>
          <TextLine ID="line_31"
                    TAGREFS="LT8"
                    BASELINE="161 1894 1184 1906" 
                    HPOS="160"
                    VPOS="1854"
                    WIDTH="1024"
                    HEIGHT="65">
            <Shape><Polygon POINTS="201 1889 194 1864 161 1866 161 1894 160 1903 169 1910 170 1910 172 1910 173 1910 343 1906 388 1913 389 1913 547 1909 572 1909 1181 1919 1184 1906 1184 1871 1173 1863 1172 1863 1171 1863 1109 1863 1108 1863 1107 1863 1105 1863 1092 1874 1089 1875 1072 1875 1071 1874 1057 1862 1056 1862 1055 1862 1024 1862 1023 1862 1021 1862 992 1873 989 1873 916 1867 914 1867 913 1867 898 1873 890 1875 880 1873 845 1859 844 1859 798 1859 797 1859 795 1859 757 1871 754 1871 745 1871 678 1866 677 1866 675 1866 674 1866 667 1870 665 1873 658 1870 618 1856 617 1856 615 1856 614 1856 571 1870 570 1870 567 1870 530 1856 528 1856 527 1856 526 1856 484 1869 479 1871 396 1871 393 1869 377 1854 376 1854 375 1854 357 1854 356 1854 355 1854 353 1854 336 1869 335 1869 324 1867 253 1860 252 1860 208 1863 201 1889"/></Shape>
	    <String CONTENT="lement de Thoulouſe: pour faire entendre à ſa"
                    HPOS="160"
                    VPOS="1854"
                    WIDTH="1024"
                    HEIGHT="65"
                    WC="0.9829761165639629"></String>
          </TextLine>
          <TextLine ID="line_32"
                    TAGREFS="LT8"
                    BASELINE="161 1953 1183 1961" 
                    HPOS="160"
                    VPOS="1913"
                    WIDTH="1023"
                    HEIGHT="60">
            <Shape><Polygon POINTS="201 1945 194 1925 161 1925 161 1953 160 1965 172 1971 173 1971 174 1971 251 1966 331 1973 332 1973 1181 1971 1183 1961 1183 1933 1133 1919 1132 1919 1131 1919 1129 1919 1128 1919 1112 1931 1111 1933 1035 1933 1033 1931 1014 1918 1013 1918 1012 1918 1010 1918 1009 1918 982 1926 952 1918 950 1918 949 1918 948 1918 946 1918 932 1930 930 1930 832 1930 830 1930 816 1917 814 1917 813 1917 811 1917 810 1917 785 1925 774 1917 773 1917 771 1917 703 1917 702 1917 701 1917 679 1929 678 1929 669 1929 615 1922 614 1922 411 1926 384 1926 383 1926 365 1914 364 1914 363 1914 331 1913 281 1913 280 1913 279 1913 256 1925 255 1925 207 1925 201 1945"/></Shape>
	    <String CONTENT="maieſté, les torts qu’on faiſoit à ceux de leur reli¬"
                    HPOS="160"
                    VPOS="1913"
                    WIDTH="1023"
                    HEIGHT="60"
                    WC="0.9963108030232516"></String>
          </TextLine>
          <TextLine ID="line_33"
                    TAGREFS="LT8"
                    BASELINE="169 2015 1183 2022" 
                    HPOS="168"
                    VPOS="1971"
                    WIDTH="1015"
                    HEIGHT="71">
            <Shape><Polygon POINTS="169 2015 168 2035 215 2037 216 2037 217 2037 220 2035 236 2027 245 2035 247 2037 248 2037 249 2037 251 2037 265 2035 337 2027 531 2034 614 2037 615 2037 639 2034 666 2030 691 2033 737 2039 738 2039 739 2039 751 2033 758 2030 770 2033 786 2037 787 2037 789 2037 832 2033 848 2031 852 2033 874 2041 876 2041 877 2042 909 2042 909 2041 910 2041 912 2041 922 2033 924 2031 942 2031 1067 2039 1068 2041 1172 2041 1172 2039 1173 2039 1175 2039 1181 2031 1183 2022 1183 1990 1155 1977 1153 1977 1152 1977 1151 1977 1108 1989 1084 1977 1083 1977 1023 1977 1021 1977 1020 1977 1019 1977 1012 1983 981 1975 980 1975 978 1975 977 1975 952 1986 940 1975 938 1975 937 1975 912 1975 910 1975 909 1975 908 1975 896 1986 866 1975 865 1975 864 1975 862 1975 861 1975 846 1987 824 1975 822 1975 777 1974 775 1974 774 1974 741 1987 706 1987 625 1987 623 1986 600 1974 599 1974 598 1974 522 1985 474 1973 472 1973 471 1973 388 1985 383 1985 235 1985 233 1983 200 1971 198 1971 197 1971 196 1971 169 1982 169 2015"/></Shape>
	    <String CONTENT="gion, contre l’intention expreſſe de ſes Edicts: Ie"
                    HPOS="168"
                    VPOS="1971"
                    WIDTH="1015"
                    HEIGHT="71"
                    WC="0.9915622098773134"></String>
          </TextLine>
        </TextBlock>
        <TextBlock HPOS="380.0"
                   VPOS="79.0"
                   WIDTH="563.0"
                   HEIGHT="63.0"
                   ID="block_1"
                   TAGREFS="BT18">
          <Shape><Polygon POINTS="943 79 943 142 380 142 380 79"/></Shape>
          <TextLine ID="line_0"
                    TAGREFS="LT8"
                    BASELINE="375 125 948 128" 
                    HPOS="373"
                    VPOS="90"
                    WIDTH="575"
                    HEIGHT="50">
            <Shape><Polygon POINTS="921 105 908 105 894 105 893 105 888 108 885 109 845 106 820 105 818 105 814 105 813 105 774 112 741 105 734 105 721 105 707 105 695 105 679 112 646 105 641 105 627 105 623 105 614 109 590 105 587 105 574 105 560 105 555 105 538 108 500 105 490 94 487 92 487 90 486 90 484 90 375 90 375 125 373 136 375 137 376 137 376 138 377 138 379 138 380 140 420 140 420 138 422 138 423 138 431 130 450 138 451 138 452 138 454 138 484 130 530 138 531 138 532 138 552 130 590 138 591 138 592 138 617 130 639 138 641 138 642 138 643 138 661 130 693 140 694 140 695 140 697 140 726 132 758 140 759 140 761 140 762 140 763 140 777 132 807 138 809 138 870 132 878 138 878 140 880 140 881 140 882 140 946 130 948 128 948 110 933 105 921 105"/></Shape>
	    <String CONTENT="DIALOGVE I."
                    HPOS="373"
                    VPOS="90"
                    WIDTH="575"
                    HEIGHT="50"
                    WC="0.9997896985574202"></String>
          </TextLine>
        </TextBlock>
        <TextBlock HPOS="1125.0"
                   VPOS="96.0"
                   WIDTH="69.0"
                   HEIGHT="55.0"
                   ID="block_2"
                   TAGREFS="BT15">
          <Shape><Polygon POINTS="1194 96 1194 151 1125 151 1125 96"/></Shape>
          <TextLine ID="line_1"
                    TAGREFS="LT8"
                    BASELINE="1115 129 1185 126" 
                    HPOS="1113"
                    VPOS="110"
                    WIDTH="72"
                    HEIGHT="40">
            <Shape><Polygon POINTS="1115 129 1115 138 1153 150 1155 150 1156 150 1157 150 1185 140 1185 126 1181 110 1113 112 1115 129"/></Shape>
	    <String CONTENT="129"
                    HPOS="1113"
                    VPOS="110"
                    WIDTH="72"
                    HEIGHT="40"
                    WC="0.9999995628992716"></String>
          </TextLine>
        </TextBlock>
        <TextBlock HPOS="520.0"
                   VPOS="2292.0"
                   WIDTH="326.0"
                   HEIGHT="66.0"
                   ID="eSc_textblock_0e7ecd52"
                   TAGREFS="BT9">
          <Shape><Polygon POINTS="520 2292 520 2358 846 2358 846 2292"/></Shape>
        </TextBlock>
      </PrintSpace>
    </Page>
  </Layout>
</alto>
