1455 2417
255 84 64 52 12

256 140 1033 74 de deniers qu’il auoit fourny au roy Heuty lors

257 220 1034 52 des guerres de monſieur de Guyſe en Toſcane) le

257 268 1030 60 quel il creut facilement, bien aiſe de çeſte occa¬

257 324 1031 68 liõ, puis que ſa maladie l’empeſchoit de paſſer ou

259 386 1028 63 tre: ayant dõc apprins le nom du Luquoys, & dou

259 448 1025 50 tant que le retardement des letres de ſa ſaincte¬

259 502 1022 63 té ne luy fuſt dommageable, il le pria de ſe char¬

260 562 1027 63 ger des letres & du tableau, qu’il luy remit entre

259 624 1026 59 mains, pour les liurer, comme il promit, au Car¬

259 678 1029 67 dinal. Ce Luquoys ne fut pas ſi toſt à Paris, que

257 741 1030 60 ayant rẽcontré vn peintre à ſa poſte, & l’occaſion

259 794 1028 58 de faire vn ſcorne à monſieur le Cardinal, fit faire

259 855 1030 64 vn tableau de meſme grandeur, où le Cardinal de

259 915 1028 62 Lorraine, la Royne ſa niece, la Royne menre, & la

260 973 1028 64 ducheſſe de Guyſe eſtoyẽt peints au vif nuds, ayãs

260 1036 1028 52 les brasau col, & les iambes entrelacees l’vn auec

257 1093 1031 63 l'autre: puis le fit ſoigneuſement empaqueter dãs

257 1150 1030 57 le rafetas & toile ciree de l’autre tableau, & trou¬

260 1213 1028 58 ua moyen de le faire conſigner,auec les lettres de

259 1268 1030 55 ſa ſaincteté, en la chambre du Cardinal, lors qu’il

256 1328 1032 55 eſtoit en conſeil, entre les mains d’vn de ſes ſecre

256 1387 1032 61 taires: Quand mõſieur le Cardinal reuenu du con

256 1443 1031 59 ſeil, eut leu les letres de ſa ſaincteté, il reſerua de

260 1505 1028 55 voir le tableau au lendemain diſner: auquel tout

256 1562 1032 64 expres il conuia meſsieurs les Cardinaux de Bour

257 1618 1028 60 bon, de Tournon, & de Guyſe, les ducs de Mont¬

259 1678 1022 70 penſier, & de Guyſe, & quelques autres grãds ſei¬

260 1742 1017 64 gneurs: ils ne furent pas au ſecond ſeruice, que

259 1797 1028 62 monſieur le Cardinal ayant fait lire tout haut les

259 1854 1025 60 letres de ſa ſaincteté, eſmeut tellement le deſir de

260 1918 1021 63 la compagnie à voir noſtre dame de grace, que

261 1976 1023 69 quittant le repas du corps pour repaiſtre leurs

522 81 507 58 DIALOGVE.

1111 2028 155 72 eſprits
