1430 2453
294 228 984 54 A TRES-EXCELLENTE ET

395 306 804 41 Tres-lſſtre Princeſſe Elixabeth Nomé

482 342 616 65 d’Angleterre, de France, d'Ir¬

685 403 221 58 lande &c.

448 572 846 61 A dame ie ſuis ſi mauuais flatteur, que ie ne

448 629 846 82 ſuis iamais plus aïze, qu’a lors que ie puis li¬

448 697 849 57 brement dire mon auis des choſes qui nous

286 750 1008 73 paſſent deuant les yeux, principalement s’elles ſont

293 813 1003 67 de quelque poids & conſequence. Que ſi d’auenture

287 872 1012 62 il ne m’eſt permis (comme ſouuent, cela eſt deffendu

288 930 1008 64 aux gens de bien, de peur qu’vn libre iugement n’of¬

291 992 1012 64 fenſe l’oreille des grans, ou que leurs mignons qui en

288 1052 1012 62 abuſent ne ſoyent par la cognus & chaſties,) Si te

288 1113 1012 58 puis alors pour le moins ayant mon recours au pa¬

290 1167 1010 66 pier faire parler quelque honnoſte homme, qui deſ¬

290 1229 1009 61 couure ce que i’en ſens, tout auſsi tuſt mes eſprits re

288 1287 1013 60 peus de ceſte liberté, vont reprenant nouuelle forge.

291 1343 1010 67 C’eſt ce qui fait que tout gaillard, tout reſolu ſans

287 1403 1016 60 nulle crainte (ne m’eſtant loiſible de dire) ie vous

291 1464 1008 58 offre pour maintenant vn Reueillematin, Madame,

286 1524 1013 60 tel que ma plume a peu tracer pour la gloire de no¬

284 1578 1012 66 ſtre Dieu, le bien de ſon Egliſe, voſtre grandeur &

288 1640 1015 63 voſtre eſtat, & pour celuy de vos voiſins. Ie ne vous

286 1702 1015 62 diſcours pas icy les matieres que i’v traite: la lectu¬

284 1759 1019 61 re les monſtrera & le ſubiet morite bion qu'on pre¬

283 1816 1021 63 ne la peine de le lire, Mais ie vous puis bien aſſeu¬

284 1875 1020 65 rer, Madame, qu’il n’y a rien de ſuperflu ( ſi ce n'eſt

283 1935 1022 66 axx trop delicats) rien de faux, rien qui ſoita indigne

283 1995 1022 62 d’eſtre dit & recommandé par eſcrit au temps à ve¬

284 2053 1023 63 nir: Voire rien du tout qui ne ſerue au bien public du

345 635 60 66 M

1164 2120 135 57 temps
