1430 2428
133 137 1016 68 ſa mere, monſtroyent deſirer que la royne de Na¬

136 210 1014 51 uarre, les princes de Nauare, & de Conde, & l’A¬

134 261 1018 58 miral vinſſent à la cour: afin que mettans à part

132 316 1017 53 toute desfiance, ils receuſſent de luy le bon viſa¬

134 373 1018 69 ge & accueil qu’il eſtoit preſt de leur faire. Quant

130 435 1022 61 au Roy, il deſitoit ſur toutes choſes, s’allier le prĩ

134 496 1016 58 ce de Nauarre, qu’il aimoit autãt que ſon propre

133 550 1019 65 frere: diſant qu’il luy vouloit donner ſa ſœur en

132 612 1020 59 mariage: S’aſſeurant, qu’outre ce que ce ſeroit vn

124 669 1028 55 rafreſchiſſement des ancienes alliances de la mai

129 724 1021 55 ſon de Nauarre, à celle de Valois, & vn teſmoi¬

133 783 1012 68 gnage de l’affection cordiale, que le Roy, la Roy¬

132 847 1018 51 ne ſa mere, & meſsieurs ſes freres portoyent à la

128 903 1021 58 royne de Nauarre, & au prince de Nauarre ſon

130 960 1020 58 fils: ce ſeroit auſsi vn certain moyen d’aſſeurer &

133 1019 1017 60 appaiſer à iamais l’eſtat de la France, & oſter aux

133 1079 1016 62 Huguenots tout ſoupçõ qu’on leur vueille doreſ¬

130 1138 1018 58 enauant nuire. Partant, le Roy, & la Royne me¬

125 1193 1027 65 re,prioyent affectueuſement les deputez, d’aſſeu¬

129 1253 1024 58 rer en toutes ſortes la toyne de Nauarre, les Prin

133 1311 1015 62 ces, & l’Admiral, de leur bonne volonté; & pro¬

122 1369 1030 64 curer que bien toſt le Roy les peuſt voir en ſa

133 1429 1017 60 cour. Les deputez, trefaiſes de voir ce qu’ils n’a¬

134 1490 1019 62 uoyent iamais cuidé, & d’ouyr ce qu’ils n’auoyent

133 1548 1019 59 iamais eſperé, reſcriuoyent bien ſouuent, & quel¬

121 1603 1031 62 quefois aucun d’eux alloit à la Rochelle, par de¬

126 1661 1023 66 uers la royne de Nauarre, les Princes, & l’Admi¬

133 1722 1021 62 ral, leur racontans merueilles des langages, fa¬

138 1781 1018 60 çons & affections du Roy enuers eux. Le Mareſ¬

133 1837 1021 59 chal de Mont-morẽcy, & ſes freres couſins del’A

136 1896 1018 63 miral, faiſoyent auſsi tout le deuoinà eux poſsi¬

138 1954 1019 69 ble, pour aſſeurer & teſmoigner la volonté du

323 79 572 50 DIALOGVE I

1102 105 42 33 V.
