1436 2428
134 144 1041 66 les armees & forces que Charles aſſemble, pour

134 209 876 51 en exterminer la memoire deſſus la terre.

172 290 1004 39 y ea paremlement lareit dome par Chanes,

133 346 1039 41 Apal iou parlement de paris, contre lAmal.

133 381 1041 65 l'ateſt contre Briquemaut & Cauagnes, & tout ce

136 441 1038 63 qui fait à voir: ayans ouy ſur beaucoup d’autres

136 499 1036 66 particularitez l’Hiſtoriographe, le Politique, &

136 559 1038 62 pluſieurs autres teſmoinsdignes de foy: & ſur tout

136 617 1027 64 cela, eſcouté les plainctes, requeſtes, & prieres

139 671 1032 70 trechumbles de l’Egliſe, laquelle nous ſcauons a¬

137 736 1034 61 uoar touſiours auparauant prié bien & affectueu¬

136 794 1036 54 ſement pour la conuerſion de ſes ennemis, con ſer

136 853 1035 61 uation & accroiſſement de leur eſtat & grandeur,

139 910 1031 69 pendant qu’elle y a veu quelque eſperance d’amẽ

136 971 1036 52 dement. Le tout bien conſideré, Nous auons dit

136 1027 1036 64 & diſons, que les Lutheriens & Huguenots de la

136 1091 1036 56 France, n’ont tenu, comme ils ne tienent, aucun

137 1145 1029 63 erreur ne propoſition fauſſe en matiere de la foy

136 1207 1034 62 & religion: ains tienent la pure, vraye, & ſaincte

139 1262 1031 65 doctrine Chreſtienne, que la vraye Egliſe catho¬

137 1319 1033 64 lique (de laquelle Ieſus Chriſt eſt le chef) a tenu

134 1379 1037 61 & confeſſé, tient & confeſſe, auec tous les ſaincts

134 1441 1036 61 martyrs qui ſont morts pour la ſeeller de leur

136 1498 1032 64 ſang: la meſme (à qui bien l’entend) que les Egli

136 1553 1032 68 ſes; d’Allemagne, d’Angleterre, d’Eſcoſſe, de Su¬

136 1615 1032 64 ede, de Dannemarc, de Noruege, de Suyſſe, &

137 1678 1033 58 tous, autres eſleus & enfans de Dieu tiennent &

136 1733 1038 63 confeſſent, ayans enſemble meſmes marques & ſa

136 1792 1040 64 cremens, ainſi qu’il appert ſuffiſammẽt à tout hõ¬

140 1853 1051 62 me, qui ſans paſsion, pour ſeulement donner gloi

136 1910 1058 64 re à Dieu, y regardera de pres. Qu’ils ont puiſé;

137 1966 1049 68 & tiré ceſte doctrine des ſainctes Eſcritures du

326 84 562 50 DIADOGVE I.

1110 101 50 40 135

889 2024 129 62 L.iiii.
