1407 2410
139 145 1030 57 nue, qui iamais ſut en France: la Royne-mere la

136 206 1032 53 recueillit comme ſa treſchere ſœur: toute la cour

136 262 948 63 en ſomme, s’en reſiouiſſoit, en double façon.

198 322 973 64 Le mariage du prince de Nauarre, auec Mada

138 384 1031 57 me ſœur du Roy, fut (apres pluſieurs menees, &

136 441 1033 51 difficultez faites ſur la forme des ceremonies) en

135 499 1033 59 fin conclu & arreſté: & auiſé que les promeſſes

135 556 1033 61 des eſpoux à venir, ſeroyent receuës par le cardi¬

135 617 1033 60 nal de Bourbon, hors des ceremonies de l’egliſe

136 677 1031 58 Romaine, pour ne point forcer la conſcience du

136 733 1029 66 prince de Nauarre Huguenot. Quelque temps a¬

138 792 1030 56 pres, la royne de Nauarre fort contente, partit de

134 850 1034 61 la cour, qui pour lors eſtoit à Bloys, pour s’en al¬

135 905 1033 57 ler à Paris. L’Amiral auſsi s’eſtoit retiré aupara¬

134 965 1034 57 uant en ſa maiſon de Chaſtillõ, où il receuoit ſou

135 1026 1033 63 uent letres & meſſages du Roy, qui luy demãdoit

132 1080 1032 63 ſon conſeil és affaires occurrens, eſquels il mon¬

129 1144 1036 58 ſtroit ne vouloir rien reſoudre d’importance, ſans

135 1199 221 60 ſon auis.

351 84 572 49 DIALOGVE I.

1117 98 48 48 35

195 1258 969 63 La royne de Nauarre au partir de la cour, e¬

134 1318 1031 54 ſtant venue à Paris, tomba malade, & cinq iours

134 1376 1030 67 apres mourut, en l’aage de 43.à 44. ans, d’vn bou¬

132 1432 1033 62 con qui luy fut donné à vn feſtin, où le duc d’An¬

129 1491 1039 64 iou eſtoit, ſelon que i’ay ouy dire à vn de ſes do¬

134 1554 1030 60 meſtiques: dont on ne voulut parler, de peur que

132 1610 1033 62 ce fuſt occaſion de rompre ledict ma riage, deſiré

132 1682 958 47 dé tous les amnateurs de Paix & ſans ſoupçon.

134 1729 1029 61 Ali. Le Seigneur a accouſtumé de retirer en vne

134 1787 1033 66 façon ou en l’autre, ſes bien-aimez en paix, quand

134 1844 1031 66 il veut faire venir quelque mal fur ſon peuple:

135 1901 1030 67 Ainſi le promit-il & l’obferua à Ioſias roy dIſra¬

136 1962 635 70 el, pour vn ſingulier beneſice.

926 2022 97 60 C.ii.
