1426 2410
133 129 1033 66 conſeils ſoyent diligemment executees & volon¬

133 196 1037 51 tairement, ſans aucune cunctation (com me deuãt

131 251 918 60 Dieu) ſur peine de correction exemplaire.

254 311 912 57 Que tous les ans aux calendes de Ianuier,

129 365 1041 66 les 25. ſe depoſent de leurs charges en l’aſſemblet

133 429 1038 61 des cent, & puis demeurans perſonnes priuees (ſi

131 488 1036 58 non du nombre des cent) par l’aduis d’eux tous,

132 543 1036 62 on procede à nouuelle election d’autres:à ſçanoir

133 601 1033 63 d’vn Maieur & 24. conſeillets, qui ſeront choiſis

133 660 1037 57 comme eſt dict cy deſſus, & dont ne ſeront exelus

133 720 1037 55 ceux qui ſe ſeront nouuellement depoſez s’il eſt

132 776 1040 66 trouué bon à la pluralité des voix,excepté le Ma¬

132 836 1035 66 ieur qui ne pourra eſtre appellé à meſme charge,

129 895 1039 56 qu'il n'y ait deux ans d’interualle pour le moins:

132 955 1040 61 mais demeurera du nombre des 2a conſeillers

133 1014 1030 62 pour ceſte annee, en ſorte qu’il n’y en aura que 23.

132 1072 1035 60 à eſſire de nouueau: & puis le nouueau Maieuf

129 1131 1039 61 qui ſera le 25. & aduenant la mort de quelqu’vn

131 1187 1029 66 d’eux dans l’an, ſeront aſſemblez les cent, qui y

135 1247 1029 66 pouruoirront pour le reſte de l’annee, ſelõ qu’ils

133 1308 401 53 verront bon eſtre,

324 69 587 48 DIALOGVE I.

1089 78 65 49 114

149 1364 1017 67 10 Que ces 25. le iour enſuyuant leur electiõ

129 1424 1038 62 caſſent les 75. & en eſliſent autant en leut place

135 1484 1033 54 comme deſſus, dont ſeronit exclus ceux qui en au¬

136 1541 1031 57 ront eſté l’annee derniere ſeulement, & ſoit ainſi

141 1599 873 65 pourſuyui ceſt ordre tant que beſoin ſera.

200 1658 972 66 11 Que ſi quelqu’vn dudict conſeil des cent

139 1717 1029 65 eſt appellé à quelque charge ciuile ou militaire,

140 1774 1032 68 ſoit depoſé d’entre les cent, ſinon qu’il fuſt enuoyé

141 1838 1027 60 en qualité de commiſſaire pour traiter de paix,

144 1895 1026 65 guerre, ou autre affaire publicque, auec Princes

143 1952 369 68 ou Republiques.

945 2009 52 58 K
