1420 2423
238 203 1016 79 gentilshommes d’entre vous enui¬

245 288 1020 78 ron le temps des maſſacres de Paris

247 370 1012 80 pour auoir l’auis du deffunct Sei¬

247 453 1018 84 gneur Amiral, l’vn des parens de la

247 541 1018 75 France, & vous y conduire ſelon

253 621 372 72 ſon conſeil.

553 119 322 55 EPISTRE.

328 704 933 80 En ce qu’ayant ſceu les nouuel¬

250 786 1008 71 les des ces horribles maſſacres, eſ¬

250 870 1017 79 quels l’Amiral deuant l’arriuee de

254 954 1012 79 vos gentils homes fut tué, vous deſ¬

253 1037 1014 82 pouillaſtes tout auſſi toſt l’opinion

251 1124 1019 78 bonne que vous auiez de la maiſon

253 1210 1014 75 de Valoys, pour en veſtir vne tres

255 1289 1015 78 veritable, la recognoiſſans pour la

255 1373 1006 84 plus traiſtreſſe, & deſlovale mai¬

254 1461 493 70 ſon de la terre.

321 1541 945 79 En ce que vous euſſiez lors vo¬

254 1622 1013 78 lontiers en deteſtation d’vn tel cri¬

255 1709 1014 79 me, eſſeu pluſtoſt vn muletier, ou

257 1793 1009 83 quelque autre bon toucheur d’af¬

258 1880 1007 81 nes, que pas vn de tous ces Bou¬

262 1957 1011 85 chiers, n’euſt eſté qu’il vous eſtoit

1119 2037 149 75 force
