1430 2404
147 118 1022 70 Roy, lequel neantmoins par ſon Edict leur com¬

145 182 1024 54 mandoit de mettre les armes bas, & viure au ſur¬

147 243 1025 62 plus (leur conſcience ſauue) en paix comme aupa¬

143 299 1039 60 rauant, ſous les loix & police de ſon Royaume.

376 54 554 55 DIALOGVEE

138 355 1030 64 Le pol. Tu as oublié de dire, que la Royne d’An¬

133 418 1041 62 gleterre (pour la conformité de la doctrine qu’el¬

138 474 1028 62 le & ſes ſuiets ont auec les Huguenots) leur en¬

140 534 1022 62 uoya durant la guerre, vn grand & puiſſant ſe¬

140 594 1026 59 cours:qui fut cauſe en partie, de faire haſter la re¬

140 647 444 66 ſolution de la paix.

132 703 1036 68 L’hiſt. Tu as raiſon: Mais pour reprendre le fil de

140 763 1028 65 mon diſco urs, l’Edict de paciſication ne fut pas ſi

141 825 1025 63 toſt publi é, que les Huguenots mitent les armes

137 882 1025 62 bas, & ſe conformãt en tout à la volonté du Roy

136 945 1025 59 declaree par ſon Edict, menoyent vne vie tran¬

138 998 1019 67 quille & paiſible. Quand la Royne mere, ſe ſou¬

138 1061 1024 62 uenant du tour qu’elle leur auoit ioué (les faiſant

140 1119 1020 53 armer à ſon beſoin & mandement, & neãtmoins

133 1177 1025 61 accommodãt d’autre part ſon authorité aux Lor

129 1236 1031 60 rains,pour les faite mieux entrebatre, & en auoit

138 1294 1022 64 ſon paſſe-temps) & doutant qu’ils ne peuſſent ou¬

133 1352 1031 63 blier la memoire d’vne telle offenſe, & que tout

136 1411 1028 64 le royau me eſtant d’accord, on ne fiſt quelque

136 1469 1026 65 deſſein de cõduire les affaites ſans elle, craignant

137 1529 1028 61 de perdre par ce moyẽ ſon authorité: ou poſsible

134 1589 1030 63 (comme Caton, qui appelloit conſpiration en¬

137 1645 1039 63 uers le pere de famille, la bonne intelligence de

137 1706 1029 62 ſes domeſtiques) ne pouuant voir plus lõg temps

137 1762 1028 61 l'eſtat de l’vn & l’autre parti en balance, elle mon

137 1821 1027 60 ſtra de vouloïr entierement fauoriſer le parti des

138 1881 1023 62 Lorrains: mais cependant elle s’acqueroit parti¬

138 1939 1026 67 culierement le plus qu’elle pouuoit d’autres par¬

1115 58 54 62 17

963 1991 42 64 B
