1438 2408
131 132 1041 68 „ Quant aux fideles François ſuruiuãs, nous leur

120 193 1055 63 auons eſtabli & eſtabliſſons par le preſent arreſt

116 258 1058 64 & iugement, les loix & ordõnances politiques qui

131 321 282 56 s’enſuyuent,

340 72 546 51 DIALOGVE I

159 375 1015 61 I Premierement, que comme les Niniuites

127 432 1047 54 à la voix de Ionas, les fdeles auſsi à la voix de

124 492 1048 59 Dieu courroucé, parlant par ſes ſeruiteurs, & ſes

123 549 1047 62 vetges & menaces, publient & obſeruent eſtroi¬

127 610 1041 61 tement & ſans hypocriſie, par autãt de iours que

128 664 1042 61 l'Egliſe auiſera, en chacune citè ou ville, où Dieu

121 725 1046 61 les aura retirez, vn ſainct & chreſtiẽ ieuſne, qui ſer

119 783 1048 58 ue à les humilier, abbatre & matter la chair, & ele

119 840 421 64 uer l’eſprit à Dieu.

117 900 1051 71 72 Que par prieres publiques & treſardentes

125 961 1043 58 auec vn cõtinuel amendemẽt de vie, du plus grãd

127 1019 1037 61 iuſques au plus petit, ils facent (comme de nou¬

120 1079 1046 60 ueau) ainſi qu’au temps de Ioſias, paix & alliance

119 1138 1045 59 auec ce grand Pere de famille irrité pour leurs pe

116 1208 1048 46 chez: & ſur ce Ivn auec l’autre cõioints par vraye

115 1253 1045 62 ſoy & charité, ils annoncent la mort du Seigneur.

115 1312 1048 55 scelebrans ſa memoire en l’action de la ſaincte &

115 1371 305 53 ſacree Cene.

1097 82 67 50 143

183 1428 976 60 3 Que cela fait, en chacune ville eſtans aſſem

124 1488 1038 63 blez en lieu public, ils iurent pour eux & leur po¬

124 1545 1038 65 ſterité, d’accomplir inuiolablement les loix qui

129 1602 480 67 s’enſuyuent, à ſçauoir:

191 1662 972 65 4 Qu’en attendant qu’il plaiſe à Dieu (qui a

129 1724 1029 61 les cœurs des Rois en ſa main) de changer celuy

128 1779 1035 61 de leur tyran, & reſtituer l’eſtat de France en bon

133 1839 1027 59 ordre, ou ſuſciter vn Prince voiſin qui ſoit mani¬

133 1911 1018 54 feſté (par ſa vertu & marques inſignes) eſtre li¬

135 1959 743 66 berateur de ce poure peuple affligé.
