1448 2429
178 165 1027 63 qui ſeroyent nommez par le Roy, iureroyent &

179 226 1017 61 promettroyent vn ſeul & pour le tout, pour eux

175 282 1026 62 & ceux de leur religion, de garder au Roy leſdi¬

176 342 1019 52 ctes villes, & au bout de deux ans, les remertre en

175 396 1015 65 tre les mains de celuy qu’il plairoit au Roy d’or¬

174 460 1017 59 donner, ſans rien y innouer: Voulant pour plus

178 514 1016 59 grande aſſeurance de l’obſeruation de ſon Edict,

174 576 1014 60 que le Roy donnoit pour irreuocable, que tous

170 634 1020 52 les Parlemens, gouuerneurs, & miniſtres de la iu¬

170 690 1024 58 ſtice & police de la France, iuraſſent ſolennelle¬

168 748 1024 57 ment, de le faire exactemẽt obſeruer ſelon ſa for¬

168 813 302 49 me & teneur.

391 101 557 48 DIAEOOVLI.

164 864 1028 59 Ali. On voit clairement és iſſues de ces guerres,

164 924 1026 62 vne choſe admirable, que le mõde ne recognoiſt

164 985 1024 62 point: c’eſt que ces Huguenots perdoyent tou¬

160 1041 1024 57 ſiours les batailles, & toutefois obtenoyent la vi¬

160 1098 1022 62 ctoire de leur cauſe, d’autant que la liberté de cõ¬

159 1163 1032 56 ſcience & l’exercice de leur religion, leur eſtoit

160 1218 1020 62 touſiours accordé, depuis le temps qu’elle leur

156 1281 1026 50 fut premier ottroyee au mois de Ianuier, en l’an

160 1338 1024 60 1561. tellement que on les pourroit dire vain¬

160 1393 1022 67 queurs, alors qu’ils ont eſté vaincus. Choſe qui

159 1454 1024 64 fait recognoiſtre à qui regar de de pres & ſans paſ¬

156 1511 1022 55 ſion en leur doctrine, vn naturel effect de la Pal¬

156 1569 1020 63 me, ſymbolizãt à la verité, laquelle tant plus qu’el

155 1628 882 61 le eſt preſſee, plus elle s’eſleue & reſſourd.

1136 121 59 32 A

155 1686 1020 58 Phi. Cela eſt certain: Mais ce dequoy ie m'eſmer¬

152 1747 1022 61 ueille le plus, & dequoy ie ne me puis encores biẽ

151 1802 1013 66 reſoudre c’eſt, laquelle de ces choſes eſtoit plus

152 1862 1022 67 grande, ou aux Huguenots la patience, l’obeiſſan

148 1920 1020 66 ce & fidelitè: ou en leurs ennemis, la furie, haine,

149 1979 300 65 & deſloyauté?
