1447 2458
271 96 71 58 26

269 165 1018 67 pe par les logis des Huguenots) n’eut pas ſes gẽs

269 236 1020 52 preſts, & que du Mas Commiſſaire s’endormit

267 286 1022 52 plus de l’heure aſsignee: & cependant vn certain

265 348 1022 61 homme (qu’on n’a pas veu ny cognu depuis) qui

262 401 1029 57 eſtoit paſſé dans vne nacelle de la ville aux faux¬

262 464 1029 59 bourgs ſainct Germain, ayant veu tout ce qui a¬

262 518 1026 59 uoit eſté fait toute la nuict ſur les Huguenots en

260 580 1029 60 la ville, auertit enuiron les cinq heures du Di¬

260 640 1031 59 manche matin, le conte de Montgommery de ce

259 699 1030 54 qu’il en ſcauoit. Le comte de Montgommery en

260 753 1032 55 bailla auertiſſement au Vidame de Chartres, &

260 815 1029 63 aux autres ſeigneurs & gentils hommes Hugue¬

259 873 1029 63 nots logez aux fauxbourgs: pluſieurs deſquels ne

258 931 1031 64 ſe pouuans perſuader que le Roy fuſt (ic ne dy

256 992 1035 59 pas autheur, mais ſeulement conſentant de la tue

258 1048 1030 63 rie) ſe reſolurent de paſſer auec barques la riuie¬

259 1108 1033 55 re, & aller trouuer le Roy : aimant beaucoup mi¬

256 1164 1036 63 eux ſe fier en luy, qu’en fuyant, monſtrer d’en a¬

260 1227 1029 60 uoir quelque deffiance: d’autres y en auoit, leſ¬

259 1286 1033 60 quels cuidans que la partie fuſt dreſſee contre la

259 1342 1032 64 perſonne du Roy meſine, ſe vouloyent aller ren¬

255 1403 1038 60 dre pres de ſa perſonne, pour luy faire treshum¬

255 1459 1033 60 ble ſeruice, & mourir ſi beſoin eſtoit à ſes pieds.

255 1523 1037 59 & ne tarda gueres qu’ils virent ſur la riuiere, &

258 1578 1033 62 venir droict à eux (qui eſtoyent encores és faux-

255 1635 1034 66 bourgs) iuſqu’à deux cens ſoldats armez de la gar

255 1696 1037 56 de du Roy, crians, Tue, tue: & leurs tirans har¬

255 1753 1036 63 quebouſades à la veuë du Roy, qui eſtoit aux ſene

251 1812 1041 58 ſtres de ſa chambre, & pouuoit eſtre alors enui¬

252 1873 1043 64 ron ſept heures du Dimanche matin. Encores

254 1930 1038 65 m’a-on dict que le Roy prenant vne harquebou¬

251 1989 1041 63 ſe de chaſſe entre ſes mains, en reniant Dieu, dit:

539 96 559 54 DIAEOUVE I.

1105 2046 182 70 Tirons,
