1468 2452
318 98 60 65 32

557 92 559 55 DIALOGVE I.

320 156 1013 66 Roy, & de ſa mere, qu’ils cognoiſſoyent (ee di¬

318 217 1017 54 ſoyent-ils) eſtre bonne enuers les Huguenots, di¬

317 272 1017 61 ſans que le Roy vouloit reconcilier l’Admiral a¬

317 335 1018 61 uec le duc de Guyſe, pour ſe pouuoir mieux ſer¬

316 392 1018 56 uir de luy & de ſon conſeil au maniement des aſ¬

314 450 1020 59 faires d’eſtat de la France, donnant meſme ceſte

316 510 1019 64 eſperance, qu’auec le temps ceux de Guyſe ſeroy¬

316 570 1019 62 ent auſsi eſloignez de la cour, qu’ils en eſtoyent

318 627 1016 65 pres. Le ſeigneur de Biron fut enuoyé pluſieure

314 685 1017 62 fois vers la Royne de Nauarre, les Princes, & l’A

313 747 1021 60 mir al, & certains autres gentils hommes particu¬

316 805 1018 60 liers Huguenots, ſirent pluſieurs allees & venues

314 865 1020 61 à la cour, le tout pour la negociation de ce què

309 920 1024 64 deſſus. Le Roy cependant enuoya des commiſ¬

310 982 1021 56 ſaires en certains endroits du Royaume, pour iit¬

310 1038 1018 61 former des torts que lon faiſoit aux Huguenots,

309 1095 1021 56 cõtre ſes Edicts, &fit chaſtier à Rouen & en quel

312 1157 1016 60 ques autres endroits, des meurrriers & ſeditieux;

310 1216 1017 60 qui auoyent tué quelque nombre de poures hom

309 1273 1019 63 mes & femmes Huguenots, depuis la paix, au re¬

310 1329 582 61 tour d’vn de leurs preſches.

368 1390 963 62 Ceux de Montmorency, & les deputez, perſua

306 1448 1021 55 dez, perſuaderent auſsi (apres toutefois pluſieurs

303 1505 1025 64 reſiſtances, repliques, difficultez, inconueniens, &

303 1563 1023 63 ſolutions de tous coſtez alleguees) la Royne de

308 1625 1016 58 Nauarre, les princes de Nauarre, & de Condé,

301 1680 1026 56 l’Admiral, le comte de la Rochefoucaut, & tous

298 1740 1026 64 les autres ſeigneurs, gẽtils hommes, & autres Hu¬

302 1802 1025 60 guenots de la France, de la bonne volonté,zele, &

298 1875 1029 48 iffecuion qu'ns pemtojenc cognonde au Roſ,oe¬

301 1920 699 57 en la Royne ſa mere, enuers eux.

340 1975 991 64 Le Roy fit venir en ſa cour le comte Ludouic

1259 2033 74 58 de
