1413 2399
107 154 1055 67 quoit à contemplation, s’appliquant à proietter.

108 219 1054 54 & executer des meurtres & cruautez contre la no?

110 273 1051 58 bleſſe de ſon Empire: entre les autres, Iulian gou,

111 333 1046 61 uerneur d’vne prouince, qui eſtoit ſon plus fauo¬

110 390 1036 64 rit, qu’il ſouloit baiſer & embraſſer, l’appellant

109 449 1040 64 ſon pere &ſõ mignõ, fut par luy traitreuſemẽt tué.

265 93 602 45 DYABOGVE I.

142 511 1011 50 *Antonin Caracalle, eſtant arriué en Alexan¬

109 567 1038 60 drie, irrité contre les Alexandrins, qui auoyent re

111 626 1039 59 cſté de luy quelques vers mal plaiſans, fit ſemblãt.

113 686 1041 57 de vouloir voir la monſtre des ieunes gens de la:

113 745 1040 62 ville, les plus aptes à la guerre: & les ayant fait ap¬

115 800 1032 66 preſter pour la reueue, les fit tous mettre en pie¬

111 860 1034 56 ces, commandãt aux ſoldats Romains qu’il auoit

114 919 1031 52 menez auec luy, d’en faire ceſte nuict-là chacun

111 974 1034 57 autant à ſon hoſte: Il fit faire telle boucherie dãs

111 1035 1032 61 Alexandrie; qu’il n’oſa faire compter les corps

111 1096 1031 52 morts, ains eſcriuant de ceſte execution au Se¬

111 1151 1038 65 nat de Rome, luy manda, Qu’il n’eſtoit ia be¬

113 1214 1032 61 ſoin ſe mettre en peine, pour ſcauoir quels &

114 1274 1032 61 combien de gens y auoyent eſté tuez: que c’eſtoit

111 1330 1028 62 aſſez de ſcauoir, que tous auoyent bien merité

113 1388 198 51 la mort.

1093 97 64 52 39

127 1446 1022 61 Lyſandre colonel des Lacedemoniens, ayant.

113 1502 1029 62 ſous couleur d’amitié, fait venir à ſoy huict cens

111 1563 803 58 Mileſiens, les fit tous tailler en pieces.

142 1620 1005 63 Seruie Galbe, ayapt conuoqué & aſſemblé le

115 1683 1028 62 peuple de trois citez de Portugal, pour traiter a¬

113 1739 1032 64 uec eux les choſes qu’il diſoit leur appartenir, en

111 1795 1034 62 choiſit neuf mille d’entr’eux des plus gaillards &

114 1859 1033 60 robuſtes, qu’il deſarma, en fit tuer vne partie, l’au

115 1924 371 56 tre partie vendit.

181 1973 961 68 Antoine Spinole, gouuerneur pour les Ge¬

873 2035 149 58 C.iiii.
