1431 2403
137 148 1048 69 Mars 1562. Veu & conſideré auſsi l’Edict de pa¬

137 222 1046 47 ciſca tion alors fait, confir matit de celuy de Ian¬

138 273 1047 64 ui er,leur permettant outre plus, qu’ils peuſſent a¬

138 332 1047 63 uoir l’exercice de leur religion dans quelques vil¬

138 387 1044 57 les: Les reſtrictions & violemens dudict Edict

140 449 1037 60 de Mars faites en apres par le Roy & ſon conſeil,

140 505 1042 57 ſous titre de declaration de l’Edict: Les menees

137 566 1042 62 faites durant cinq ans par la mere de Charles, les

140 624 1041 56 Lorrains, & autres de leur faction: L'obeiſſance

140 687 1037 59 des Huguenots? La creance, nourriture & le çon,

138 744 1041 59 que la mere a donné & fait donner ce temps-pen

141 803 1038 52 dant à ſes enfans: L'entreueuë & parlement de la

138 857 1041 65 mere, de ſa feu fille d’Eſpagne, & du duc d’Albe à

140 918 1038 64 Bayo nne, leur deliberation & promeſſes: Les le¬

140 977 1033 62 uees de Suyſſes faites par Charles en l’an 1567.

140 1038 1037 60 Le peu de compte qu’il tenoit des plainctes & re

140 1097 1039 60 monſtrances des Huguenots, qu’on tuoit & ou¬

140 1156 1041 61 trrgeoit en beaucoup d’endroits de la France: La

141 1217 1037 57 guerre ouuerte pour les exterminer: Le ſecours

140 1273 1035 63 que les princes d’Allemagne Proteſtans leur en¬

140 1330 1038 55 uoyerent, ſous la conduicte du duc Iean Caſimir:

144 1389 1035 63 Ce qui s’eſt paſſé en ceſte guerre la: L’edict fait

140 1449 1035 60 & publié pour la pacifier au mois de Mars 1568.

140 1507 1038 62 La rupture de ceſt edict toſt apres faite par Char

140 1565 1038 55 les & ſes forces: La fuitte du prince de Condé, de

142 1626 1035 61 pluſieurs autres Huguenots, & de leurs familles,

141 1683 1038 63 qui faillirent à eſtre attrapez dans leurs maiſons

142 1738 1032 69 par les infracteurs des Edicts de la paix & foy pu¬

142 1802 1035 62 blique: Le ſecours que le duc de Deux põts pour

142 1862 1033 61 le commun lien de religiõ dõna aux Huguenots:

145 1923 1026 56 Les batailles donnees en toutes ces guerres-la,

146 1979 1033 66 principalement la bataille de Iarnac, où le prince

364 90 572 48 DIRLOGVE T.

1110 74 70 94 33

864 2034 114 57 I. iii.
