1409 2419
134 135 698 62 veritè, auec le ſurplus des fideles.

133 197 1028 69 Le pol. Et moy, i’en dy, i’en croy, & en prie tout au

134 253 1027 72 tant: eſtant preſt & appareillé de faire tout ce qui

133 313 1029 67 ſera aduiſé expedient pour la gloire de Dieu, & la

133 370 1029 73 conſeruation de ſon Egliſe, autant qu’il me ſera

134 430 462 65 poſsible, par ſa grace.

309 75 578 49 DIREOGVE I.

130 487 1030 69 L'egl.Loué ſoit l’Eternel à iamais, qui a maniſeſté

127 546 1030 72 ſa vertu & puiſſance conioincte à ſa bonté & gra¬

127 610 1031 65 ce en ces deux bonnes gens icy. Vous ſoyez les

126 666 1027 67 tres bien receus en la maiſon du Seigneur. Ie taſ¬

123 725 1033 67 cheray de faire que voſtre conuerſion y ſoit co¬

127 784 1022 68 gnue de tous, afin de nous en reſiouir enſemble,

123 841 1023 68 & en rẽdre graces ſolẽnelles au Seigneur. Ce fait,

125 900 1027 67 vous Hiſtoriographe, irez par deuers les Rois,

125 959 1023 69 Princes, & Nations, qui ont receu l’Euangile: leur

122 1015 1027 72 faire entendre tout ce qui s’eſt paſſé en France cõ

123 1073 1025 70 tre les Chreſtiens, & l’arreſt que Daniel en a don

122 1131 1024 71 né, afin qu’ils aduiſent de pres à leur deuoir. Et

126 1196 1018 68 vous, Politique, irez trouuer nos freres & mem¬

121 1249 1016 74 bres François, pour leur declarer l’arreſt, l’aduis,

123 1308 1023 73 & ordonnances, que Daniel a donné ſur ce faict.

122 1370 1022 69 Et tiendrez la main auec eux,à ce que le tout s’ef¬

121 1427 1023 78 fectue pour la gloire de noſtre Dieu, & conferua¬

119 1489 395 53 tion de ſes enfans.

1093 87 52 55 159

123 1542 460 65 L’hiſt. Ie le veux bien.

123 1605 504 62 Le pol. I’en ſuis content.

123 1659 1021 75 L'egl. Le bon Dieu vous benie & conduiſe tou¬

126 1718 1018 76 ſiours par ſon ſainct Eſprit, pour l’amour de ſon

130 1776 911 73 Fils Ieſus Chriſt noſtre Seigneur. Amen.

576 1894 155 66 IN.
