1419 2394
135 146 1016 72 que c’eſt vne Tyrannie qu’on exerce ſur leurs

135 216 1011 64 conſciences de le vouloir faire autrement: &

135 281 1017 72 que ceſte violence eſt cauſe de la perte de tant de

137 355 1015 67 gens, qui ſe vont conſumant l’vn l’autre comme

133 420 1019 72 le fuzil & la pierre) ce ſeroit vn exemple recent

134 486 1017 76 qu’a dõne le Roy de Poloigne, au ſermẽt par luy

137 559 1013 71 preſté cõme vous, monſeigneur, ſcauez, entre les

133 630 1019 64 mains des Polonois d’entretenir dans Poloigne

133 696 1018 72 toutes les religions qui y ſont: ores qu’il ſceuſt

133 763 1011 73 qu’il y a grad nõbre d’Anabaptiſtes, & Arriẽs,

131 833 1017 70 treſdangereux & meſchans heretiques: L’e¬

131 903 1016 73 xemple außi de monſeigneur de Sauoye, fa¬

131 976 1015 64 uori Zeroit grandement vos actions en cela,

131 1044 1015 63 quand bien, à ſon tmitation, vous entretien¬

129 1107 1019 70 driez les miniſtres, & paſteurs de ceſte religion

129 1179 1017 71 aux deſpens des trop gras benefices, des diſmes,

130 1246 1016 68 & ſemblables reuenus, comme il le faict en ſes

131 1319 1015 66 troys bailliages de Tonon, de Ges, & Terny, oü

127 1381 1019 75 il ne ſouffre nullement eſtre dicte vne ſeule meſ¬

129 1456 1018 70 chante petite meſſe baſſe: eſtant, au reſte, ſi bien

127 1522 1023 74 obey d’eux qu’il n’a nuls de ſes ſubiects deſquels

125 1590 1023 76 il ſe puiſſe mieux aſſeurer que de ceux cy, & de

125 1659 1022 75 ceux là du val d’Angrogne, auſquels il donne

126 1727 1018 76 preſque ſemblable liberté. Que ſi vous voulez

126 1802 1013 66 vn exemple du Pape, meſmes en plus grand cas

127 1864 1011 79 vous ſcauez comme c’eſt qu’il ſouffre les Iuifs,

125 1940 1010 74 auec leurs ſynagogues en toutes terres, & pays

858 2008 117 61 b.V.
