1452 2441
261 88 71 62 38

257 161 1032 66 à ſcauoir qu’ils allaſſẽt à la meſſe, ſi leur vie & leurs

260 227 1029 63 biens leur eſtoyent en quelque recommanda¬

263 286 129 51 tion.

313 337 976 63 Le Roy de Nauarre (ſans toutefois condeſcẽ

260 398 1031 67 dre à la propoſition du Roy) luy reſpondit fort

261 459 1028 63 humblement: & le prince de Condé, qui eſt d’v¬

260 520 1027 61 ne nature vn peu plus bruſque, ayant reſpondu

261 577 1033 64 auſsi vn peu plus aſprement, ne fut menacé par le

267 636 1026 62 Roy de moins, que de la perte de ſa teſte, s’il ne

264 694 1029 62 ſe rauiſoit dans trois iours, que le Roy luy bailloit

268 751 1022 66 pour tous delais, l’appellant opiniaſtre, obſtiné,

264 808 601 58 ſeditieux, & fils de ſeditieux.

492 97 556 48 DIAEOCVE I.

305 869 992 62 Les autres Huguenots qui eſtoyent dedans le

268 928 1023 66 Louure, auſquels à prix ou priere on auoit iuſqu

267 987 1031 55 alors ſauué la vie, promettoyent de faire tout ce

268 1046 1030 57 que le Roy commanderoit: Entre autres, Gram¬

267 1107 1037 57 mont, Gamache, Duras, & certains autres, eurent

268 1171 1023 56 d’autant plus facilement leur pardon, que le Roy

267 1224 1034 60 ſcauoit fort bien, qu’ils n’auoyent iamais eu que

271 1281 1031 62 peu ou point de religion. A l’inſtant on ſonna le

271 1338 1031 57 toxin du Palais, afin qu'on ſe ruaſt ſur les autres

271 1395 1026 70 Huguenots (de toutes qualitez & ſexes) qui eſtoy¬

271 1456 1030 62 ent dãs la ville: leur pretexte eſtoit, vn bruit qu’ils

272 1516 1028 63 firent courre, qu’on auoit deſcouuert vne conſpi¬

272 1574 1028 58 ration faite contre le Roy, ſa mere, & ſes freres,

276 1631 1026 68 par les Huguenots: leſquels auoyẽt deſia tué plus

276 1692 1032 65 de quinze ſoldats de la garde (ce diſoyent ceux

278 1750 1031 60 qui eſtoyent morts) partant le Roy commandoit

275 1810 862 64 qu’on ne pardonnaſt à pas vn Huguenot.

325 1866 988 65 Les Courtiſans, & les ſoldats de la garde du

272 1925 1041 65 Roy, furent ceux qui firent l’execution ſur la No

275 1981 1041 72 bleſſe,finiſſans auec eux (ce diſoyent-ils) par fer

1158 2039 162 60 & deſ¬
