1409 2400
164 152 1031 54 luy fauuei laviy aonuoieape Benoge iou

161 196 1033 69 bien, & reſignation de ſon eſtat de ſecretaire: plu

157 257 1035 63 lieurs autres furent maſſacrez de meſmes, deſ¬

160 316 723 64 quels ie ne ſcauroy' dire les noms.

377 72 578 53 DIALOGVE I.

158 436 1033 62 Paris,alloyent auec leurs gens de maiſon en mai¬

156 500 1030 58 ſon, la où ils cuidoyent trouuer des Huguenots,

154 552 1037 69 ſe faiſant ouurir les portes par le Roy, & vengeãt

156 613 1028 60 ſur poures artiſans, ieunes, vieux, ſemmes & en¬

153 669 1037 68 fans Huguenots, leur conſpiration pretẽdue, ſans

153 732 1034 64 auoir eſgard à ſexe, aage, ou condition quelcon¬

154 786 1034 66 que: Eſtans à ce faire animez & induits, par les

153 845 1033 67 ducs d’Aumale, de Guyſe, & de Neuers, qui al¬

153 904 1034 68 loyent par les rues diſans, Tuez tout, le Roy le cõ

145 966 1042 64 mande. Les charrettes chargees des corps morts

150 1020 1033 68 de damoiſelles, ſemmes, filles,hommes & enfans,

150 1082 630 54 eſtoyent conduits à la riuiere.

1135 86 60 42 61

212 1140 972 66 De bon heur, le ſeigneur de Fontenay, frere de

148 1197 1035 63 monſieur de Rohan, le Vidame de Chartres, le

148 1260 1032 65 comte de Mont-gomery, le ſeigneur de Caumõt,

148 1314 1034 70 l'vn des Pardillans, Beauuois la Nocle, & plu¬

146 1378 1036 67 ſieur autres ſeigneurs & gentils hommes Hugue

148 1437 1032 64 nots, eſtoyent logez aux fauxbourgs ſainct Ger¬

148 1516 1034 40 Maili, vs à vis du Louure, la ſimere ente deuis.

146 1550 1034 70 Et Dieu voulut que Marcel, preuoſt des marchãs

146 1610 1032 68 de Paris, ayant dés le ſamedi au ſoir eu comman¬

148 1670 1030 67 dement du Roy, de luy tenir mille hommes ar¬

146 1729 1034 68 mez preſts ſur la minuict du Dimanche, pour les

145 1786 1033 70 bailler à Maugiron (auquel il auoit donné char¬

146 1846 1030 70 ge de depeſcher ceux des faux-bourge, ayant auſ¬

146 1909 1030 60 ſi commandé au commiſſaire du quartier & au

152 1965 1020 71 Contrerolleur du Mas, de le guider auec ſa trou¬
