1449 2451
430 174 692 62 Parmy le vin des Conuues ſacrez.

430 238 730 58 O faux attraits! ô traiſtre mariage!

427 296 793 56 Femmes, enfans cherront en ce carnage,

428 354 770 58 Et de leurs corps les ondes s’empliront,

428 412 709 63 Du ſang verſe les fleuues rougiront:

426 471 758 62 Mais à la fin, ſi d’vn coup de tempeſte

427 529 782 63 Ce Dieu Vengeur ne me froiſſe la teſte,

424 592 770 58 Du meſme acier moy meſme m’occiray.

424 650 732 62 Et ſur les miens ce ſang ie vengeray.

581 96 505 57 DIALOUICME.

325 706 1000 64 Pol. Comment! veux-tu t’outrer auſsi toy-meſme?

433 769 823 60 Tournant vers toy par deſeſpoir extreme

420 825 737 64 Le fer tout nu dedans ton propre ſein?

328 885 870 61 Pa. Laiſſe moy faire, ainſi que de leur main

420 943 822 63 Mere, & enfans, & du Tyran l’engeance

422 1003 856 60 Faire on verra d’eux meſmes la vengeance:

325 1058 797 69 Pol. Quoy qu’il en ſoit ſi faut il te tenir:

422 1123 670 56 Car tu pourras meilleure deuenir,

422 1181 741 58 Et vraye paix vn iour à l’aduenture.

324 1237 864 67 Pa. Ne le croy pas que iamais ie ſoye ſeure:

423 1297 753 60 Tant qu’on verra la maiſon de Valois

419 1354 677 63 Fauſſer la foy, & ſe rire des Loix:

416 1413 793 61 Les faux Edits d’vn Parlement eſclaue

416 1471 782 58 D’vn Cardinal, parement de Conclaue:

420 1531 816 64 Tant qu’vn Conſeil de monſtres compoſé,

416 1589 733 61 Vne Chimere, vn Garde-ſeaux ruſé,

418 1648 890 66 Qui n’ont pour Dieu que l’Eſtat & la Panſe,

418 1710 911 60 Tiendront en main les gouuernaux de France:

419 1768 697 62 Tant qu’Italie en France regnera,

418 1827 832 60 Tant que la France hors de France fuyra:

422 1885 730 52 Tant qu’on verra de Florence la Fee

414 1940 823 71 D’vn Clerc seruie, & d’vne Rets coiffee.

1213 2052 67 58 Et
