1460 2421
261 79 87 52 122

259 142 1024 67 Le pel. L.'hiſtoriogr aphe ſcait bien les principaux

262 205 1020 64 poincts ſur leſquels la Royne-mere, qui tient ſes

259 263 1023 58 enfans dansa la manche, & la France deſſous ſes

265 322 1018 61 pieds, auoit voulu prendre ſubiect de ſe for¬

262 380 1019 63 ger vne haine irreconciliable comre les Hugue¬

262 449 113 47 Dots.

512 74 556 63 DIIALOGVE I.

258 496 1025 62 L'hiſt. Pource qu’il ſeroit trop long de reciter à

265 558 1020 59 preſent tous les particuliers incidens de ceſte ma¬

261 616 1021 59 tiere, ie remettray à les deduire ailleurs ample¬

261 675 1021 60 ment: & pour ceſte heure vous diray, que rien no

262 735 1019 59 l'u-tant piquer contre les Huguenots, que la pu¬

258 847 1024 63 ford(en la preſence de l’Empereur Ferdinand, &

258 905 1018 66 de ſomfile à preſent Empereur) Ie dy l’original,

258 964 1023 64 eſcrit & ſigné de ſa maiu, par leſquelles elle auoit

258 1024 1021 61 faittprendre les armes au prince de Condé aux

263 1092 1016 52 premiers troubles, & dont par conſequent il e¬

259 1141 1022 64 ſtoiptout apparent, qu’elle auoit allumé le feu en

258 1202 166 56 France.

347 1260 931 67 Er pour dde tant plus legitimer ſa vengean¬

258 1316 1028 63 ce, elle s’eſtvoubi perſuader, qu’autres que les Hu¬

259 1375 1020 65 guenots n’auoyent publié ſon impudicité: Et que

261 1437 1018 59 la reputation qu’elle auoit d’eſtre ſonciere ve¬

259 1494 1020 55 uoit dious coquelle ne pouuoit ſouftrir, eſcouler

258 1552 1021 56 de ſamereimeſmement que par leurs eſcrita

258 1609 1021 64 elle cognoiſſoir bien, qu’il ne tiẽdroit à eux qu’ils

258 1686 1020 39 ne luy la aſauiæouuememen & autiioeſte des

262 1728 1016 66 poings:Qu’ellecugnoiſſoit: bien auſsi; que l’A¬

259 1790 1013 60 niiral n’oublierou damais les tours qu’elle luy a¬

261 1848 1013 63 uoit faits, & partaut le vray expedient de leur o¬

259 1904 1017 70 ſter (aux vns en general le moyen de luy mabfai¬

1173 1967 105 60 re, &
