<?xml version="1.0" encoding="UTF-8"?>
<alto xmlns:xsi="http://www.w3.org/2001/XMLSchema-instance"
      xmlns="http://www.loc.gov/standards/alto/ns-v4#"
      xsi:schemaLocation="http://www.loc.gov/standards/alto/ns-v4# http://www.loc.gov/standards/alto/v4/alto-4-2.xsd">
  <Description>
    <MeasurementUnit>pixel</MeasurementUnit>
    <sourceImageInformation>
      <fileName>page_00117.png</fileName>
      <fileIdentifier>mets//page_00002.zip/page_00117.png</fileIdentifier>
    </sourceImageInformation>
  </Description>
  <Tags>
    <OtherTag ID="BT7" LABEL="CustomZone" DESCRIPTION="block type CustomZone"/><OtherTag ID="BT8" LABEL="DamageZone" DESCRIPTION="block type DamageZone"/><OtherTag ID="BT9" LABEL="DigitizationArtefactZone" DESCRIPTION="block type DigitizationArtefactZone"/><OtherTag ID="BT10" LABEL="DropCapitalZone" DESCRIPTION="block type DropCapitalZone"/><OtherTag ID="BT11" LABEL="GraphicZone" DESCRIPTION="block type GraphicZone"/><OtherTag ID="BT12" LABEL="MainZone" DESCRIPTION="block type MainZone"/><OtherTag ID="BT13" LABEL="MarginTextZone" DESCRIPTION="block type MarginTextZone"/><OtherTag ID="BT14" LABEL="MusicZone" DESCRIPTION="block type MusicZone"/><OtherTag ID="BT15" LABEL="NumberingZone" DESCRIPTION="block type NumberingZone"/><OtherTag ID="BT17" LABEL="QuireMarksZone" DESCRIPTION="block type QuireMarksZone"/><OtherTag ID="BT18" LABEL="RunningTitleZone" DESCRIPTION="block type RunningTitleZone"/><OtherTag ID="BT19" LABEL="SealZone" DESCRIPTION="block type SealZone"/><OtherTag ID="BT20" LABEL="StampZone" DESCRIPTION="block type StampZone"/><OtherTag ID="BT21" LABEL="TableZone" DESCRIPTION="block type TableZone"/><OtherTag ID="BT22" LABEL="TitlePageZone" DESCRIPTION="block type TitlePageZone"/><OtherTag ID="BT100001" LABEL="MainZone-Head" DESCRIPTION="block type MainZone-Head"/><OtherTag ID="BT100005" LABEL="MainZone-P" DESCRIPTION="block type MainZone-P"/><OtherTag ID="BT100006" LABEL="MainZone-Continued" DESCRIPTION="block type MainZone-Continued"/><OtherTag ID="BT100008" LABEL="MainZone-Sp" DESCRIPTION="block type MainZone-Sp"/><OtherTag ID="BT100002" LABEL="MainZone-Lg" DESCRIPTION="block type MainZone-Lg"/><OtherTag ID="BT100014" LABEL="MainZone-ListItem" DESCRIPTION="block type MainZone-ListItem"/>
    <OtherTag ID="LT7" LABEL="CustomLine" DESCRIPTION="line type CustomLine"/><OtherTag ID="LT8" LABEL="DefaultLine" DESCRIPTION="line type DefaultLine"/><OtherTag ID="LT9" LABEL="DropCapitalLine" DESCRIPTION="line type DropCapitalLine"/><OtherTag ID="LT10" LABEL="HeadingLine" DESCRIPTION="line type HeadingLine"/><OtherTag ID="LT11" LABEL="InterlinearLine" DESCRIPTION="line type InterlinearLine"/><OtherTag ID="LT12" LABEL="MusicLine" DESCRIPTION="line type MusicLine"/><OtherTag ID="LT765" LABEL="default" DESCRIPTION="line type default"/>
  </Tags>
  <Layout>
    <Page WIDTH="1459"
          HEIGHT="2438"
          PHYSICAL_IMG_NR="116"
          ID="eSc_dummypage_">
      <PrintSpace HPOS="0"
                  VPOS="0"
                  WIDTH="1459"
                  HEIGHT="2438">
        <TextBlock HPOS="294.0"
                   VPOS="82.0"
                   WIDTH="91.0"
                   HEIGHT="80.0"
                   ID="eSc_textblock_31b66f5b"
                   TAGREFS="BT15">
          <Shape><Polygon POINTS="294 82 295 162 378 144 385 85"/></Shape>
          <TextLine ID="eSc_line_6042c88e"
                    TAGREFS="LT8"
                    BASELINE="312 137 377 130" 
                    HPOS="302"
                    VPOS="79"
                    WIDTH="73"
                    HEIGHT="73">
            <Shape><Polygon POINTS="310 136 312 152 375 136 375 127 367 79 302 79 310 136"/></Shape>
	    <String CONTENT="78"
                    HPOS="302"
                    VPOS="79"
                    WIDTH="73"
                    HEIGHT="73"
                    WC="0.9999969601631165"></String>
          </TextLine>
        </TextBlock>
        <TextBlock HPOS="296.0"
                   VPOS="161.0"
                   WIDTH="1051.0"
                   HEIGHT="461.0"
                   ID="eSc_textblock_1405a089"
                   TAGREFS="BT100006">
          <Shape><Polygon POINTS="308 162 296 622 1347 618 1347 161"/></Shape>
          <TextLine ID="eSc_line_9e6d938a"
                    TAGREFS="LT8"
                    BASELINE="304 200 1339 197" 
                    HPOS="303"
                    VPOS="154"
                    WIDTH="1036"
                    HEIGHT="64">
            <Shape><Polygon POINTS="304 200 304 209 371 218 372 218 406 209 409 209 411 209 436 218 437 218 438 218 498 209 502 209 514 209 708 218 709 218 711 218 728 208 739 208 822 208 862 208 1322 216 1323 216 1324 216 1326 216 1339 207 1339 197 1338 161 1330 154 1328 154 1327 154 1326 154 1288 162 1253 154 1251 154 1250 154 1249 154 1221 162 1213 165 1211 162 1200 154 1198 154 1197 154 1169 154 1167 154 1166 154 1165 154 1154 162 1150 166 1078 166 1072 162 1062 154 1060 154 1059 154 1058 154 1056 154 1034 162 1006 154 1005 154 1003 154 1002 154 980 162 972 165 961 162 925 154 923 154 922 154 921 154 908 162 903 166 768 166 753 162 731 155 730 155 728 155 689 162 663 167 623 167 613 162 604 155 602 155 601 155 600 155 598 155 577 162 562 167 376 167 364 162 349 155 348 155 346 155 303 161 304 200"/></Shape>
	    <String CONTENT="Roy a pouuoir, qui ne veut aller à la meſſe, faut"
                    HPOS="303"
                    VPOS="154"
                    WIDTH="1036"
                    HEIGHT="64"
                    WC="0.9833604311943054"></String>
          </TextLine>
          <TextLine ID="eSc_line_6c2ac5f6"
                    TAGREFS="LT8"
                    BASELINE="306 258 1339 258" 
                    HPOS="306"
                    VPOS="216"
                    WIDTH="1033"
                    HEIGHT="63">
            <Shape><Polygon POINTS="306 258 306 270 312 277 314 277 315 277 316 279 354 279 354 277 356 277 373 268 395 274 396 274 398 274 399 274 417 268 438 274 440 274 441 274 567 269 578 277 579 277 581 277 582 277 636 268 662 277 663 277 665 279 713 279 713 277 715 277 716 277 730 268 793 268 835 277 837 277 838 277 867 268 1131 274 1132 274 1133 274 1135 274 1143 268 1155 274 1156 274 1158 276 1240 276 1240 274 1242 274 1243 274 1254 268 1309 274 1311 274 1312 274 1339 266 1339 258 1339 228 1314 216 1312 216 1284 216 1282 216 1281 216 1280 216 1263 230 1186 230 1171 216 1170 216 1169 216 1167 216 1166 216 1133 227 1113 222 1112 222 1110 222 1067 228 998 222 997 222 946 227 890 216 888 216 887 216 885 216 867 228 811 216 726 216 724 216 723 216 674 230 429 230 413 216 411 216 410 216 371 216 369 216 368 216 367 216 352 228 306 228 306 258"/></Shape>
	    <String CONTENT="qu’il meure, ou qu’il fuye ſecretement hors du"
                    HPOS="306"
                    VPOS="216"
                    WIDTH="1033"
                    HEIGHT="63"
                    WC="0.9889968206053195"></String>
          </TextLine>
          <TextLine ID="eSc_line_64badfd0"
                    TAGREFS="LT8"
                    BASELINE="303 318 1335 315" 
                    HPOS="302"
                    VPOS="280"
                    WIDTH="1033"
                    HEIGHT="57">
            <Shape><Polygon POINTS="303 318 303 326 376 337 377 337 517 327 543 326 731 326 742 327 784 337 785 337 846 329 872 325 890 329 922 335 923 335 984 329 1017 325 1022 329 1025 331 1026 331 1028 331 1029 331 1048 329 1071 325 1082 329 1100 335 1101 335 1102 337 1132 337 1132 335 1133 335 1135 335 1143 329 1148 325 1170 329 1204 335 1205 335 1334 329 1335 315 1331 280 302 281 303 318"/></Shape>
	    <String CONTENT="Royaume: Et croit-on que depuis le 24. d’Aouſt"
                    HPOS="302"
                    VPOS="280"
                    WIDTH="1033"
                    HEIGHT="57"
                    WC="0.9722955680411794"></String>
          </TextLine>
          <TextLine ID="eSc_line_e9359f50"
                    TAGREFS="LT8"
                    BASELINE="303 376 1331 373" 
                    HPOS="302"
                    VPOS="334"
                    WIDTH="1029"
                    HEIGHT="60">
            <Shape><Polygon POINTS="303 376 303 386 409 394 410 394 470 386 475 386 478 386 502 394 503 394 505 394 506 394 508 394 516 386 517 386 673 386 678 386 788 394 789 394 791 394 792 394 801 386 992 392 994 392 1114 384 1120 384 1121 384 1129 391 1131 391 1132 391 1209 392 1211 392 1212 392 1213 392 1224 384 1330 384 1331 373 1330 344 1318 334 1316 334 1315 334 1314 334 1240 346 1117 346 1081 334 1079 334 1078 334 1076 334 1075 334 1060 346 1040 346 997 334 995 334 994 334 992 334 964 346 875 346 822 334 820 334 819 334 818 334 800 346 759 339 758 339 654 344 642 335 640 335 639 335 638 335 513 346 499 335 498 335 497 335 472 335 471 335 426 345 357 335 356 335 354 335 353 335 340 346 302 348 303 376"/></Shape>
	    <String CONTENT="iuſques à maintenant; il y a eu plus de cent mil¬"
                    HPOS="302"
                    VPOS="334"
                    WIDTH="1029"
                    HEIGHT="60"
                    WC="0.9849425494670868"></String>
          </TextLine>
          <TextLine ID="eSc_line_0ee5be90"
                    TAGREFS="LT8"
                    BASELINE="303 436 1328 433" 
                    HPOS="302"
                    VPOS="392"
                    WIDTH="1026"
                    HEIGHT="61">
            <Shape><Polygon POINTS="303 436 303 445 350 453 352 453 399 446 410 445 432 446 520 453 521 453 522 453 541 446 548 445 625 445 643 448 678 453 680 453 681 453 693 448 700 445 743 448 780 451 781 451 795 448 820 444 940 444 949 449 956 452 957 452 959 452 986 449 1037 444 1071 449 1078 451 1079 451 1093 451 1166 444 1177 451 1178 451 1179 451 1181 451 1183 451 1216 444 1326 451 1328 433 1326 398 1303 392 1301 392 1300 392 1281 398 1266 402 1261 398 1255 392 1254 392 1253 392 1220 392 1219 392 1217 392 1207 398 1200 402 1193 398 1179 392 1178 392 1177 392 1175 392 1174 392 1167 398 1162 403 753 403 711 402 577 394 575 394 574 394 555 402 552 404 499 404 493 403 430 394 429 394 350 403 312 394 311 394 310 394 308 394 307 394 307 395 302 399 303 436"/></Shape>
	    <String CONTENT="Ie perſonnes Huguenotes tuees par toute la Fran"
                    HPOS="302"
                    VPOS="392"
                    WIDTH="1026"
                    HEIGHT="61"
                    WC="0.9809282789839074"></String>
          </TextLine>
          <TextLine ID="eSc_line_1b318e60"
                    TAGREFS="LT8"
                    BASELINE="302 494 1331 491" 
                    HPOS="300"
                    VPOS="452"
                    WIDTH="1031"
                    HEIGHT="58">
            <Shape><Polygon POINTS="302 494 302 502 522 510 524 510 525 510 543 502 544 502 548 502 581 507 582 507 784 502 849 501 867 502 933 509 934 509 1002 502 1005 502 1120 502 1129 509 1131 509 1132 509 1133 509 1135 509 1136 509 1143 502 1159 509 1160 509 1162 509 1281 502 1295 509 1296 509 1297 509 1330 501 1331 491 1330 463 1318 455 1316 455 1315 455 1314 455 1312 455 1286 464 1209 464 1151 452 1150 452 1148 452 1125 463 1097 455 1095 455 1094 455 1093 455 1091 455 1083 463 986 463 933 452 932 452 930 452 899 463 693 453 692 453 690 453 689 453 675 464 663 457 662 457 505 457 503 457 502 457 486 464 398 453 396 453 395 453 394 453 379 465 300 465 302 494"/></Shape>
	    <String CONTENT="ce, ſous pretexte de leur conſpiration: Encores"
                    HPOS="300"
                    VPOS="452"
                    WIDTH="1031"
                    HEIGHT="58"
                    WC="0.9864969291585557"></String>
          </TextLine>
          <TextLine ID="eSc_line_1e7da6e3"
                    TAGREFS="LT8"
                    BASELINE="302 552 1335 552" 
                    HPOS="302"
                    VPOS="510"
                    WIDTH="1033"
                    HEIGHT="60">
            <Shape><Polygon POINTS="302 552 302 562 520 570 521 570 587 563 750 563 758 570 759 570 761 570 762 570 800 563 1094 563 1104 570 1105 570 1106 570 1108 570 1335 562 1335 552 1333 510 1288 521 1163 521 1152 511 1151 510 1150 510 1148 510 1147 510 1137 511 1097 522 997 522 982 514 974 510 972 510 971 510 969 510 956 514 936 520 917 514 900 510 899 510 898 510 896 510 895 510 890 514 880 522 849 522 826 516 804 510 803 510 801 510 800 510 780 516 766 520 745 517 703 510 701 510 700 510 678 517 669 520 655 517 615 510 613 510 612 510 593 518 586 522 525 522 516 520 482 510 480 510 479 510 478 510 476 510 464 520 461 522 417 522 413 521 380 510 379 510 377 510 376 510 375 510 361 521 360 522 302 522 302 552"/></Shape>
	    <String CONTENT="ne ſont-ils pas ſaoulez, leur cholere n’eſt point aſ"
                    HPOS="302"
                    VPOS="510"
                    WIDTH="1033"
                    HEIGHT="60"
                    WC="0.9933367933218296"></String>
          </TextLine>
          <TextLine ID="eSc_line_3182ff9f"
                    TAGREFS="LT8"
                    BASELINE="303 609 472 612" 
                    HPOS="302"
                    VPOS="567"
                    WIDTH="170"
                    HEIGHT="60">
            <Shape><Polygon POINTS="303 609 302 620 308 625 310 625 311 625 312 625 354 620 391 627 392 627 471 620 472 612 472 583 426 568 425 568 424 568 422 568 395 582 354 582 341 568 341 567 340 567 338 567 319 567 318 567 316 567 315 567 315 568 303 579 303 609"/></Shape>
	    <String CONTENT="ſouuie."
                    HPOS="302"
                    VPOS="567"
                    WIDTH="170"
                    HEIGHT="60"
                    WC="0.9998625772339957"></String>
          </TextLine>
        </TextBlock>
        <TextBlock HPOS="570.0"
                   VPOS="70.0"
                   WIDTH="593.0"
                   HEIGHT="78.0"
                   ID="eSc_textblock_89fb97cf"
                   TAGREFS="BT18">
          <Shape><Polygon POINTS="570 70 570 148 1163 148 1163 70"/></Shape>
          <TextLine ID="eSc_line_68ff3136"
                    TAGREFS="LT8"
                    BASELINE="573 125 1144 131" 
                    HPOS="571"
                    VPOS="73"
                    WIDTH="573"
                    HEIGHT="71">
            <Shape><Polygon POINTS="573 125 571 131 581 139 581 140 582 140 583 140 585 142 615 142 615 140 616 140 617 140 631 131 669 140 670 140 671 140 673 140 674 140 686 132 688 131 690 132 716 140 717 140 719 140 720 140 750 134 753 132 754 134 762 140 762 142 764 142 765 142 766 142 768 142 795 134 803 132 812 135 831 140 833 140 834 140 865 136 883 134 888 136 900 143 902 143 903 143 904 143 919 138 930 134 944 138 961 143 963 143 964 143 965 143 967 143 967 142 972 139 978 134 998 134 1005 139 1009 142 1009 143 1010 143 1011 143 1013 144 1043 144 1043 143 1044 143 1045 143 1045 142 1048 140 1053 135 1142 142 1144 131 1144 94 1094 79 1093 79 1091 79 1090 79 1089 79 1089 81 1075 93 1075 94 1056 94 1055 93 1037 77 1036 77 1034 77 1033 77 1032 77 999 89 986 77 986 75 984 75 983 75 982 75 948 78 946 78 945 78 945 79 932 90 932 92 929 90 899 79 898 79 896 79 895 79 869 90 865 92 864 90 849 77 849 75 848 75 846 75 845 75 843 75 816 89 814 92 797 92 795 89 781 77 780 77 778 77 777 77 776 77 741 88 732 90 730 88 716 77 715 77 713 77 712 77 711 77 709 77 697 88 696 88 682 74 682 73 681 73 680 73 651 73 650 73 648 73 647 73 647 74 633 86 631 89 623 86 586 75 585 75 583 75 582 75 581 75 573 81 573 125"/></Shape>
	    <String CONTENT="DIALOGVEL"
                    HPOS="571"
                    VPOS="73"
                    WIDTH="573"
                    HEIGHT="71"
                    WC="0.9954848090807596"></String>
          </TextLine>
        </TextBlock>
        <TextBlock HPOS="292.0"
                   VPOS="630.0"
                   WIDTH="1062.0"
                   HEIGHT="1422.0"
                   ID="eSc_textblock_6ea64118"
                   TAGREFS="BT100008">
          <Shape><Polygon POINTS="302 630 292 2052 1332 2038 1354 634"/></Shape>
          <TextLine ID="eSc_line_f5f3075e"
                    TAGREFS="LT8"
                    BASELINE="300 671 754 666 1335 670" 
                    HPOS="299"
                    VPOS="620"
                    WIDTH="1036"
                    HEIGHT="68">
            <Shape><Polygon POINTS="300 671 300 677 349 686 350 688 403 688 403 686 405 686 424 677 426 677 429 677 453 683 455 683 456 683 457 683 478 677 480 677 483 677 497 683 498 683 499 683 532 677 537 677 554 677 648 683 650 683 651 683 652 683 661 677 662 677 667 677 713 686 715 686 776 679 960 686 961 686 1036 677 1045 677 1051 677 1081 683 1082 683 1083 683 1085 683 1093 677 1094 677 1100 677 1140 683 1142 683 1334 677 1335 670 1334 620 1274 620 1273 620 1272 620 1270 620 1261 628 1246 621 1244 621 1243 621 1242 621 1240 621 1227 633 1205 633 1190 621 1189 620 1188 620 1186 620 1116 620 1114 620 1113 620 1112 620 1109 623 1095 633 1036 633 1024 624 1020 620 1018 620 1017 620 1016 620 1014 620 1002 624 979 632 944 632 936 625 930 620 929 620 927 620 926 620 925 620 911 625 895 633 848 633 839 627 831 620 830 620 829 620 778 620 777 620 776 620 774 620 765 628 758 633 574 633 570 631 555 620 554 620 552 620 502 620 501 620 499 620 498 620 484 631 460 620 459 620 457 620 456 620 455 620 437 632 410 623 409 623 407 623 406 623 405 623 392 633 364 633 348 621 346 621 345 621 344 621 342 621 299 633 300 671"/></Shape>
	    <String CONTENT="L&#x27;egl. O Dieu tout-puiſſant, ô paſteur d’Iſrael, iuſ,"
                    HPOS="299"
                    VPOS="620"
                    WIDTH="1036"
                    HEIGHT="68"
                    WC="0.9842310393298114"></String>
          </TextLine>
          <TextLine ID="eSc_line_253566c3"
                    TAGREFS="LT8"
                    BASELINE="303 730 1330 725" 
                    HPOS="302"
                    VPOS="685"
                    WIDTH="1028"
                    HEIGHT="57">
            <Shape><Polygon POINTS="303 730 303 742 1328 742 1330 725 1326 686 1239 696 1213 688 1205 685 1204 685 1202 685 1201 685 1200 685 1197 688 1186 697 1167 697 1116 689 1086 685 1085 685 1083 685 1075 689 1064 696 1056 689 1051 685 1049 685 1048 685 1047 685 1045 685 1033 690 1025 693 1011 690 987 685 986 685 984 685 983 685 983 686 978 690 969 697 848 693 780 690 778 690 777 690 768 694 759 697 754 694 750 690 749 690 747 690 746 690 745 690 743 690 738 694 732 698 669 698 644 696 558 688 556 688 555 688 524 697 522 698 487 698 447 698 414 688 413 688 411 688 410 688 387 700 302 700 303 730"/></Shape>
	    <String CONTENT="ques à quand fumeras-tu contre l’oraiſon de ton"
                    HPOS="302"
                    VPOS="685"
                    WIDTH="1028"
                    HEIGHT="57"
                    WC="0.9724069299797217"></String>
          </TextLine>
          <TextLine ID="eSc_line_c12d199e"
                    TAGREFS="LT8"
                    BASELINE="306 788 1331 784" 
                    HPOS="304"
                    VPOS="743"
                    WIDTH="1027"
                    HEIGHT="64">
            <Shape><Polygon POINTS="306 788 306 807 358 797 402 807 407 807 409 807 410 807 413 807 449 796 555 803 556 803 669 796 680 803 681 805 682 805 684 805 685 805 707 803 773 795 811 801 831 805 833 805 875 801 940 795 992 800 999 800 1001 800 1002 800 1003 800 1011 793 1097 799 1179 804 1181 804 1227 797 1249 795 1267 797 1309 803 1311 803 1312 803 1331 796 1331 784 1330 754 1316 746 1315 746 1314 746 1312 746 1311 746 1309 746 1299 754 1284 743 1282 743 1281 743 1257 743 1255 743 1254 743 1253 743 1240 754 1217 744 1216 744 1215 744 1213 744 1212 744 1200 755 1066 755 1052 743 1051 743 1049 743 1028 743 1026 743 1025 743 1024 743 1011 754 974 744 972 744 971 744 969 744 968 744 953 757 835 757 820 744 819 744 818 744 789 744 788 744 787 744 785 744 773 755 646 757 604 746 602 746 601 746 554 753 495 746 494 746 493 746 491 746 479 755 467 746 466 746 464 746 463 746 461 746 438 753 421 746 419 746 418 746 417 746 415 746 402 757 304 758 306 788"/></Shape>
	    <String CONTENT="peuple? Tu l’as repeu de pain de larmes, &amp; l’as"
                    HPOS="304"
                    VPOS="743"
                    WIDTH="1027"
                    HEIGHT="64"
                    WC="0.9988087187422082"></String>
          </TextLine>
          <TextLine ID="eSc_line_3585fcce"
                    TAGREFS="LT8"
                    BASELINE="302 846 1328 843" 
                    HPOS="300"
                    VPOS="803"
                    WIDTH="1028"
                    HEIGHT="59">
            <Shape><Polygon POINTS="302 846 302 856 550 856 556 856 606 862 608 862 770 856 816 854 1066 854 1068 856 1081 861 1082 861 1083 861 1327 854 1328 843 1326 815 1253 803 1251 803 1250 803 1249 803 1230 815 1095 815 807 815 806 815 785 804 784 804 734 804 732 804 731 804 730 804 716 815 716 816 646 816 646 815 608 804 606 804 605 804 604 804 570 815 552 804 551 804 550 804 493 804 491 804 490 804 459 814 426 804 425 804 424 804 422 804 392 815 379 804 377 804 376 804 334 804 333 804 331 804 300 814 302 846"/></Shape>
	    <String CONTENT="abbréuué de pleurs. Tu nous as mis en querelles"
                    HPOS="300"
                    VPOS="803"
                    WIDTH="1028"
                    HEIGHT="59"
                    WC="0.9990129714109459"></String>
          </TextLine>
          <TextLine ID="eSc_line_a9110cb9"
                    TAGREFS="LT8"
                    BASELINE="302 906 1328 903" 
                    HPOS="300"
                    VPOS="865"
                    WIDTH="1028"
                    HEIGHT="60">
            <Shape><Polygon POINTS="302 906 302 925 425 915 516 915 536 923 537 923 539 923 540 923 587 915 633 923 638 923 639 923 643 923 689 915 814 915 829 922 830 922 831 922 833 922 834 922 835 922 846 914 1001 914 1025 921 1030 922 1032 922 1033 922 1047 921 1086 915 1326 918 1328 903 1324 865 1265 874 895 874 877 869 856 865 854 865 853 865 852 865 846 870 841 873 799 870 732 866 731 866 730 866 728 866 723 872 717 876 635 876 617 873 567 866 566 866 564 866 541 873 537 874 524 874 466 869 464 869 300 876 302 906"/></Shape>
	    <String CONTENT="contre nos plus proches, &amp; en moqueries parmi"
                    HPOS="300"
                    VPOS="865"
                    WIDTH="1028"
                    HEIGHT="60"
                    WC="0.994335499074724"></String>
          </TextLine>
          <TextLine ID="eSc_line_90dc5efd"
                    TAGREFS="LT8"
                    BASELINE="302 965 1324 965" 
                    HPOS="302"
                    VPOS="922"
                    WIDTH="1022"
                    HEIGHT="62">
            <Shape><Polygon POINTS="302 965 302 971 334 980 335 980 337 980 338 980 369 972 371 972 379 979 380 979 382 979 383 979 594 975 741 972 768 976 800 983 801 983 841 977 883 972 902 979 904 979 906 979 907 979 917 979 991 972 1011 980 1020 983 1021 983 1022 983 1056 980 1148 972 1175 981 1179 983 1181 983 1182 984 1261 984 1261 983 1262 983 1263 983 1285 975 1323 983 1324 965 1324 934 1240 933 1228 922 1227 922 1225 922 1224 922 1223 922 1196 930 1186 922 1185 922 1183 922 1124 922 1123 922 1121 922 1120 922 1108 933 1106 933 1074 933 1036 931 1025 922 1024 922 1022 922 1021 922 1020 922 994 931 990 933 983 931 936 922 934 922 876 931 864 933 857 931 827 922 826 922 825 922 734 930 704 934 643 934 636 930 621 922 620 922 568 922 567 922 566 922 564 922 556 930 551 934 346 934 338 929 325 922 323 922 322 922 321 922 302 927 302 965"/></Shape>
	    <String CONTENT="les nations. Tu as tranſporté ta vigne d’Egypte,"
                    HPOS="302"
                    VPOS="922"
                    WIDTH="1022"
                    HEIGHT="62"
                    WC="0.9968960796083722"></String>
          </TextLine>
          <TextLine ID="eSc_line_50921dba"
                    TAGREFS="LT8"
                    BASELINE="299 1025 1327 1017" 
                    HPOS="298"
                    VPOS="976"
                    WIDTH="1029"
                    HEIGHT="69">
            <Shape><Polygon POINTS="299 1025 299 1033 383 1033 384 1033 405 1044 406 1044 407 1045 466 1045 466 1044 467 1044 468 1044 484 1032 512 1032 571 1032 573 1032 602 1042 604 1042 605 1042 606 1042 647 1030 651 1030 655 1030 713 1041 715 1041 716 1041 717 1041 730 1030 739 1036 741 1036 742 1036 820 1029 830 1029 831 1029 846 1040 848 1040 849 1040 850 1041 877 1041 877 1040 879 1040 880 1040 891 1032 982 1036 983 1036 984 1036 999 1028 1006 1034 1007 1034 1009 1034 1010 1034 1058 1030 1097 1038 1098 1038 1100 1038 1101 1038 1110 1030 1189 1030 1239 1037 1240 1037 1242 1037 1261 1028 1301 1036 1303 1036 1304 1036 1327 1025 1327 1017 1326 984 1297 976 1296 976 1295 976 1293 976 1292 976 1282 984 1276 990 1183 990 1177 986 1154 976 1152 976 1151 976 1150 976 1131 986 1124 990 1070 990 1055 987 1010 977 1009 977 1007 977 1006 977 992 988 976 979 975 979 934 979 933 979 932 979 910 988 904 991 876 990 826 986 825 986 761 991 735 992 732 991 724 984 723 984 722 984 658 980 657 980 619 981 617 981 616 981 600 992 597 994 587 992 539 986 537 986 502 991 468 981 467 981 466 981 464 981 434 994 364 983 363 983 361 983 360 983 349 991 314 988 312 988 311 988 298 994 299 1025"/></Shape>
	    <String CONTENT="tu l’as plantee, &amp; luy as preparé le lieu, afin qu’el¬"
                    HPOS="298"
                    VPOS="976"
                    WIDTH="1029"
                    HEIGHT="69"
                    WC="0.9966024550524625"></String>
          </TextLine>
          <TextLine ID="eSc_line_0fd3aa31"
                    TAGREFS="LT8"
                    BASELINE="299 1082 1327 1079" 
                    HPOS="298"
                    VPOS="1036"
                    WIDTH="1029"
                    HEIGHT="63">
            <Shape><Polygon POINTS="299 1082 299 1090 342 1099 344 1099 490 1091 514 1090 555 1091 689 1095 690 1095 793 1091 862 1088 888 1091 942 1098 944 1098 999 1091 1026 1088 1051 1091 1098 1098 1100 1098 1326 1091 1327 1079 1326 1048 1293 1036 1292 1036 1291 1036 1289 1036 1255 1046 1155 1036 1154 1036 1152 1036 1151 1036 1132 1048 949 1048 936 1036 934 1036 933 1036 872 1036 871 1036 869 1036 837 1046 814 1036 812 1036 811 1036 810 1036 774 1045 762 1037 761 1037 759 1037 758 1037 757 1037 726 1045 686 1037 685 1037 684 1037 682 1037 667 1048 667 1049 623 1049 623 1048 600 1037 598 1037 597 1037 596 1037 570 1048 567 1048 520 1048 483 1037 482 1037 480 1037 479 1037 448 1049 369 1049 308 1037 307 1037 306 1037 304 1037 304 1038 298 1044 299 1082"/></Shape>
	    <String CONTENT="le y prinſt racines &amp; s’eſtendiſt, en rempliſſant la"
                    HPOS="298"
                    VPOS="1036"
                    WIDTH="1029"
                    HEIGHT="63"
                    WC="0.992907234109365"></String>
          </TextLine>
          <TextLine ID="eSc_line_66cfb0b6"
                    TAGREFS="LT8"
                    BASELINE="302 1140 1327 1136" 
                    HPOS="300"
                    VPOS="1095"
                    WIDTH="1027"
                    HEIGHT="63">
            <Shape><Polygon POINTS="302 1140 302 1149 471 1149 483 1151 543 1158 544 1158 589 1151 597 1149 605 1151 642 1158 643 1158 644 1158 646 1158 646 1156 652 1151 657 1148 883 1148 906 1151 944 1156 945 1156 982 1151 1013 1147 1063 1151 1108 1155 1109 1155 1326 1151 1327 1136 1323 1095 1102 1105 1093 1098 1090 1095 1089 1095 1087 1095 1026 1095 1025 1095 1024 1095 1009 1099 982 1107 739 1107 717 1103 667 1097 666 1097 665 1097 633 1105 620 1109 493 1109 486 1107 438 1098 437 1098 436 1098 405 1107 342 1101 341 1101 300 1109 302 1140"/></Shape>
	    <String CONTENT="terre: Pourquoy dõc as-tu rompu ſa haye, la baïl"
                    HPOS="300"
                    VPOS="1095"
                    WIDTH="1027"
                    HEIGHT="63"
                    WC="0.995624418258667"></String>
          </TextLine>
          <TextLine ID="eSc_line_3e819794"
                    TAGREFS="LT8"
                    BASELINE="300 1200 1328 1195" 
                    HPOS="299"
                    VPOS="1155"
                    WIDTH="1029"
                    HEIGHT="62">
            <Shape><Polygon POINTS="300 1200 300 1208 403 1208 410 1208 452 1217 453 1217 502 1208 508 1208 510 1208 532 1217 533 1217 535 1217 582 1208 589 1208 601 1208 675 1216 677 1216 739 1208 759 1206 781 1208 822 1213 823 1213 849 1208 858 1206 862 1208 871 1216 872 1216 873 1216 875 1216 926 1208 934 1208 942 1208 983 1214 984 1214 1030 1208 1039 1208 1047 1208 1083 1214 1085 1214 1086 1214 1087 1214 1094 1208 1100 1205 1155 1205 1167 1208 1188 1214 1189 1214 1190 1214 1327 1208 1328 1195 1326 1155 1272 1155 1270 1155 1269 1155 1267 1155 1254 1166 1227 1166 1215 1155 1213 1155 1212 1155 1183 1155 1182 1155 1181 1155 1179 1155 1179 1156 1165 1167 871 1167 858 1159 856 1156 854 1156 853 1156 852 1156 850 1156 841 1159 814 1167 789 1159 780 1156 778 1156 736 1156 735 1156 734 1156 724 1160 707 1167 665 1160 644 1158 643 1158 642 1158 636 1160 620 1170 455 1170 433 1163 421 1159 419 1159 418 1159 417 1159 415 1159 410 1163 400 1170 344 1170 335 1163 329 1158 327 1158 326 1158 325 1158 299 1163 300 1200"/></Shape>
	    <String CONTENT="lant en proye aux paſſans? pourquoy a elle eſté"
                    HPOS="299"
                    VPOS="1155"
                    WIDTH="1029"
                    HEIGHT="62"
                    WC="0.9950230196118355"></String>
          </TextLine>
          <TextLine ID="eSc_line_25f81e66"
                    TAGREFS="LT8"
                    BASELINE="299 1258 1328 1254" 
                    HPOS="298"
                    VPOS="1213"
                    WIDTH="1030"
                    HEIGHT="62">
            <Shape><Polygon POINTS="299 1258 299 1267 410 1275 411 1275 491 1267 495 1267 498 1267 552 1275 554 1275 633 1266 643 1266 652 1266 713 1274 715 1274 812 1266 818 1266 819 1266 839 1274 841 1274 842 1274 843 1274 845 1274 856 1266 864 1266 1120 1273 1121 1273 1246 1265 1297 1273 1299 1273 1300 1273 1328 1263 1328 1254 1327 1225 1299 1216 1297 1216 1296 1216 1295 1216 1280 1224 1267 1213 1266 1213 1265 1213 1263 1213 1262 1213 1221 1224 1189 1213 1188 1213 1186 1213 1185 1213 1183 1213 1169 1225 1033 1225 1018 1217 1017 1217 1016 1217 1014 1217 982 1225 938 1214 937 1214 914 1214 913 1214 911 1214 910 1214 898 1225 868 1214 867 1214 865 1214 864 1214 862 1214 849 1227 822 1227 783 1214 781 1214 780 1214 719 1224 657 1214 655 1214 654 1214 652 1214 643 1223 608 1216 606 1216 605 1216 575 1228 470 1228 388 1216 387 1216 386 1216 358 1227 308 1217 307 1217 306 1217 304 1217 304 1219 298 1224 299 1258"/></Shape>
	    <String CONTENT="conſumee par le ſanglier, &amp; deuoree par les be¬"
                    HPOS="298"
                    VPOS="1213"
                    WIDTH="1030"
                    HEIGHT="62"
                    WC="0.9983468055725098"></String>
          </TextLine>
          <TextLine ID="eSc_line_a0257a44"
                    TAGREFS="LT8"
                    BASELINE="300 1315 1326 1311" 
                    HPOS="299"
                    VPOS="1273"
                    WIDTH="1027"
                    HEIGHT="61">
            <Shape><Polygon POINTS="300 1315 300 1326 539 1334 540 1334 589 1326 590 1326 591 1326 724 1332 726 1332 727 1332 728 1332 736 1324 738 1324 746 1324 825 1331 826 1331 1144 1323 1165 1323 1166 1323 1175 1330 1177 1330 1178 1330 1273 1331 1274 1331 1324 1321 1326 1311 1323 1285 1224 1285 1211 1273 1209 1273 1208 1273 1171 1273 1170 1273 1169 1273 1135 1285 884 1285 797 1274 796 1274 795 1274 765 1285 703 1278 701 1278 640 1286 625 1275 624 1275 623 1275 621 1275 483 1286 425 1275 424 1275 365 1285 312 1275 311 1275 310 1275 308 1275 308 1277 299 1284 300 1315"/></Shape>
	    <String CONTENT="ſtes ſauuages? Les gens ſont entrez en ton herita¬"
                    HPOS="299"
                    VPOS="1273"
                    WIDTH="1027"
                    HEIGHT="61"
                    WC="0.9939992249011993"></String>
          </TextLine>
          <TextLine ID="eSc_line_2e52bda0"
                    TAGREFS="LT8"
                    BASELINE="302 1376 1328 1370" 
                    HPOS="300"
                    VPOS="1332"
                    WIDTH="1028"
                    HEIGHT="63">
            <Shape><Polygon POINTS="302 1376 302 1395 629 1384 739 1389 811 1392 812 1392 814 1392 823 1388 834 1382 902 1386 953 1389 955 1389 956 1389 957 1389 963 1385 969 1382 1018 1385 1086 1388 1087 1388 1169 1382 1196 1381 1197 1382 1209 1389 1211 1389 1212 1389 1213 1389 1253 1381 1257 1381 1259 1381 1300 1389 1301 1389 1303 1389 1328 1380 1328 1370 1326 1344 1036 1344 979 1332 978 1332 976 1332 975 1332 961 1344 896 1344 877 1332 876 1332 875 1332 850 1332 849 1332 848 1332 846 1332 833 1343 745 1338 743 1338 699 1346 658 1334 657 1334 566 1334 564 1334 563 1334 562 1334 544 1347 528 1335 526 1335 525 1335 524 1335 522 1335 502 1346 426 1347 405 1335 403 1335 402 1335 373 1335 372 1335 371 1335 369 1335 357 1344 314 1342 312 1342 311 1342 310 1342 300 1346 302 1376"/></Shape>
	    <String CONTENT="ge, ils ont baillé les corps de tes ſeruiteurs en vi¬"
                    HPOS="300"
                    VPOS="1332"
                    WIDTH="1028"
                    HEIGHT="63"
                    WC="0.9842525025208791"></String>
          </TextLine>
          <TextLine ID="eSc_line_9256911b"
                    TAGREFS="LT8"
                    BASELINE="299 1435 1330 1433" 
                    HPOS="298"
                    VPOS="1391"
                    WIDTH="1032"
                    HEIGHT="52">
            <Shape><Polygon POINTS="299 1435 299 1442 1328 1443 1330 1433 1327 1403 1295 1395 1293 1395 1292 1395 1291 1395 1282 1403 1216 1403 1188 1391 1186 1391 1185 1391 1183 1391 1158 1401 1132 1391 1131 1391 1129 1391 1128 1391 1127 1391 1113 1401 1083 1401 1049 1391 1048 1391 999 1391 998 1391 997 1391 975 1401 961 1391 960 1391 959 1391 933 1391 932 1391 930 1391 929 1391 914 1403 877 1403 826 1391 825 1391 823 1391 822 1391 822 1392 810 1403 776 1392 774 1392 773 1392 772 1392 746 1399 719 1392 717 1392 716 1392 715 1392 713 1392 700 1404 606 1404 571 1392 570 1392 568 1392 567 1392 566 1392 552 1404 407 1404 372 1392 371 1392 369 1392 368 1392 367 1392 353 1403 311 1397 310 1397 308 1397 307 1397 298 1401 299 1435"/></Shape>
	    <String CONTENT="ande aux corbeaux &amp; la chair des bien viuans aux"
                    HPOS="298"
                    VPOS="1391"
                    WIDTH="1032"
                    HEIGHT="52"
                    WC="0.9978946012755235"></String>
          </TextLine>
          <TextLine ID="eSc_line_08230fb7"
                    TAGREFS="LT8"
                    BASELINE="299 1495 804 1489 1324 1492" 
                    HPOS="298"
                    VPOS="1447"
                    WIDTH="1026"
                    HEIGHT="63">
            <Shape><Polygon POINTS="299 1495 299 1502 429 1508 430 1508 432 1508 433 1508 438 1503 441 1502 550 1502 554 1504 562 1510 563 1510 564 1510 566 1510 609 1504 633 1502 673 1504 704 1507 705 1507 745 1506 835 1500 877 1506 896 1508 898 1508 930 1507 1018 1500 1104 1507 1118 1508 1120 1508 1129 1508 1197 1500 1322 1508 1324 1492 1323 1461 1244 1461 1244 1460 1231 1449 1230 1449 1228 1449 1227 1449 1225 1449 1185 1460 1169 1447 1167 1447 1166 1447 1132 1447 1131 1447 1129 1447 1128 1447 1113 1460 1112 1460 1104 1460 1064 1457 1055 1447 1053 1447 1052 1447 1026 1447 1025 1447 1024 1447 1022 1447 1007 1458 978 1447 976 1447 975 1447 974 1447 941 1458 865 1447 864 1447 862 1447 838 1458 831 1462 749 1462 743 1458 731 1449 730 1449 728 1449 685 1449 684 1449 682 1449 681 1449 670 1458 666 1462 543 1462 536 1457 524 1449 522 1449 521 1449 520 1449 518 1449 494 1457 489 1458 484 1457 459 1449 457 1449 456 1449 455 1449 453 1449 444 1457 438 1461 405 1460 402 1457 392 1449 391 1449 390 1449 369 1449 368 1449 367 1449 365 1449 356 1457 350 1461 342 1457 326 1449 325 1449 323 1449 322 1449 298 1456 299 1495"/></Shape>
	    <String CONTENT="beſtes de la terre. Ils ont eſpars le ſang des riens,"
                    HPOS="298"
                    VPOS="1447"
                    WIDTH="1026"
                    HEIGHT="63"
                    WC="0.9851199107350044"></String>
          </TextLine>
          <TextLine ID="eSc_line_031a6604"
                    TAGREFS="LT8"
                    BASELINE="295 1556 662 1549 1324 1552" 
                    HPOS="293"
                    VPOS="1507"
                    WIDTH="1031"
                    HEIGHT="61">
            <Shape><Polygon POINTS="295 1556 295 1560 314 1568 315 1568 316 1568 318 1568 346 1560 350 1560 354 1561 382 1568 383 1568 384 1568 479 1561 506 1560 690 1560 694 1563 701 1568 703 1568 704 1568 705 1568 745 1563 769 1560 1322 1565 1324 1552 1323 1515 1312 1507 1311 1507 1309 1507 1263 1507 1262 1507 1261 1507 1259 1507 1242 1519 1240 1519 1219 1507 1217 1507 1178 1507 1177 1507 1175 1507 1174 1507 1158 1519 1156 1519 1129 1507 1128 1507 1127 1507 1125 1507 1124 1507 1109 1519 1108 1521 1068 1521 1067 1519 1053 1507 1052 1507 1051 1507 984 1507 983 1507 982 1507 980 1507 967 1519 936 1507 934 1507 887 1507 885 1507 827 1519 826 1519 825 1519 788 1507 787 1507 785 1507 784 1507 783 1507 768 1519 715 1511 713 1511 712 1511 711 1511 700 1519 700 1521 574 1521 424 1521 386 1507 384 1507 383 1507 382 1507 346 1519 322 1507 321 1507 319 1507 318 1507 293 1518 295 1556"/></Shape>
	    <String CONTENT="&amp; n’y auoit aucun qui les enſeueliſt. Iuſques à"
                    HPOS="293"
                    VPOS="1507"
                    WIDTH="1031"
                    HEIGHT="61"
                    WC="0.993424062927564"></String>
          </TextLine>
          <TextLine ID="eSc_line_34705daf"
                    TAGREFS="LT8"
                    BASELINE="299 1613 1323 1605" 
                    HPOS="298"
                    VPOS="1568"
                    WIDTH="1025"
                    HEIGHT="60">
            <Shape><Polygon POINTS="299 1613 299 1622 543 1628 544 1628 590 1621 591 1621 638 1628 639 1628 640 1628 667 1619 670 1619 701 1619 904 1623 906 1623 975 1617 986 1617 992 1617 1036 1623 1037 1623 1039 1623 1064 1617 1072 1623 1074 1623 1075 1623 1076 1625 1136 1625 1136 1623 1204 1615 1209 1615 1215 1615 1299 1622 1300 1622 1301 1622 1323 1614 1323 1605 1320 1577 1261 1577 1247 1568 1246 1568 1244 1568 1243 1568 1148 1577 1039 1569 1037 1569 1036 1569 1034 1569 1025 1579 978 1579 709 1573 708 1573 707 1573 705 1573 697 1580 658 1573 657 1573 655 1573 654 1573 646 1581 567 1581 470 1573 468 1573 298 1584 299 1613"/></Shape>
	    <String CONTENT="quand Se gneur, te courrouceras-tu? ton ire ſera¬"
                    HPOS="298"
                    VPOS="1568"
                    WIDTH="1025"
                    HEIGHT="60"
                    WC="0.9936010022552646"></String>
          </TextLine>
          <TextLine ID="eSc_line_617c389f"
                    TAGREFS="LT8"
                    BASELINE="296 1672 1323 1664" 
                    HPOS="295"
                    VPOS="1625"
                    WIDTH="1028"
                    HEIGHT="65">
            <Shape><Polygon POINTS="296 1672 296 1680 409 1690 410 1690 411 1690 438 1682 442 1679 881 1676 938 1682 979 1686 980 1686 1007 1682 1051 1675 1060 1682 1063 1684 1064 1684 1066 1684 1067 1686 1151 1686 1151 1684 1174 1682 1247 1674 1258 1682 1259 1682 1261 1682 1262 1683 1322 1683 1323 1664 1320 1636 1194 1628 1193 1628 1105 1636 1074 1625 1072 1625 1071 1625 1070 1625 1040 1637 995 1637 979 1625 978 1625 976 1625 975 1625 974 1625 940 1634 918 1625 917 1625 915 1625 869 1633 845 1625 843 1625 842 1625 841 1625 825 1633 812 1625 811 1625 810 1625 808 1625 807 1625 762 1637 707 1626 705 1626 704 1626 703 1626 690 1636 600 1640 536 1640 501 1628 499 1628 498 1628 497 1628 441 1642 382 1642 364 1629 363 1629 361 1629 331 1629 330 1629 329 1629 295 1641 296 1672"/></Shape>
	    <String CONTENT="elle pour iamais embraſce? Reſpan Seigneur tes"
                    HPOS="295"
                    VPOS="1625"
                    WIDTH="1028"
                    HEIGHT="65"
                    WC="0.9891887682935466"></String>
          </TextLine>
          <TextLine ID="eSc_line_ec3122c7"
                    TAGREFS="LT8"
                    BASELINE="296 1730 1327 1725" 
                    HPOS="295"
                    VPOS="1684"
                    WIDTH="1032"
                    HEIGHT="64">
            <Shape><Polygon POINTS="296 1730 296 1740 303 1745 304 1745 306 1745 307 1745 348 1739 376 1748 377 1748 379 1748 490 1737 494 1737 566 1737 567 1737 582 1747 583 1747 585 1747 586 1747 587 1747 589 1747 600 1737 602 1736 720 1736 722 1737 743 1747 745 1747 746 1747 823 1737 849 1735 854 1737 869 1745 871 1745 872 1745 918 1737 936 1735 1010 1735 1014 1737 1021 1743 1022 1743 1024 1743 1025 1743 1067 1737 1091 1735 1097 1737 1106 1744 1108 1744 1109 1744 1110 1744 1156 1737 1171 1736 1204 1737 1304 1744 1305 1744 1307 1744 1327 1737 1327 1725 1322 1684 1300 1695 1263 1684 1261 1684 1259 1684 1225 1684 1224 1684 1223 1684 1221 1684 1220 1686 1204 1695 811 1691 810 1691 724 1698 709 1691 703 1687 701 1687 700 1687 699 1687 685 1691 669 1695 639 1691 606 1687 605 1687 604 1687 602 1687 597 1691 589 1698 486 1693 470 1693 468 1693 467 1693 464 1693 438 1699 413 1694 390 1688 360 1688 358 1688 357 1688 356 1688 349 1694 344 1698 337 1694 323 1688 322 1688 321 1688 295 1694 296 1730"/></Shape>
	    <String CONTENT="indignations, ſur les gens qui ne te cognoiſſent"
                    HPOS="295"
                    VPOS="1684"
                    WIDTH="1032"
                    HEIGHT="64"
                    WC="0.9848738312721252"></String>
          </TextLine>
          <TextLine ID="eSc_line_48ad9b6c"
                    TAGREFS="LT8"
                    BASELINE="298 1789 1327 1783" 
                    HPOS="296"
                    VPOS="1745"
                    WIDTH="1031"
                    HEIGHT="63">
            <Shape><Polygon POINTS="298 1789 298 1808 403 1797 438 1804 440 1804 441 1804 442 1804 451 1795 662 1795 677 1805 680 1806 681 1806 682 1806 684 1806 717 1804 830 1794 850 1802 856 1805 857 1805 858 1805 877 1802 929 1794 1021 1801 1067 1804 1068 1805 1105 1805 1105 1804 1106 1804 1108 1804 1113 1800 1121 1794 1156 1800 1188 1804 1189 1804 1326 1797 1327 1783 1324 1755 1276 1745 1274 1745 1220 1754 822 1749 820 1749 819 1749 804 1758 686 1758 661 1748 659 1748 658 1748 657 1748 632 1756 568 1748 567 1748 296 1759 298 1789"/></Shape>
	    <String CONTENT="point, &amp; ſur les royaumes qui n’inuoquent point"
                    HPOS="296"
                    VPOS="1745"
                    WIDTH="1031"
                    HEIGHT="63"
                    WC="0.9990917621774876"></String>
          </TextLine>
          <TextLine ID="eSc_line_a06a2138"
                    TAGREFS="LT8"
                    BASELINE="295 1848 629 1843 1319 1844" 
                    HPOS="293"
                    VPOS="1802"
                    WIDTH="1026"
                    HEIGHT="60">
            <Shape><Polygon POINTS="295 1848 295 1854 314 1862 315 1862 316 1862 377 1854 380 1854 382 1854 390 1861 391 1861 392 1861 394 1861 395 1861 413 1854 414 1854 705 1854 719 1854 769 1862 770 1862 812 1854 867 1862 868 1862 907 1854 999 1861 1001 1861 1128 1854 1156 1861 1158 1861 1159 1861 1198 1852 1200 1852 1276 1861 1277 1861 1318 1851 1319 1844 1318 1813 1238 1813 1208 1802 1207 1802 1205 1802 1204 1802 1178 1813 1177 1813 1158 1813 941 1804 940 1804 938 1804 919 1813 919 1814 884 1814 883 1813 818 1804 816 1804 815 1804 793 1814 655 1814 643 1804 642 1804 640 1804 602 1804 601 1804 600 1804 571 1814 459 1814 437 1804 436 1804 386 1804 384 1804 383 1804 382 1804 371 1813 293 1814 295 1848"/></Shape>
	    <String CONTENT="ton Nom: car ils ont preſque eſteinte toute la po"
                    HPOS="293"
                    VPOS="1802"
                    WIDTH="1026"
                    HEIGHT="60"
                    WC="0.98840247368326"></String>
          </TextLine>
          <TextLine ID="eSc_line_1dc9092b"
                    TAGREFS="LT8"
                    BASELINE="295 1905 1320 1898" 
                    HPOS="293"
                    VPOS="1856"
                    WIDTH="1027"
                    HEIGHT="68">
            <Shape><Polygon POINTS="295 1905 295 1924 499 1913 526 1921 528 1921 529 1921 531 1921 532 1921 533 1921 554 1913 675 1919 680 1919 681 1919 686 1919 811 1912 835 1917 848 1919 849 1919 850 1919 852 1919 854 1916 861 1912 963 1915 1049 1917 1051 1917 1052 1917 1063 1913 1072 1911 1086 1913 1113 1919 1114 1919 1182 1912 1209 1909 1231 1911 1292 1917 1293 1917 1295 1917 1320 1909 1320 1898 1318 1871 1205 1871 1181 1856 1179 1856 1178 1856 1177 1856 1175 1856 1174 1856 1156 1871 1118 1871 1094 1858 1093 1858 1091 1858 1090 1858 1089 1858 1064 1871 907 1871 894 1859 892 1859 891 1859 890 1859 888 1859 857 1870 843 1859 842 1859 841 1859 792 1859 791 1859 789 1859 788 1859 776 1870 703 1874 692 1874 690 1874 670 1861 669 1861 667 1861 666 1861 665 1861 644 1870 633 1861 632 1861 631 1861 600 1861 598 1861 597 1861 556 1874 533 1861 532 1861 531 1861 529 1861 528 1861 498 1871 480 1862 479 1862 478 1862 476 1862 448 1869 428 1862 426 1862 425 1862 424 1862 422 1862 409 1873 382 1862 380 1862 379 1862 377 1862 376 1862 360 1874 308 1862 307 1862 306 1862 304 1862 304 1863 293 1871 295 1905"/></Shape>
	    <String CONTENT="ſterité de Iacob, &amp; ruiné ſa demeure. Que la ven¬"
                    HPOS="293"
                    VPOS="1856"
                    WIDTH="1027"
                    HEIGHT="68"
                    WC="0.9933754287514032"></String>
          </TextLine>
          <TextLine ID="eSc_line_6c044091"
                    TAGREFS="LT8"
                    BASELINE="298 1965 1322 1959" 
                    HPOS="296"
                    VPOS="1920"
                    WIDTH="1026"
                    HEIGHT="65">
            <Shape><Polygon POINTS="298 1965 298 1985 352 1976 436 1981 437 1981 438 1981 440 1981 452 1973 566 1974 574 1982 575 1982 577 1982 578 1982 581 1982 667 1972 787 1972 800 1981 801 1982 803 1982 804 1982 806 1982 816 1980 860 1970 1066 1970 1078 1977 1081 1980 1082 1980 1083 1980 1085 1980 1112 1977 1188 1969 1208 1976 1219 1980 1220 1980 1221 1980 1320 1974 1322 1959 1319 1931 1220 1920 1219 1920 1217 1920 1197 1930 1175 1924 1174 1924 1173 1924 1021 1931 984 1921 983 1921 982 1921 980 1921 979 1921 964 1932 789 1934 671 1934 629 1923 628 1923 627 1923 625 1923 613 1932 554 1923 552 1923 506 1932 463 1924 461 1924 460 1924 459 1924 447 1935 296 1935 298 1965"/></Shape>
	    <String CONTENT="geance du ſang de ceux qui te reclamoyent eſpan"
                    HPOS="296"
                    VPOS="1920"
                    WIDTH="1026"
                    HEIGHT="65"
                    WC="0.9943229657538394"></String>
          </TextLine>
          <TextLine ID="eSc_line_c5f9fee3"
                    TAGREFS="LT8"
                    BASELINE="296 2026 1324 2019" 
                    HPOS="295"
                    VPOS="1982"
                    WIDTH="1029"
                    HEIGHT="60">
            <Shape><Polygon POINTS="296 2026 296 2034 409 2042 410 2042 741 2034 783 2042 784 2042 785 2042 787 2042 795 2034 876 2033 925 2041 926 2041 995 2034 1091 2041 1093 2041 1094 2041 1132 2031 1220 2038 1221 2038 1223 2038 1255 2030 1257 2030 1258 2030 1314 2038 1315 2038 1316 2038 1318 2038 1324 2031 1324 2019 1320 1984 873 1992 850 1989 791 1982 789 1982 788 1982 773 1991 772 1992 770 1991 761 1982 759 1982 758 1982 726 1982 724 1982 682 1992 680 1992 678 1992 639 1984 638 1984 636 1984 635 1984 624 1992 541 1985 540 1985 539 1985 537 1985 526 1993 460 1988 459 1988 425 1995 318 1985 316 1985 315 1985 295 1995 296 2026"/></Shape>
	    <String CONTENT="du contre tout droict, ſoit cognue par toute la"
                    HPOS="295"
                    VPOS="1982"
                    WIDTH="1029"
                    HEIGHT="60"
                    WC="0.9982499175883354"></String>
          </TextLine>
        </TextBlock>
        <TextBlock HPOS="1179.0"
                   VPOS="2049.0"
                   WIDTH="153.0"
                   HEIGHT="55.0"
                   ID="eSc_textblock_4845c52d"
                   TAGREFS="BT17">
          <Shape><Polygon POINTS="1179 2049 1179 2104 1332 2104 1332 2049"/></Shape>
          <TextLine ID="eSc_line_d2fc857f"
                    TAGREFS="LT8"
                    BASELINE="1190 2079 1322 2081" 
                    HPOS="1189"
                    VPOS="2049"
                    WIDTH="133"
                    HEIGHT="47">
            <Shape><Polygon POINTS="1318 2050 1190 2049 1190 2079 1189 2089 1201 2096 1202 2096 1204 2096 1320 2091 1322 2081 1322 2069 1318 2050"/></Shape>
	    <String CONTENT="terte"
                    HPOS="1189"
                    VPOS="2049"
                    WIDTH="133"
                    HEIGHT="47"
                    WC="0.9975752115249634"></String>
          </TextLine>
        </TextBlock>
        <TextBlock HPOS="868.0"
                   VPOS="2328.0"
                   WIDTH="320.0"
                   HEIGHT="66.0"
                   ID="eSc_textblock_de2fe8b2"
                   TAGREFS="BT9">
          <Shape><Polygon POINTS="868 2328 868 2394 1188 2394 1188 2328"/></Shape>
        </TextBlock>
      </PrintSpace>
    </Page>
  </Layout>
</alto>
