1404 2402
129 146 1036 32 hojus contre ce ocuouenelle youluteie vme ide

129 177 1034 57 ditn contre ceſt Holofer ne, pour la deliurancede

129 237 1033 60 ta Bethulie. Ne te tiens plus arriere de nous, &

125 294 1033 62 ne te cache point au temps de tribulation: Car le

125 353 1033 62 meſchant auec orgueil pourſuit le poure, & s’eſ¬

125 413 1029 63 gaye quand toutes choſes luy ſuccedẽt à ſouhait.

122 471 1036 61 Il eſt tant fier, qu’il ne ſe ſoucie point de ta maie¬

121 531 1040 62 ſté, Seigneur, ains toutes ſes penſees ſont, qu’il

121 587 1036 64 n’eſt point de Dieu. Sa bouche eſt pleine de mau

117 647 1042 64 diiſon, de fraude, & de tromperie, ſous ſa langue

121 705 1032 62 giſt moleſte & nuiſance: Il ſe tiẽt aux embuſches,

118 767 1043 53 Il occit l’innocent aux lieux cachez:ſes yeux aguet

120 823 1041 56 tent le deſolé, & dit en ſon cœur, Dieu l’a oublié,

114 884 1049 59 & a caché ſa face afin que iamais ne le voye. Leue

118 944 1044 60 toy doncques Seigneur, hauſſe ta main, caſſe le

106 1003 1056 61 bras des meſchans, pren le bouclier & la targe,

117 1063 1042 59 pour ſecourir ceux qu’õ perſecute pour tõ Nom.

121 1122 1042 60 Tire hors la lãce, & ſerre le paſſage à ceux qui les

116 1182 1046 60 pourſuyuent : qu’ils ſoyent comme la paille expo¬

112 1238 1046 60 ſee au vent, leur voye ſoit tenebreuſe & gliſſante,

112 1299 1050 62 & que ton Ange les pourſuyue à iamais. Et pour

110 1359 1048 64 autant Seigneur, qu’il y a encores quelques vns de

114 1418 1048 57 tes enfins, qui comme Daniel en Babylone t’ado

113 1478 1046 56 rent & t’inuoquent, mais non point auec telle har

114 1531 1044 62 dieſſe de foy, craignans comme vn Helie d’eſtre

113 1593 1041 60 demeurez ſeuls en toute la terre: Toy Seigneut,

117 1654 1042 58 qui es pres de ceux qui ſont rompus de cœur, &

118 1710 1041 64 ſauues ceux qui ſont briſez d’eſprit, Qui as ton

118 1769 1037 61 œil fiché ſur ceux qui te craignent, & qui s’atten¬

120 1829 1037 52 dent à ta bonté, afin de retirer leur ame de mort

122 1886 1033 60 & les preſeruer en vie au temps de l’aduerſité

132 1944 1022 63 Tien-les touſiours en ta reſerue,auec les ſept mil

355 56 568 48 DIALOGVE I.

1098 64 56 42 69

844 2003 99 57 F.V.
