1407 2394
151 130 1019 34 Lane te lantiguereiramais de lchacitaz e aquie

154 167 665 56 ſuyuans, ce fut à recommencer.

210 222 960 58 Ce iour meſme de Dimanche, le Rôy eſcriuit

145 280 1027 61 des letres à ſes ambaſſadeurs pres les princes e¬

146 348 1026 53 ſtrangers, & auxgouuerneurs des prouinces, &

145 399 1023 59 villes capitales du Royaume, les auertiſſant que

145 456 1025 54 l'homicide de l’Amiral ſon treſcher & bien aimé

146 517 1022 60 couſin, & des autres Huguenots, n’auoit pas eſté

142 574 1024 56 fait de ſon conſentement, ains du tout contre ſa

143 630 1025 65 volonté: Que la maiſon de Guyſe, ayant deſcou¬

145 700 1021 52 uert que les amis & parẽs de l’Amiral, vouloyent

142 751 1021 60 de ſa bleſſeure faire quelque haute vengeance:

143 808 1021 67 pour les anticiper, auoyent aſſemblé des gentils-

139 864 1027 63 hommes & des Pariſiens leurs partiſans, en tel

139 927 1032 62 nombre, qu’ayans premierement forcé la garde

139 985 1023 63 que le Roy auoit donnee à l’Amiral, & eſtans en¬

141 1044 1023 62 trez en ſon logis le ſamedi de nuict, ils l’auoyent

138 1103 1021 63 tué, luy & ſes amis qu’ils auoyent peu rencontrer,

138 1161 1020 63 au treſgrand regret du Roy, de la Royne ſa mere,

138 1219 1026 57 & de ſes freres, eſtant contraint de l’endurer, &

141 1280 1014 63 pour la crainte qu’il auoit de ſa propre perſonne,

137 1337 1025 56 ſe contenir dedans le Louure, où il auoit auec luy

137 1393 1025 60 ſon treſcher frere le roy de Nauarre, & ſon bien¬

138 1457 1028 61 aimé couſin le prince de Condé, qui iouiroyent

139 1512 1027 64 de pareille fortune que luy: Ce qu’il vouloit bien

139 1570 1024 60 que tout le monde ſceuſt, & entendiſt le deſplaiſir.

141 1631 1025 56 qu’il auoit eu, de voir qu’ayant tant de fois tenté

139 1689 1028 59 la ſincere reconciliation du duc de Guyſe, & de

139 1750 869 58 l’Amiral, c’eſtoit neantmoins pour neant.

348 38 558 53 DIALOGVEI

1107 47 53 47 G5

157 1804 1011 61 Auec ces letres, le Roy enuoya enſemble des

146 1862 1018 69 patentes, par leſquelles il eſtoit deffendu de por¬

145 1921 1023 63 ter armes illicites, de faire aſſemblees illicites, ou

957 2000 36 42 E
