1425 2392
145 135 1004 58 DLALOGISME SVR L’EFFI.

499 195 309 62 gie de la Paix.

323 260 638 60 Le Polonois. La Paix l'aloiſe.

144 434 984 69 Pol. Quelle femme eſt-ce ou Nymphe que ie voy,

243 495 670 63 Ayant le port de la fille d’vn Roy,

241 570 809 45 Plus haute a voir que quelque choſe nee,

241 616 791 57 D’habits nouueaux eſtrangement ornee,

243 675 827 61 Haute en ſourcy, ſuperbe en ſon marcher?

240 734 750 63 Mal-appris eſt qus n’oſe s’approcher.

243 793 860 60 Dites-moy Dame, ou Nomphe ſi vous eſtes

239 849 795 59 Du reng de nous, ou des Graces celeſtes,

247 911 839 60 Qui quelaue fois frequentent les humains:

244 974 786 47 Puis s’en reuont en ces lieux ſouuerains,

245 1031 860 57 Quand les mortels ſe plongent en tout vice:

245 1085 720 60 Seriez-vous point ceſte belle Iuſtice,

247 1149 796 56 Qui s’eſmouuant nous viene voir ca bas,

247 1207 768 58 Pour appaiſer les guerres & combats?

146 1265 842 62 Pa. Ie ne ſuis pas ce qu’eſtre tu me penſe,

244 1323 879 59 Ie ſuis la Paix que Charle a miſe en France

244 1382 775 59 Dont ie ſuis ſœur, baſtar de comme luy,

244 1441 815 59 Le plus loyal des hommes d’auiourd’huy.

143 1498 905 60 Pol. Vrayment tu as vn bon traiſtre de frere.

243 1560 823 62 Mais dy-moy donc, qui fut auſſi ton pere.

146 1615 815 64 Pa. Mon pere fut vn Diable deſ-Guiſé

245 1675 733 67 Deſſous l’habit d’vn Preſtre ſuppoſé

247 1736 723 60 Monſtre fatal, compoſé de tout vice,

252 1795 659 61 Trouble-repos, eſtable d’auarice,

245 1852 709 60 Dont s’eſchaufa celle noble Putain,

247 1912 718 69 Le ſang infect des bougres d’Italie,
