1445 2399
146 139 1032 72 dans Paris, qui aſsiſtoyent à vn prechequ'en fai¬

150 202 1031 65 ſoit la nuict en vne maiſon priuee, où auſsi

151 263 1027 62 la Cene fut lors celebree entre eux: les preſtres

154 321 1021 66 & le peuple Pariſien les ſurprirent, les outra¬

158 378 1015 65 gerent de parole & de fait, pluſieurs de l’aſſem¬

157 439 1022 63 blee ſurent faicts priſonniers & pourſuyuis par

154 495 1028 58 les officiers de la iuſtice. Nonobſtant cela le

154 558 1024 63 nombre de ces gens alloit touſiours en augmen¬

154 617 1027 62 tant, ils ſirent courre par Paris & ailleurs certai¬

154 678 1028 61 ne Apologle pour eux purger des crimes quon

155 734 1026 59 leur mettoit à ſus affermans qu’ils ne mainte¬

155 794 1028 62 noyent que la vraye religion pour laquelle plu¬

157 850 1024 60 ſtoſt que de l’abandonner ils eſtoyent contens

157 907 1021 60 d’endurer feux & tout autre genre de ſupplice.

155 964 1027 63 Le ſeigneur Dandelot neueu du Conneſtable &

158 1023 1023 61 Colonel de l’infanterie Françoiſe fut accuſé au

158 1083 1024 55 Roy Heury d’eſtre du nombre des Lutheriens.

154 1136 1023 68 Et en ſin fut fait priſonnier pour auoir dit libre¬

158 1198 1023 65 ment ce qu’il ſentoit de la Meſſe en la preſence

157 1258 1024 64 du Roy & fut priué de ſa charge de Colonnel, à la

157 1318 1024 64 quelle toutefois il fut puis apres remis par lentre

158 1374 1024 65 miſe du cõneſtable qui le recõcilia au Roy lequel

155 1434 1024 65 à la fin apres la paix faite auec le Roy Philippe, re

155 1491 1024 61 ſolu de ruiner Geneue, en haine de la doctrine

157 1548 1020 60 Lutheriẽne, & pour icelle meſme, de voir bruſler

151 1608 1027 63 A. du Bourg l’vn de ſes conſeilliers au parlement

154 1667 1021 62 de Paris: au milieu des mariages, feſtins, delices,

153 1728 1021 60 leux & tournois, eſtant bleſſé en l’œil d’vn coup

153 1785 1021 66 de lance, que le ſeigneur de Mõgomery luy don¬

154 1847 1019 62 na, en iouſtãt contre luy par ſon commãdement,

153 1904 588 67 pargrand deſaſtrę mourut.

397 83 529 52 DIREOGVE.

1146 97 46 50 2

918 1953 157 60 A. iiii.
