2977 4210
189.0 161.0 2429.0 124.0 pour s'en reueſtir frauduleuſement, ſemerẽt deux

194.0 294.0 2424.0 131.0 venimeuſes graines d’infidelité par la chreſtienté:

198.0 432.0 2425.0 126.0 qui ont depuis merueilleuſement bourgeonné: l'v¬

208.0 561.0 2417.0 131.0 ne en corrompant la nobleſſe Françoyſe, à laquel¬

208.0 692.0 2420.0 124.0 le ils perſuaderent qu'elle ſe pouuoit reuolter de

201.0 823.0 2424.0 131.0 ſon Roy, & luy faulſer la foy pour en accepter vn

196.0 958.0 2434.0 117.0 autre, violans tout droit naturel & humain, pour¬

194.0 1075.0 2436.0 143.0 ueu que le Pape les diſpenſaſt de la fidelité qu’il

194.0 1218.0 2431.0 129.0 luy deuoyent: l’autre, en abreuant les Papes de pre

196.0 1351.0 2432.0 131.0 ſumption & arrogance, & leur ſuppoſant qu’ils a¬

203.0 1475.0 2420.0 129.0 uoyent puiſſance de donner abſolution de toutes

201.0 1604.0 2422.0 129.0 infidelitez & meſchancetez, & deſpouiller les Po¬

205.0 1737.0 2404.0 134.0 tentats & Roys de leurs Royaumes & puiſſances,

212.0 1873.0 2409.0 124.0 & conſequemment en eſtablir d’autres en leur lieu.

222.0 2011.0 2406.0 122.0 Car en tel temps les Papes n’auoyent encores fran

210.0 2135.0 2418.0 126.0 chy les bornes detoute modeſtie: comme il ſe cog¬

210.0 2266.0 2422.0 133.0 noit par la reſpõſe de Zacharie pour lors ſeant au

205.0 2399.0 2423.0 131.0 Papat, qui du commencement reſiſta, ou bien ſub¬

205.0 2528.0 2423.0 126.0 ſiſta ſur telle demande, connoiſſant qu'elle eſtoit

203.0 2661.0 2420.0 131.0 iniurieuſe extra-ordinaire & hors de ſa puiſſance.

208.0 2792.0 2415.0 147.0 Mais Pepin (qu’on peut appeller la ſemence & pe

208.0 2930.0 2415.0 129.0 piniere de toute abominatiõ, puis qu’il fut la ſour¬

208.0 3052.0 2420.0 133.0 ce de tant de maledictions) luy fit ſauter le foſſé

215.0 3187.0 2396.0 129.0 par le ſeul apaſt de l'attribution de telle authorité,

205.0 3314.0 2418.0 147.0 laquelle a rendu la puiſſance Papale la plus ample

208.0 3456.0 2420.0 138.0 & auguſte que de Principauté qui aupar auant ayt

212.0 3587.0 2411.0 122.0 eſté cognue au monde. Il ne faut donc entrer en ad

203.0 3711.0 2418.0 134.0 miration, ſi noſtre Panurge ſe pretent deſcendu

208.0 3847.0 2396.0 131.0 de luy, dont il porte les ſtigmates en ſa concience,

1390.0 49.0 149.0 124.0 383

2429.0 4001.0 203.0 115.0 puis
