2977 4210
208.0 187.0 2431.0 128.0 tes franchiſes, & ſe garderoyent eux-meſmes ſans

208.0 325.0 2436.0 126.0 eſtre opprimez de garniſons, ne ſeroyent alienez

217.0 453.0 2430.0 120.0 de la couronne, & pluſieurs autres articles ſemola¬

224.0 582.0 2425.0 126.0 bles. Ceſte capitulation eſt-elle criminelle? Car au¬

224.0 708.0 2423.0 131.0 tres-fois ils auoyent eſté ſubiects du Roy, & le ſont

210.0 846.0 2434.0 129.0 encores. Ie penſe que ſi on veut croire ce brouillõ

208.0 979.0 2439.0 129.0 qu’on les declairera bien toſt rebelles, pource qu’¬

198.0 1113.0 2446.0 117.0 ils ont capitulé auec le Roy, & ſe veulent conſeruer

203.0 1246.0 2439.0 124.0 en leurs ca pitulations. Marſeille a encores plus

205.0 1377.0 2439.0 133.0 grands & auctentiques priuileges, pour auoir eſté

203.0 1503.0 2439.0 127.0 les habitans d’icelle touſiours bon ſubiects, & eſtre

205.0 1637.0 2432.0 126.0 tresneceſſaires pour la ſituation de leur ville. Les

210.0 1777.0 2429.0 108.0 habitans d’Arles en Prouence au commencement

208.0 1906.0 2429.0 133.0 qu’on impoſa le taillon de la gendarmerie, s’op¬

208.0 2032.0 2431.0 131.0 poſerent d’y eſtre cottiſez, remonſtrans qu’ils s'e¬

203.0 2172.0 2439.0 120.0 ſtoyent volontairement ſoubmis au Compte de

201.0 2296.0 2438.0 134.0 Prouence, eſtans auparauant Republique libre, à

198.0 2434.0 2444.0 131.0 la condition qu’ils ne les chargeroit d’aucunes tail

198.0 2554.0 2437.0 138.0 les ny ſubſides, & les defendroit à ſes deſpens, ſans

201.0 2701.0 2431.0 126.0 qu’ils fiſſent aucuns frais pour leur tuytiõ, ne pour

201.0 2827.0 2434.0 141.0 aucune guerre: Que depuis le Roy eſtãt fait Com¬

203.0 2961.0 2427.0 128.0 te de Prouence, auoit confirmé leurs priuileges &

198.0 3096.0 2427.0 124.0 immunitez: la cauſe renuoyee au grand Conſeil,

205.0 3227.0 2432.0 131.0 pour en donner auis, le Conſeil donna au profit

201.0 3353.0 2436.0 131.0 des habitans d’Arles, declairant qu’ils deuoyent e¬

201.0 3494.0 2438.0 110.0 ſtre conſeruez en leurs libertez, & exemptez du

203.0 3613.0 2434.0 133.0 taillon. La ville d’Orleans a racheté de noſtre tẽps

203.0 3749.0 2434.0 131.0 pour la ſomme de cent ſoixante & douze mil liures

203.0 3880.0 2429.0 170.0 tournois, l’impoſitiõ foraine, que le Roy Francoys

1343.0 74.0 159.0 108.0 381

2239.0 4036.0 391.0 106.0 premier
