2977 4210
451.0 196.0 2376.0 131.0 trop de peine eſt reſtauré par vn doux ſommeil, ou

451.0 327.0 2373.0 133.0 repos gracieux. Et pleuſt à Dieu que telles aſſem¬

449.0 458.0 2378.0 117.0 blees fuſſent plus frequentes qu'elles ne ſont: car

449.0 594.0 2385.0 124.0 elles eſteindroyent toutes les guerres & conten¬

451.0 720.0 2387.0 112.0 tions ciuiles, quand il ſeroit donné bonne audiẽce

451.0 846.0 2385.0 136.0 au ſubiect par ſon Prince, cõme à preſent elle luy

447.0 979.0 2398.0 129.0 eſt du tout deniee. Ie dy d’auãtage (qui ſert grande

451.0 1106.0 2399.0 133.0 ment à ce propos) que l’eſtabliſſemẽt de ce Royau

454.0 1248.0 2398.0 115.0 me ayant ſi bien cõmencé, il a encores mieux conti

451.0 1368.0 2404.0 135.0 nué par quelq̃s ſiecles. Car auec les eſtats, ou quel¬

456.0 1506.0 2401.0 126.0 ques-fois ſans iceux, nos Roys auoyent accouſtu¬

449.0 1632.0 2408.0 126.0 mé de conuoquer les Princes, Barons, Seigneurs &

449.0 1763.0 2415.0 131.0 les ſages de leur Royaume: (laquelle conuocation

447.0 1889.0 2420.0 141.0 ils appelloyent Parlement) auec leſquels ils com¬

449.0 2027.0 2425.0 129.0 muniquoyent toutes affaires d’eſtats, accordoyent

449.0 2163.0 2427.0 124.0 & capituloyent d’icelles auec eux:en ſorte que tou

449.0 2289.0 2434.0 124.0 tes leurs negotiations & actions eſtoyent bien en¬

447.0 2423.0 2441.0 117.0 tendues, digerees & executees: & n’eſtoit rien en¬

444.0 2547.0 2448.0 135.0 trepris, faict & executé de conſequence au Royau

442.0 2673.0 2460.0 128.0 me ſans telle aſſemblee & Parlement. Tiercement

451.0 2806.0 2451.0 124.0 pour conſolidation & confirmation d’vne ſi loua¬

444.0 2932.0 2467.0 134.0 ble entrepriſe, s’enſuiuit l’erection & eſtabliſſemẽt

442.0 3066.0 2471.0 135.0 des douze Pairs de France: deſquels combien que

437.0 3206.0 2479.0 129.0 l'origine ſoit incognue, (comme de la plus part

435.0 3330.0 2474.0 124.0 des choſes memorables & anciennes de la France,

428.0 3459.0 2488.0 138.0 meſmes de l’origine & deſcente des Françoys) tou

425.0 3599.0 2493.0 133.0 tes-fois on ne peut nier qu’il n’y ait de grans enſei

428.0 3723.0 2497.0 131.0 gnes que tels douze Pairs, qui eſtoyent Ducs &

430.0 3852.0 2490.0 145.0 Comtes, ne tinſſent ce grand degré pres du Roy,

1593 80 162 119 370

2654.0 4013.0 269.0 110.0 pour
