2977 4210
430 159 2380 124 nant comte, & ne ſachant le beau chemin auquel

437 292 2373 119 ſes fideles ſubiects le mettoyent de recouurer vn

425 423 2383 126 fructueux patrimoine: des Dormans ( qui deſpuis

423 551 2399 129 fut ſon Chancelier ) ayant la teſte plus plombee &

421 682 2401 129 reſolue que noſtre paradoxeur, luy perluada de la

421 813 2401 120 receuoir, & icelle renuoyer en ſa Cour de Par le¬

416 942 2401 129 ment, eſperant qu’il luy en aduiendroit plus de

418 1073 2395 129 fruict qu’il ne penſoit. Telle appellation receüe &

416 1199 2401 129 diuulguee par les autres villes, Il ſourdit inconti¬

402 1333 2418 121 nent vne eleuation & reuolte de la Guyenne qui

402 1457 2406 119 retourna en brief non ſeulemẽt ſous la iuriſdictio¬

400 1595 2410 110 mais auſsi en patrimoine à la couronne de France.

397 1716 2416 134 Le Roy Charles ſixieme partie mal conſeillé, par¬

390 1852 2420 129 tie forcé, pour ce qu’il eſtoit en la puiſſance du

383 1985 2423 134 Roy d’Angleterre qui auoit occupé Paris, & gran¬

381 2114 2415 126 de partie de ſon Royaume, accorda à iceluy Roy

383 2247 2420 126 d’Angleterre la ſucceſsion du Royaume apres ſa

374 2371 2427 136 mort,& en priua pâr contract ſon fils Charles ſep¬

374 2507 2432 124 tieme. Les villes d’Orleans, Bourges & autres ne

379 2638 2424 107 voulurent obeir à tel contract & commandement

365 2766 2438 124 de leur Prince, ais ſe garderent virilement con¬

362 2904 2439 127 tre les Anglois qui les vouloyent occuper en ver¬

360 3026 2439 131 tu d’iceluy contract coloré de faueur de mariage:

355 3159 2448 134 combien que pluſieurs autres villes des principa¬

348 3276 2439 136 les laſchement & infidelentent fleſchiſſent le iou g

346 3414 2450 141 à l’Anglois. Le Roy François de noſtre temps ay¬

348 3548 2451 126 ant eſte pris priſonnier en la iournee de Pauie, &

346 3674 2453 136 conduict en Eſpaigne, fut forcé (pour obtenir li¬

346 3810 2455 133 berté) d’accorder à l’Empereur charles v.pluſieuus

1612 56 187 98 400

2368 3957 442 117 iniques
