2977 4210
379 166 2401 135 cendu noſtre paradoxeur, ſpolierent le pauure ſtu¬

393 299 2389 131 pide Roy Childeric. En premier lieu dõc qui vou

376 430 2402 121 dra contempler la vie & actions des bons Princes,

390 563 2397 124 qui ſe ſont addonnez à l’humanité & clemence, ne

393 694 2380 124 dedaignans de capituler auecs leurs ſubiects, il co¬

395 830 2387 119 gnoiſtra que tels Princes ont veſcu en vne tranqui

390 954 2390 126 lité incroyable auec leurs ſubiects, plems de felici¬

400 1092 2389 119 tez, d’honneurs & de faueurs: & apres leur mort

402 1225 2394 124 ont acquis vn ſouuerain degré de reputation en¬

400 1354 2403 126 uers la poſterité: entre leſquels ie colloqueray en

414 1482 2389 131 premier rang ceux qui ſe ſont demis de leur Roy¬

407 1620 2399 122 aume, ou partie de leur pouuoir, pour le bien pu¬

400 1737 2408 138 blic: come firẽt Lycuigue & Theopõpe à Sparte,

418 1871 2397 128 Theſee à Athenes, & Gelon en Svracuſe, ſe preſen

409 2004 2411 133 tans à toutes heures nuds & ſans armes à leurs ci¬

411 2142 2406 124 toyens pour rendre cõpte de leur adminiſtration.

407 2266 2406 133 Du ſecond rang ie mettray ceux qui ont fidele¬

404 2402 2420 124 ment adminiſtré leurs Royaumes & principautez,

421 2535 2399 126 dirigeans toutes leurs actions pour le proffit cõ¬

409 2663 2422 131 mun, ſans aucun reſpect du leur particulier: duquel

411 2790 2411 128 nombre ont eſté Nume ſecond Roy de Rome, ap¬

421 2918 2408 145 pellé le diuin, & Tite Empereur, appellé les deli¬

416 3063 2413 124 ces du genre humain, pour l’humanité de ſa vie:

430 3185 2399 129 Traian nommé le bon, duquel le Senat Romain a¬

411 3328 2420 126 uoit retenu ce teſmoinage public, que procedant à

414 3456 2431 131 la reception des autres Empereurs, il leur deſiroit

416 3578 2434 136 la ſelicité d’Auguſte, & bonté de Traian: De pareil

423 3716 2422 124 ordre ſera Alexandre Seuere Empereur, ne cedant

430 3849 2418 136 à aucun Roy en iuſte & politique adminiſtration:

1425 65 196 115 394

2419 3976 429 140 auſquels
