2977 4210
124.0 187.0 2431.0 128.0 pour aſsiſter aux conſeils du Royaume: & ſans leſ¬

124.0 329.0 2434.0 127.0 quels il ne ſe pouuoit decider ny entreprendre au

128.0 453.0 2427.0 127.0 cune choſe de conſequence: & pour raiſon de ceſte

138.0 589.0 2415.0 129.0 grande authorité ils s’appelloyent Pairs, comme

138.0 720.0 2415.0 126.0 qui diroit pareils au Prince ſouuerain: ou bien pe¬

133.0 856.0 2418.0 126.0 res du peuple, Lequel ordre pouuoit eſtre compa¬

128.0 979.0 2418.0 138.0 ré à vn Senat de Sparte eſtably par Lycurgue,

138.0 1113.0 2417.0 128.0 pour modifier la volonté des Roys, & la reduire à

128.0 1239.0 2425.0 136.0 la puiſſance de la loy & raiſon: ou à celuy de Rom¬

128.0 1377.0 2430.0 133.0 me, lors que les Roys & Empereurs ne decidoyent

133.0 1506.0 2425.0 121.0 aucune choſe ſans vne ſi honnorable aſsiſtence: ou

128.0 1632.0 2430.0 138.0 bien au grãd conſeil de Veniſe ordonné pour ſem¬

126.0 1763.0 2429.0 131.0 blable effect à l'entour de leur Duc. Et combien

124.0 1903.0 2431.0 127.0 que de telles inſtitutions il ne nous en ſoit demeu¬

114.0 2027.0 2446.0 143.0 ré que l’vmbre (poſsible par la perſuaſion des fla¬

109.0 2168.0 2446.0 128.0 teurs, qui ont voulu effacer tout l’ordre politic du

102.0 2299.0 2456.0 124.0 Royaume, & donner toute licence & abandon à

93.0 2432.0 2467.0 119.0 noz Roys, non pour le bien & auancement d’iceux

100.0 2565.0 2462.0 134.0 Roys, mais des flateurs, qui par ce moyen ont pẽſé

95.0 2692.0 2465.0 124.0 mieux faire leurs beſoignes) toutesfois encores tel

98.0 2825.0 2460.0 117.0 le vmbre ioincte auec le bon naturel de nos Roys

91.0 2954.0 2471.0 138.0 & Princes, a iuſques à preſent operé vn bõ & ver¬

91.0 3076.0 2468.0 137.0 tueux effect. Car en recapitulant le paſſé, & le com

98.0 3213.0 2461.0 144.0 parant au preſent, les eſtats qui eſtoyent annuels

91.0 3343.0 2475.0 140.0 en France, ſont hors d’vſage: & ne ſe tiennent quel

98.0 3483.0 2461.0 130.0 ques-fois en cent ou ſoixante ans qu’vne foys ou

94.0 3599.0 2465.0 151.0 deux: & ceſt honorable conuoy des grans & Barõs

87.0 3725.0 2482.0 151.0 du Royaume, nommé Parlement, eſt du tout aſſo¬

63 3852 2496 203 pi:& au lieu d’iceluy, tel Parlement eſt reduict en

1289.0 93.0 129.0 96.0 371

2003.0 4011.0 222.0 98.0 a ii
