<?xml version="1.0" encoding="UTF-8"?>
<alto xmlns:xsi="http://www.w3.org/2001/XMLSchema-instance"
      xmlns="http://www.loc.gov/standards/alto/ns-v4#"
      xsi:schemaLocation="http://www.loc.gov/standards/alto/ns-v4# http://www.loc.gov/standards/alto/v4/alto-4-2.xsd">
  <Description>
    <MeasurementUnit>pixel</MeasurementUnit>
    <sourceImageInformation>
      <fileName>page_00004.png</fileName>
      <fileIdentifier>mets//Question_Politique.zip/page_00004.png</fileIdentifier>
    </sourceImageInformation>
  </Description>
  <Tags>
    <OtherTag ID="BT7" LABEL="CustomZone" DESCRIPTION="block type CustomZone"/><OtherTag ID="BT8" LABEL="DamageZone" DESCRIPTION="block type DamageZone"/><OtherTag ID="BT9" LABEL="DigitizationArtefactZone" DESCRIPTION="block type DigitizationArtefactZone"/><OtherTag ID="BT10" LABEL="DropCapitalZone" DESCRIPTION="block type DropCapitalZone"/><OtherTag ID="BT11" LABEL="GraphicZone" DESCRIPTION="block type GraphicZone"/><OtherTag ID="BT12" LABEL="MainZone" DESCRIPTION="block type MainZone"/><OtherTag ID="BT13" LABEL="MarginTextZone" DESCRIPTION="block type MarginTextZone"/><OtherTag ID="BT14" LABEL="MusicZone" DESCRIPTION="block type MusicZone"/><OtherTag ID="BT15" LABEL="NumberingZone" DESCRIPTION="block type NumberingZone"/><OtherTag ID="BT17" LABEL="QuireMarksZone" DESCRIPTION="block type QuireMarksZone"/><OtherTag ID="BT18" LABEL="RunningTitleZone" DESCRIPTION="block type RunningTitleZone"/><OtherTag ID="BT19" LABEL="SealZone" DESCRIPTION="block type SealZone"/><OtherTag ID="BT20" LABEL="StampZone" DESCRIPTION="block type StampZone"/><OtherTag ID="BT21" LABEL="TableZone" DESCRIPTION="block type TableZone"/><OtherTag ID="BT22" LABEL="TitlePageZone" DESCRIPTION="block type TitlePageZone"/><OtherTag ID="BT100001" LABEL="MainZone-Head" DESCRIPTION="block type MainZone-Head"/><OtherTag ID="BT100005" LABEL="MainZone-P" DESCRIPTION="block type MainZone-P"/><OtherTag ID="BT100006" LABEL="MainZone-Continued" DESCRIPTION="block type MainZone-Continued"/>
    <OtherTag ID="LT7" LABEL="CustomLine" DESCRIPTION="line type CustomLine"/><OtherTag ID="LT8" LABEL="DefaultLine" DESCRIPTION="line type DefaultLine"/><OtherTag ID="LT9" LABEL="DropCapitalLine" DESCRIPTION="line type DropCapitalLine"/><OtherTag ID="LT10" LABEL="HeadingLine" DESCRIPTION="line type HeadingLine"/><OtherTag ID="LT11" LABEL="InterlinearLine" DESCRIPTION="line type InterlinearLine"/><OtherTag ID="LT12" LABEL="MusicLine" DESCRIPTION="line type MusicLine"/><OtherTag ID="LT768" LABEL="default" DESCRIPTION="line type default"/>
  </Tags>
  <Layout>
    <Page WIDTH="2977"
          HEIGHT="4210"
          PHYSICAL_IMG_NR="3"
          ID="eSc_dummypage_">
      <PrintSpace HPOS="0"
                  VPOS="0"
                  WIDTH="2977"
                  HEIGHT="4210">
        <TextBlock HPOS="249.0"
                   VPOS="158.0"
                   WIDTH="2528.0"
                   HEIGHT="3802.0"
                   ID="eSc_textblock_659ba750"
                   TAGREFS="BT100006">
          <Shape><Polygon POINTS="274 170 249 3960 2731 3950 2777 158"/></Shape>
          <TextLine ID="eSc_line_e52833aa"
                    TAGREFS="LT8"
                    BASELINE="318 259 2731 250" 
                    HPOS="315.0"
                    VPOS="159.0"
                    WIDTH="2416.0"
                    HEIGHT="138.0">
            <Shape><Polygon POINTS="807 166 784 168 760 168 753 168 718 189 657 170 643 173 641 173 559 191 524 177 503 177 479 180 458 180 444 187 428 180 409 182 386 182 362 184 346 184 315 194 318 259 318 297 400 294 402 294 451 273 650 285 652 285 1231 273 1284 287 1301 292 1303 292 1305 294 1408 294 1408 292 1411 292 1422 285 1448 273 1514 285 1518 285 1521 285 1523 285 1554 268 1586 283 1589 283 1591 283 1654 271 1816 271 1837 283 1839 283 1841 283 1844 283 1846 283 1848 283 1872 271 1982 280 2022 283 2024 283 2054 280 2118 271 2148 278 2181 287 2183 287 2185 290 2291 290 2291 287 2293 287 2335 275 2375 266 2522 266 2539 273 2548 280 2551 280 2553 280 2555 280 2728 271 2731 250 2726 187 2522 187 2448 159 2445 159 2382 159 2380 159 2377 159 2324 187 2127 187 2085 161 2082 161 2080 161 1923 161 1921 161 1919 161 1869 189 1767 189 1687 161 1685 161 1612 161 1610 161 1607 161 1605 161 1568 184 1530 161 1528 161 1525 161 1523 161 1467 163 1465 163 1406 191 938 191 891 166 889 166 830 166 807 166"/></Shape>
	    <String CONTENT="peut conſiſter:voire qu’il eſt neceſſaire que les con"
                    HPOS="315.0"
                    VPOS="159.0"
                    WIDTH="2416.0"
                    HEIGHT="138.0"
                    WC="0.9774013645244095"></String>
          </TextLine>
          <TextLine ID="eSc_line_3521166e"
                    TAGREFS="LT8"
                    BASELINE="320 385 2728 381" 
                    HPOS="318.0"
                    VPOS="304.0"
                    WIDTH="2410.0"
                    HEIGHT="121.0">
            <Shape><Polygon POINTS="320 385 320 402 585 402 592 402 662 418 664 418 667 418 699 406 791 423 793 425 905 425 905 423 908 423 943 404 961 416 964 416 966 416 968 416 1331 404 1500 423 1502 423 1504 423 1558 404 1769 421 1771 421 1774 421 1806 402 1937 399 2003 399 2005 399 2045 421 2047 421 2050 423 2153 423 2153 421 2155 421 2188 402 2726 397 2728 381 2724 322 2581 306 2579 306 2347 320 2309 306 2307 306 2305 306 2232 322 2047 322 2008 304 2005 304 2003 304 1862 318 1741 304 1738 304 1736 304 1689 320 1647 306 1645 306 1642 306 1518 325 1455 325 1422 306 1420 306 1418 306 1289 325 704 325 671 306 669 306 594 306 592 306 589 306 587 306 561 322 428 322 348 308 346 308 344 308 341 308 318 320 320 385"/></Shape>
	    <String CONTENT="trats &amp; negotiations ſoyent plus frequentes entre"
                    HPOS="318.0"
                    VPOS="304.0"
                    WIDTH="2410.0"
                    HEIGHT="121.0"
                    WC="0.9842235300005698"></String>
          </TextLine>
          <TextLine ID="eSc_line_3d062931"
                    TAGREFS="LT8"
                    BASELINE="320 516 2728 512" 
                    HPOS="318.0"
                    VPOS="428.0"
                    WIDTH="2410.0"
                    HEIGHT="126.0">
            <Shape><Polygon POINTS="320 516 320 535 587 535 613 549 615 549 617 549 620 549 727 535 1228 535 1273 551 1275 551 1277 554 1394 554 1394 551 1397 551 1399 551 1429 533 1493 544 1495 544 1886 530 1919 530 1935 530 2199 549 2202 549 2347 530 2366 542 2368 542 2370 542 2373 542 2375 542 2405 530 2408 530 2684 542 2686 542 2689 542 2728 528 2728 512 2724 451 2001 451 1963 428 1961 428 1958 428 1869 428 1867 428 1865 428 1862 428 1825 451 1767 451 1687 428 1685 428 1682 428 1680 428 1635 451 1458 451 1434 439 1432 439 1429 439 1268 451 1209 430 1207 430 1205 430 1128 446 1097 430 1095 430 908 430 905 430 903 430 865 451 795 451 690 430 545 430 542 430 540 430 486 453 318 453 320 516"/></Shape>
	    <String CONTENT="eux &amp; leurs ſubiects qu’auec les eſtrangers: comme"
                    HPOS="318.0"
                    VPOS="428.0"
                    WIDTH="2410.0"
                    HEIGHT="126.0"
                    WC="0.987480845451355"></String>
          </TextLine>
          <TextLine ID="eSc_line_ec2dba56"
                    TAGREFS="LT8"
                    BASELINE="334 652 2731 638" 
                    HPOS="332.0"
                    VPOS="554.0"
                    WIDTH="2399.0"
                    HEIGHT="135.0">
            <Shape><Polygon POINTS="334 652 337 689 418 668 461 687 463 687 465 687 552 675 685 685 723 687 725 687 727 687 734 685 765 668 854 680 856 680 858 680 861 680 884 666 1020 680 1029 680 1032 680 1046 680 1235 664 1518 673 1551 673 1554 673 1556 673 1558 673 1582 661 2012 661 2085 664 2307 678 2309 678 2312 678 2314 678 2338 661 2340 661 2352 661 2579 668 2581 668 2583 668 2607 657 2609 657 2611 657 2654 671 2656 671 2658 671 2728 654 2731 638 2726 580 2469 580 2429 554 2427 554 2424 554 2380 554 2377 554 2375 554 2373 554 2333 577 2235 556 2232 556 2148 573 2087 556 2085 556 2082 556 2080 556 2078 556 2038 580 2036 580 2012 580 1703 570 1701 570 1699 570 1657 580 1647 584 1247 584 1240 582 1205 561 1202 561 1200 561 1132 561 1130 561 1034 563 1032 563 1029 563 1004 580 910 563 908 563 905 563 903 563 872 582 868 584 856 582 774 563 772 563 685 582 655 589 638 582 620 575 617 575 615 575 613 575 582 582 557 589 524 582 491 577 489 577 332 582 334 652"/></Shape>
	    <String CONTENT="y ayãt plus d’affaires auec ceux auec leſquels nous"
                    HPOS="332.0"
                    VPOS="554.0"
                    WIDTH="2399.0"
                    HEIGHT="135.0"></String>
          </TextLine>
          <TextLine ID="eSc_line_6ae9f771"
                    TAGREFS="LT8"
                    BASELINE="318 776 2733 771" 
                    HPOS="315.0"
                    VPOS="701.0"
                    WIDTH="2418.0"
                    HEIGHT="112.0">
            <Shape><Polygon POINTS="318 776 318 792 367 806 369 806 372 806 374 806 400 795 596 795 645 795 800 813 802 813 1095 795 1104 795 1111 795 1324 806 1327 806 1635 795 1717 792 1738 795 1844 811 1846 813 2003 813 2003 811 2005 811 2008 811 2033 795 2038 792 2054 795 2106 804 2108 804 2176 795 2185 795 2190 795 2232 809 2235 809 2237 809 2239 809 2281 795 2291 792 2300 795 2321 804 2324 804 2326 804 2328 804 2347 795 2356 792 2518 792 2527 795 2551 811 2553 811 2555 811 2558 811 2731 795 2733 771 2728 715 2593 701 2590 701 2588 701 2551 713 2038 701 2036 701 1837 713 1797 701 1795 701 1792 701 1668 713 1525 701 1523 701 1411 715 414 706 411 706 315 718 318 776"/></Shape>
	    <String CONTENT="communiquons iournellement, qu’auec ceux qui"
                    HPOS="315.0"
                    VPOS="701.0"
                    WIDTH="2418.0"
                    HEIGHT="112.0"
                    WC="0.9970580759373578"></String>
          </TextLine>
          <TextLine ID="eSc_line_fac234e4"
                    TAGREFS="LT8"
                    BASELINE="315 909 2717 900" 
                    HPOS="313.0"
                    VPOS="818.0"
                    WIDTH="2404.0"
                    HEIGHT="126.0">
            <Shape><Polygon POINTS="315 909 315 926 367 944 369 944 372 944 374 944 407 928 887 940 889 940 968 926 1057 942 1060 942 1270 928 1429 942 1432 942 1544 923 1682 940 1685 940 1687 940 1736 926 1919 940 1921 940 1923 940 1970 923 2583 921 2621 937 2623 937 2625 937 2717 916 2717 900 2710 837 2656 842 2642 837 2600 818 2597 818 2504 818 2501 818 2499 818 2497 818 2469 837 2464 839 2223 842 2211 837 2181 818 2178 818 2176 818 2120 818 2118 818 2115 818 2045 837 2015 846 1734 846 1720 837 1692 820 1689 820 1687 820 1603 820 1600 820 1598 820 1596 820 1568 837 1556 844 1544 837 1509 823 1507 823 1444 823 1441 823 1439 823 1437 823 1411 839 1399 846 795 849 777 839 769 837 767 837 765 837 737 839 697 844 690 839 667 825 664 825 662 825 587 825 585 825 582 825 542 839 528 844 313 842 315 909"/></Shape>
	    <String CONTENT="nous ſont incongneuz, &amp; eſloingnez de nous. Par"
                    HPOS="313.0"
                    VPOS="818.0"
                    WIDTH="2404.0"
                    HEIGHT="126.0"
                    WC="0.9964682700786185"></String>
          </TextLine>
          <TextLine ID="eSc_line_c171c4c8"
                    TAGREFS="LT8"
                    BASELINE="320 1040 2714 1029" 
                    HPOS="318.0"
                    VPOS="942.0"
                    WIDTH="2396.0"
                    HEIGHT="129.0">
            <Shape><Polygon POINTS="320 1040 320 1057 355 1071 358 1071 360 1071 362 1071 390 1057 393 1057 428 1057 791 1068 793 1068 795 1068 798 1068 816 1054 819 1054 851 1066 854 1066 856 1066 989 1057 1132 1068 1135 1068 1209 1054 1238 1066 1240 1066 1242 1066 1245 1066 1277 1052 1280 1052 1282 1052 1317 1064 1319 1064 1322 1064 1507 1052 1511 1052 1547 1066 1549 1066 1551 1066 1554 1066 1586 1052 1778 1064 1781 1064 1907 1050 1912 1050 1940 1064 1942 1064 1944 1064 2036 1052 2061 1064 2064 1064 2066 1064 2300 1047 2314 1047 2317 1047 2347 1059 2349 1059 2352 1059 2616 1050 2677 1061 2679 1061 2682 1061 2714 1045 2714 1029 2712 970 2637 942 2635 942 2632 942 2555 958 2525 942 2522 942 2345 942 2342 942 2340 942 2291 970 2221 972 2129 972 2085 944 2082 944 2080 944 2078 944 2075 944 2015 961 1937 944 1935 944 1933 944 1930 944 1888 970 1750 975 1654 975 1600 947 1598 947 1530 947 1528 947 1525 947 1460 975 1273 977 1224 977 1179 949 1177 949 1174 949 1172 949 1067 972 1018 949 1015 949 1013 949 936 961 863 949 861 949 858 949 793 977 416 968 414 968 318 979 320 1040"/></Shape>
	    <String CONTENT="ce moyen defendre aux Princes &amp; leurs ſubiects"
                    HPOS="318.0"
                    VPOS="942.0"
                    WIDTH="2396.0"
                    HEIGHT="129.0"
                    WC="0.9995342091373776"></String>
          </TextLine>
          <TextLine ID="eSc_line_3e566b83"
                    TAGREFS="LT8"
                    BASELINE="315 1169 2712 1162" 
                    HPOS="313.0"
                    VPOS="1078.0"
                    WIDTH="2399.0"
                    HEIGHT="128.0">
            <Shape><Polygon POINTS="315 1169 315 1188 528 1188 533 1188 580 1202 582 1202 585 1202 732 1192 784 1206 786 1206 788 1206 791 1206 837 1188 926 1188 929 1188 997 1206 999 1206 1001 1206 1004 1206 1034 1190 1383 1204 1385 1204 1387 1204 1420 1188 1476 1204 1479 1204 1481 1204 1483 1204 1486 1204 1516 1185 1521 1185 1591 1197 1593 1197 1596 1197 1633 1185 1635 1185 1642 1185 1841 1204 1844 1204 1846 1204 1884 1185 1940 1199 1942 1199 1944 1199 2057 1183 2071 1183 2457 1183 2462 1183 2569 1202 2572 1202 2574 1202 2576 1202 2604 1183 2710 1181 2712 1162 2707 1106 2555 1106 2506 1078 2504 1078 2377 1078 2375 1078 2373 1078 2328 1096 2291 1078 2288 1078 2225 1078 2223 1078 2221 1078 2148 1103 2045 1094 2043 1094 1680 1106 1635 1106 1631 1106 1591 1080 1589 1080 1586 1080 1530 1080 1528 1080 1525 1080 1523 1080 1481 1106 1479 1108 1357 1108 1352 1106 1308 1080 1305 1080 1235 1080 1233 1080 1231 1080 1170 1106 1167 1106 1158 1106 1043 1092 1041 1092 1039 1092 1013 1106 1006 1110 926 1110 919 1106 858 1082 856 1082 854 1082 758 1106 744 1108 709 1106 592 1096 589 1096 491 1106 463 1108 458 1106 421 1082 418 1082 416 1082 348 1082 346 1082 344 1082 341 1082 313 1099 315 1169"/></Shape>
	    <String CONTENT="de contracter, tranſiger, &amp; negocier enſemble, ce"
                    HPOS="313.0"
                    VPOS="1078.0"
                    WIDTH="2399.0"
                    HEIGHT="128.0"
                    WC="0.997596048578924"></String>
          </TextLine>
          <TextLine ID="eSc_line_166835c8"
                    TAGREFS="LT8"
                    BASELINE="313 1300 2712 1293" 
                    HPOS="311.0"
                    VPOS="1211.0"
                    WIDTH="2401.0"
                    HEIGHT="122.0">
            <Shape><Polygon POINTS="313 1300 313 1319 688 1333 690 1333 772 1319 779 1319 809 1319 1055 1328 1057 1328 1207 1319 1245 1316 1249 1319 1268 1330 1270 1330 1273 1330 1275 1333 1366 1333 1366 1330 1476 1319 1495 1316 2710 1316 2712 1293 2705 1234 2572 1234 2562 1232 2487 1211 2485 1211 2408 1211 2405 1211 2403 1211 2361 1232 2354 1237 2050 1237 2040 1230 2008 1211 2005 1211 2003 1211 1956 1211 1954 1211 1951 1211 1916 1230 1902 1237 1891 1230 1858 1213 1855 1213 1792 1213 1790 1213 1788 1213 1743 1230 1722 1237 1586 1237 1575 1230 1549 1213 1547 1213 1544 1213 1542 1213 1467 1227 1422 1239 1071 1239 1043 1227 1018 1216 1015 1216 952 1216 950 1216 947 1216 924 1227 898 1241 613 1241 582 1225 580 1225 578 1225 571 1225 468 1237 435 1225 414 1216 411 1216 409 1216 311 1223 313 1300"/></Shape>
	    <String CONTENT="ſeroit par meſme moyen leur oſter la conuerſation"
                    HPOS="311.0"
                    VPOS="1211.0"
                    WIDTH="2401.0"
                    HEIGHT="122.0"
                    WC="0.997925190293059"></String>
          </TextLine>
          <TextLine ID="eSc_line_eb82d012"
                    TAGREFS="LT8"
                    BASELINE="318 1426 2717 1431" 
                    HPOS="315.0"
                    VPOS="1342.0"
                    WIDTH="2402.0"
                    HEIGHT="112.0">
            <Shape><Polygon POINTS="318 1426 315 1440 346 1454 348 1454 351 1454 2714 1447 2717 1431 2717 1358 2691 1344 2689 1344 2686 1344 2602 1344 2600 1344 2597 1344 2551 1361 2529 1368 2429 1361 2190 1344 2188 1344 2185 1344 2146 1361 2129 1370 1867 1370 1846 1363 1785 1344 1783 1344 1781 1344 1701 1356 1619 1344 1617 1344 1614 1344 1612 1344 1582 1363 1570 1368 1448 1368 1432 1363 1348 1342 1345 1342 1343 1342 1291 1363 1284 1365 1259 1363 1179 1354 1177 1354 1074 1363 1043 1365 1022 1363 891 1342 889 1342 887 1342 884 1342 849 1363 842 1365 318 1365 318 1426"/></Shape>
	    <String CONTENT="commune, &amp; toute action de l’vn auec l’autre: &amp;"
                    HPOS="315.0"
                    VPOS="1342.0"
                    WIDTH="2402.0"
                    HEIGHT="112.0"
                    WC="0.997476984845831"></String>
          </TextLine>
          <TextLine ID="eSc_line_54f174ad"
                    TAGREFS="LT8"
                    BASELINE="318 1562 2721 1555" 
                    HPOS="315.0"
                    VPOS="1461.0"
                    WIDTH="2406.0"
                    HEIGHT="143.0">
            <Shape><Polygon POINTS="318 1562 318 1578 437 1578 444 1578 519 1602 521 1602 524 1604 601 1604 601 1602 603 1602 645 1578 648 1578 688 1578 1107 1590 1109 1590 1172 1576 1179 1576 1181 1576 1209 1590 1212 1590 1214 1590 1296 1576 1303 1576 1310 1576 1350 1588 1352 1588 1355 1588 1418 1576 1422 1576 1446 1590 1448 1590 1451 1590 1453 1590 1607 1578 1659 1599 1661 1599 1664 1602 1750 1602 1750 1599 1752 1599 1795 1581 2040 1597 2043 1597 2045 1597 2087 1578 2230 1597 2232 1597 2382 1576 2466 1597 2469 1597 2471 1599 2567 1599 2567 1597 2719 1571 2721 1555 2717 1489 2649 1489 2600 1461 2597 1461 2595 1461 2593 1461 2494 1487 2412 1461 2410 1461 2408 1461 2405 1461 2342 1487 2295 1461 2293 1461 2291 1461 2225 1475 2190 1461 2188 1461 2185 1461 2183 1461 2181 1461 2136 1489 1989 1489 1923 1461 1921 1461 1919 1461 1795 1464 1792 1464 1743 1492 1701 1492 1647 1464 1645 1464 1642 1464 1640 1464 1638 1464 1596 1489 1432 1489 1355 1464 1352 1464 1350 1464 1348 1464 1298 1489 1231 1464 1228 1464 1226 1464 1224 1464 1174 1492 1116 1492 1069 1466 1067 1466 971 1466 968 1466 966 1466 964 1466 943 1480 919 1466 917 1466 915 1466 840 1466 837 1466 835 1466 798 1485 741 1466 739 1466 737 1466 734 1466 671 1494 315 1494 318 1562"/></Shape>
	    <String CONTENT="rompre la liaiſon de ſocieté publique (choſe plus"
                    HPOS="315.0"
                    VPOS="1461.0"
                    WIDTH="2406.0"
                    HEIGHT="143.0"
                    WC="0.9989645516872406"></String>
          </TextLine>
          <TextLine ID="eSc_line_86b2d24f"
                    TAGREFS="LT8"
                    BASELINE="311 1691 2726 1691" 
                    HPOS="311.0"
                    VPOS="1597.0"
                    WIDTH="2415.0"
                    HEIGHT="126.0">
            <Shape><Polygon POINTS="311 1691 311 1709 1008 1709 1057 1721 1060 1721 1062 1723 1245 1723 1245 1721 1247 1721 1249 1721 1268 1709 1322 1721 1324 1721 2726 1707 2726 1691 2726 1625 2672 1625 2614 1597 2611 1597 2565 1597 2562 1597 2560 1597 2558 1597 2522 1618 2483 1597 2480 1597 2478 1597 2476 1597 2429 1611 2359 1597 2356 1597 2354 1597 2305 1625 2164 1625 2092 1597 2089 1597 2087 1597 2085 1597 2008 1623 1965 1597 1963 1597 1961 1597 1905 1597 1902 1597 1900 1597 1846 1625 1500 1625 1451 1597 1448 1597 1446 1597 1444 1597 1380 1618 1319 1597 1317 1597 1315 1597 1312 1597 1263 1625 1008 1625 959 1597 957 1597 769 1597 767 1597 765 1597 716 1620 676 1597 674 1597 671 1597 582 1597 580 1597 578 1597 575 1597 549 1613 484 1597 482 1597 479 1597 477 1597 475 1597 430 1625 311 1625 311 1691"/></Shape>
	    <String CONTENT="malaiſee à faire que de leur interdire l’eau &amp; le feu"
                    HPOS="311.0"
                    VPOS="1597.0"
                    WIDTH="2415.0"
                    HEIGHT="126.0"></String>
          </TextLine>
          <TextLine ID="eSc_line_f9aed5f5"
                    TAGREFS="LT8"
                    BASELINE="311 1817 2721 1821" 
                    HPOS="308.0"
                    VPOS="1730.0"
                    WIDTH="2413.0"
                    HEIGHT="120.0">
            <Shape><Polygon POINTS="311 1817 308 1833 351 1847 353 1847 355 1847 1186 1838 1532 1850 1535 1850 2719 1838 2721 1821 2719 1758 2665 1758 2618 1733 2616 1733 2419 1733 2417 1733 2415 1733 2363 1756 2265 1756 2209 1733 2207 1733 2122 1733 2120 1733 2118 1733 2078 1754 1994 1747 1991 1747 1989 1747 1947 1758 1930 1761 1914 1758 1872 1747 1869 1747 1867 1747 1774 1758 1734 1761 1647 1758 1472 1749 1469 1749 1221 1758 1160 1758 1156 1758 1132 1747 1130 1747 1128 1747 1125 1747 1088 1756 1046 1730 1043 1730 1041 1730 861 1730 858 1730 856 1730 781 1758 774 1758 311 1758 311 1817"/></Shape>
	    <String CONTENT="comme on faiſoit anciennement aux banis.) Les"
                    HPOS="308.0"
                    VPOS="1730.0"
                    WIDTH="2413.0"
                    HEIGHT="120.0"
                    WC="0.9844946291711595"></String>
          </TextLine>
          <TextLine ID="eSc_line_4f27fbad"
                    TAGREFS="LT8"
                    BASELINE="306 1952 2719 1952" 
                    HPOS="306.0"
                    VPOS="1866.0"
                    WIDTH="2413.0"
                    HEIGHT="115.0">
            <Shape><Polygon POINTS="306 1952 306 1962 418 1962 449 1981 531 1981 575 1962 940 1962 1081 1981 1472 1962 1561 1981 1680 1981 1724 1964 2111 1962 2176 1981 2207 1962 2719 1962 2719 1952 2719 1892 2668 1889 2630 1866 2628 1866 2625 1866 2558 1866 2555 1866 2553 1866 2551 1866 2513 1889 2511 1889 2508 1889 2478 1875 2476 1875 2473 1875 2361 1887 2328 1889 2321 1887 2288 1866 2286 1866 2284 1866 2190 1866 2188 1866 2185 1866 2125 1885 2104 1889 1764 1889 1750 1880 1738 1875 1736 1875 1734 1875 1689 1880 1600 1889 1582 1878 1561 1866 1558 1866 1556 1866 1500 1866 1497 1866 1495 1866 1465 1878 1429 1892 1067 1892 1034 1873 1025 1866 1022 1866 1020 1866 961 1866 959 1866 957 1866 945 1871 917 1885 847 1871 819 1866 816 1866 814 1866 812 1866 807 1871 772 1889 521 1878 519 1878 517 1878 470 1889 411 1866 409 1866 306 1866 306 1952"/></Shape>
	    <String CONTENT="Roys ont du dommaine &amp; patrimoine, ils ont des"
                    HPOS="306.0"
                    VPOS="1866.0"
                    WIDTH="2413.0"
                    HEIGHT="115.0"
                    WC="0.9934666726900183"></String>
          </TextLine>
          <TextLine ID="eSc_line_55e59195"
                    TAGREFS="LT8"
                    BASELINE="301 2079 2712 2083" 
                    HPOS="299.0"
                    VPOS="1990.0"
                    WIDTH="2413.0"
                    HEIGHT="129.0">
            <Shape><Polygon POINTS="301 2079 299 2095 685 2114 688 2114 1032 2100 1055 2114 1057 2114 1060 2114 1062 2114 2529 2102 2555 2116 2558 2116 2560 2116 2562 2119 2654 2119 2654 2116 2656 2116 2710 2100 2712 2083 2712 2020 2696 2011 2693 2011 2691 2011 2689 2011 2583 2018 2518 1992 2515 1992 2410 1992 2408 1992 2405 1992 2403 1992 2370 2013 2335 1992 2333 1992 2331 1992 2281 1992 2279 1992 2277 1992 2274 1992 2232 2018 2092 2018 2080 2018 2012 1992 2010 1992 1825 1992 1823 1992 1820 1992 1764 2016 1752 2023 1579 2023 1561 2013 1504 1990 1502 1990 1500 1990 1497 1990 1451 2013 1437 2020 1027 2020 1006 2009 978 1990 975 1990 973 1990 971 1990 968 1990 922 2006 891 2018 863 2006 826 1990 823 1990 821 1990 819 1990 777 2006 741 2018 432 2018 404 2002 383 1990 381 1990 379 1990 301 1999 301 2079"/></Shape>
	    <String CONTENT="fermiers, des locateurs, des conducteurs: les Roys"
                    HPOS="299.0"
                    VPOS="1990.0"
                    WIDTH="2413.0"
                    HEIGHT="129.0"
                    WC="0.9977914655208587"></String>
          </TextLine>
          <TextLine ID="eSc_line_aafba8b9"
                    TAGREFS="LT8"
                    BASELINE="304 2212 2717 2221" 
                    HPOS="301.0"
                    VPOS="2114.0"
                    WIDTH="2416.0"
                    HEIGHT="131.0">
            <Shape><Polygon POINTS="304 2212 301 2226 564 2242 566 2242 908 2233 929 2245 931 2245 933 2245 936 2245 2714 2238 2717 2221 2717 2144 2675 2121 2672 2121 2670 2121 2668 2121 2553 2144 2541 2147 2527 2144 2422 2121 2419 2121 2417 2121 2377 2142 2363 2151 2143 2151 2054 2149 2036 2140 2001 2119 1998 2119 1940 2119 1937 2119 1935 2119 1902 2137 1895 2140 1881 2137 1806 2119 1804 2119 1802 2119 1771 2135 1748 2149 1603 2149 1577 2133 1554 2119 1551 2119 1549 2119 1483 2116 1481 2116 1479 2116 1444 2130 1413 2147 1170 2147 1137 2128 1116 2116 1114 2116 1011 2116 1008 2116 1006 2116 987 2126 952 2147 912 2147 872 2123 851 2114 849 2114 847 2114 844 2114 821 2123 779 2144 685 2144 648 2121 636 2114 634 2114 631 2114 456 2114 454 2114 451 2114 442 2119 407 2140 369 2119 360 2114 358 2114 355 2114 304 2116 304 2212"/></Shape>
	    <String CONTENT="baſtiſſent &amp; edifient maiſons, chaſteaux, palais &amp;"
                    HPOS="301.0"
                    VPOS="2114.0"
                    WIDTH="2416.0"
                    HEIGHT="131.0"
                    WC="0.9935661458969116"></String>
          </TextLine>
          <TextLine ID="eSc_line_cec8c3eb"
                    TAGREFS="LT8"
                    BASELINE="301 2338 2717 2350" 
                    HPOS="299.0"
                    VPOS="2254.0"
                    WIDTH="2418.0"
                    HEIGHT="134.0">
            <Shape><Polygon POINTS="301 2338 299 2355 997 2376 999 2376 1085 2366 1135 2380 1137 2380 1139 2380 1331 2364 1378 2376 1380 2376 1383 2376 1621 2366 1659 2383 1661 2383 1664 2383 2003 2369 2033 2385 2036 2385 2038 2385 2218 2366 2260 2388 2263 2388 2265 2388 2267 2388 2305 2371 2567 2388 2569 2388 2572 2388 2604 2369 2714 2366 2717 2350 2714 2289 2483 2273 2480 2273 2478 2273 2459 2282 2412 2264 2410 2264 2321 2264 2319 2264 2317 2264 2274 2282 2265 2287 2214 2282 2120 2273 2118 2273 2115 2273 2099 2280 2089 2285 1598 2282 1586 2275 1561 2259 1558 2259 1556 2259 1495 2259 1493 2259 1490 2259 1453 2273 1429 2282 1104 2271 1102 2271 1046 2280 1022 2268 999 2257 997 2257 844 2257 842 2257 840 2257 819 2266 802 2275 788 2266 772 2254 769 2254 767 2254 662 2254 659 2254 657 2254 655 2254 638 2264 613 2278 428 2278 402 2261 390 2254 388 2254 386 2254 383 2254 301 2259 301 2338"/></Shape>
	    <String CONTENT="fortereſſes: il faut que ce ſoit par maçons, charpen"
                    HPOS="299.0"
                    VPOS="2254.0"
                    WIDTH="2418.0"
                    HEIGHT="134.0"
                    WC="0.9940097399477689"></String>
          </TextLine>
          <TextLine ID="eSc_line_a2becd09"
                    TAGREFS="LT8"
                    BASELINE="301 2469 2717 2486" 
                    HPOS="299.0"
                    VPOS="2376.0"
                    WIDTH="2418.0"
                    HEIGHT="140.0">
            <Shape><Polygon POINTS="301 2469 299 2483 645 2504 648 2504 964 2493 966 2493 1125 2507 1128 2507 1495 2497 1612 2495 2017 2495 2043 2502 2082 2514 2085 2514 2087 2516 2192 2516 2192 2514 2195 2514 2197 2514 2211 2504 2223 2500 2712 2509 2717 2486 2717 2418 2625 2390 2623 2390 2621 2390 2618 2390 2532 2411 2368 2388 2366 2388 2363 2388 2284 2411 2235 2388 2232 2388 2183 2388 2181 2388 2178 2388 2106 2413 2104 2413 2101 2413 2029 2385 2026 2385 2024 2385 2022 2385 1965 2406 1930 2385 1928 2385 1926 2385 1923 2385 1921 2385 1853 2404 1823 2385 1820 2385 1818 2385 1816 2385 1701 2395 1635 2383 1633 2383 1631 2383 1628 2383 1591 2406 1481 2409 1448 2409 1446 2409 1404 2383 1401 2383 1399 2383 1397 2383 1394 2383 1336 2402 1268 2380 1266 2380 1263 2380 1261 2380 1214 2406 1212 2409 1114 2409 1111 2406 1050 2380 1048 2380 1046 2380 1043 2380 997 2406 994 2406 903 2406 901 2404 854 2378 851 2378 849 2378 847 2378 774 2404 772 2406 667 2406 662 2404 596 2376 594 2376 592 2376 589 2376 542 2402 540 2402 301 2402 301 2469"/></Shape>
	    <String CONTENT="tiers, &amp; architectes, de leurs ſubiects le plus ſouuẽt,"
                    HPOS="299.0"
                    VPOS="2376.0"
                    WIDTH="2418.0"
                    HEIGHT="140.0"
                    WC="0.97589803061315"></String>
          </TextLine>
          <TextLine ID="eSc_line_fd69d01d"
                    TAGREFS="LT8"
                    BASELINE="297 2603 2710 2607" 
                    HPOS="294.0"
                    VPOS="2516.0"
                    WIDTH="2416.0"
                    HEIGHT="131.0">
            <Shape><Polygon POINTS="297 2603 294 2617 388 2633 390 2633 393 2633 425 2621 608 2633 610 2633 613 2633 652 2624 751 2642 753 2645 861 2645 861 2642 863 2642 896 2626 975 2642 978 2642 1195 2624 1366 2642 1369 2642 1371 2642 1415 2624 1593 2624 1614 2635 1617 2635 1619 2635 1621 2635 1703 2624 1738 2645 1741 2645 1743 2645 1745 2647 1823 2647 1823 2645 1825 2645 1879 2624 1937 2635 1940 2635 2707 2621 2710 2607 2710 2547 2462 2542 2424 2518 2422 2518 2419 2518 2417 2518 2237 2542 2216 2544 2129 2542 2097 2542 2059 2518 2057 2518 2054 2518 1989 2518 1987 2518 1984 2518 1916 2542 1902 2544 1774 2542 1771 2540 1736 2518 1734 2518 1731 2518 1603 2518 1600 2518 1598 2518 1551 2540 1539 2544 1530 2540 1495 2516 1493 2516 1490 2516 1488 2516 1392 2537 1380 2540 1315 2540 1312 2537 1277 2516 1275 2516 1273 2516 1270 2516 1184 2537 1158 2542 1027 2537 1025 2535 985 2516 982 2516 940 2516 938 2516 936 2516 901 2535 887 2544 435 2544 414 2533 386 2516 383 2516 381 2516 297 2530 297 2603"/></Shape>
	    <String CONTENT="&amp; autres quelques foys: les Roys achetent &amp; ven¬"
                    HPOS="294.0"
                    VPOS="2516.0"
                    WIDTH="2416.0"
                    HEIGHT="131.0"
                    WC="0.9802134856581688"></String>
          </TextLine>
          <TextLine ID="eSc_line_4a943391"
                    TAGREFS="LT8"
                    BASELINE="294 2729 1673 2741 2710 2734" 
                    HPOS="292.0"
                    VPOS="2642.0"
                    WIDTH="2418.0"
                    HEIGHT="136.0">
            <Shape><Polygon POINTS="294 2729 292 2748 489 2752 517 2771 519 2771 521 2771 524 2771 699 2752 723 2766 725 2766 727 2766 730 2766 732 2766 762 2755 1121 2755 1156 2773 1158 2773 1160 2776 1270 2776 1270 2773 1273 2773 1275 2773 1301 2759 1453 2759 1502 2773 1504 2773 1507 2773 1872 2759 1921 2776 1923 2776 1926 2778 2008 2778 2008 2776 2010 2776 2047 2757 2375 2769 2377 2769 2380 2769 2412 2757 2457 2776 2459 2776 2462 2776 2464 2776 2520 2759 2630 2773 2632 2773 2707 2755 2710 2734 2707 2680 2647 2649 2644 2649 2443 2649 2441 2649 2438 2649 2405 2666 2380 2649 2377 2649 2375 2649 2309 2649 2307 2649 2181 2678 2171 2680 1928 2680 1921 2675 1891 2661 1888 2661 1886 2661 1809 2675 1799 2678 1277 2678 1268 2671 1256 2663 1254 2663 1252 2663 1249 2663 1193 2671 1163 2675 1151 2671 1092 2645 1090 2645 1088 2645 1085 2645 994 2671 980 2673 961 2671 901 2659 898 2659 896 2659 875 2668 870 2673 697 2673 685 2668 648 2645 645 2645 643 2645 580 2645 578 2645 575 2645 573 2645 535 2668 531 2671 432 2671 428 2666 390 2645 388 2645 386 2645 334 2642 332 2642 329 2642 327 2642 294 2661 294 2729"/></Shape>
	    <String CONTENT="dent, ils contractent mariage, ont procez &amp; diffe¬"
                    HPOS="292.0"
                    VPOS="2642.0"
                    WIDTH="2418.0"
                    HEIGHT="136.0"></String>
          </TextLine>
          <TextLine ID="eSc_line_c76c1c7e"
                    TAGREFS="LT8"
                    BASELINE="297 2860 2279 2869 2719 2881" 
                    HPOS="294.0"
                    VPOS="2776.0"
                    WIDTH="2425.0"
                    HEIGHT="131.0">
            <Shape><Polygon POINTS="297 2860 294 2879 318 2890 320 2890 322 2890 500 2879 521 2879 538 2879 690 2897 692 2897 980 2895 982 2895 985 2895 999 2886 1004 2883 1032 2886 1135 2897 1137 2897 1245 2888 1317 2883 1345 2890 1383 2900 1385 2900 1387 2900 1488 2893 1568 2886 1584 2893 1593 2897 1596 2897 1598 2897 1619 2893 1659 2886 1792 2895 1907 2904 1909 2904 2033 2900 2265 2888 2506 2890 2555 2907 2560 2907 2562 2907 2565 2907 2567 2907 2569 2907 2597 2890 2714 2907 2719 2881 2719 2806 2682 2785 2679 2785 2602 2785 2600 2785 2597 2785 2595 2785 2562 2806 2553 2811 2504 2806 2424 2797 2422 2797 2317 2806 2267 2809 2256 2806 2192 2783 2190 2783 2111 2783 2108 2783 2106 2783 2068 2804 2031 2804 1916 2809 1907 2804 1865 2780 1862 2780 1783 2780 1781 2780 1778 2780 1722 2804 1715 2809 1617 2809 1603 2804 1502 2778 1500 2778 1441 2778 1439 2778 1437 2778 1394 2799 1289 2778 1287 2778 1284 2778 1219 2801 1217 2804 1212 2801 1153 2778 1151 2778 1085 2776 1083 2776 964 2801 961 2804 858 2804 858 2801 805 2776 802 2776 800 2776 798 2776 723 2801 720 2801 297 2801 297 2860"/></Shape>
	    <String CONTENT="rens auec leurs ſubiects, ils tranſigent ſur iceux, &amp;"
                    HPOS="294.0"
                    VPOS="2776.0"
                    WIDTH="2425.0"
                    HEIGHT="131.0"
                    WC="0.9865068275973482"></String>
          </TextLine>
          <TextLine ID="eSc_line_7dd0cf63"
                    TAGREFS="LT8"
                    BASELINE="292 2998 2710 2998" 
                    HPOS="292.0"
                    VPOS="2918.0"
                    WIDTH="2418.0"
                    HEIGHT="124.0">
            <Shape><Polygon POINTS="292 2998 292 3019 344 3019 381 3040 383 3040 386 3040 388 3042 451 3042 451 3040 454 3040 496 3019 910 3019 966 3040 968 3040 971 3042 1060 3042 1060 3040 1062 3040 1142 3019 1221 3040 1224 3040 1226 3040 1481 3019 1621 3040 1624 3040 1855 3021 2038 3040 2040 3040 2148 3019 2485 3019 2529 3038 2532 3038 2534 3038 2537 3038 2583 3019 2710 3017 2710 2998 2710 2942 2595 2939 2558 2918 2555 2918 2553 2918 2431 2937 2349 2925 2347 2925 2214 2939 2183 2923 2181 2923 2178 2923 2176 2923 2174 2923 2153 2937 1905 2939 1867 2918 1865 2918 1862 2918 1701 2918 1699 2918 1696 2918 1642 2939 1568 2928 1565 2928 1483 2939 1453 2925 1451 2925 1448 2925 1310 2939 1233 2918 1231 2918 1149 2918 1146 2918 1144 2918 1102 2942 704 2942 667 2918 664 2918 662 2918 610 2918 608 2918 606 2918 554 2939 439 2925 437 2925 292 2939 292 2998"/></Shape>
	    <String CONTENT="capitulent: ce qui ſe peut amplifier, par toutes ſor¬"
                    HPOS="292.0"
                    VPOS="2918.0"
                    WIDTH="2418.0"
                    HEIGHT="124.0"></String>
          </TextLine>
          <TextLine ID="eSc_line_89286062"
                    TAGREFS="LT8"
                    BASELINE="287 3127 2705 3136" 
                    HPOS="285.0"
                    VPOS="3038.0"
                    WIDTH="2420.0"
                    HEIGHT="128.0">
            <Shape><Polygon POINTS="287 3127 285 3138 315 3155 318 3155 320 3155 451 3143 493 3157 496 3157 498 3157 500 3157 535 3143 566 3157 568 3157 571 3157 894 3145 903 3145 933 3162 936 3162 938 3164 1247 3164 1247 3162 1249 3162 1252 3162 1273 3148 1275 3148 1303 3162 1305 3162 1308 3162 1577 3152 1696 3148 1710 3152 1736 3164 1738 3164 1741 3164 1907 3155 2005 3150 2162 3157 2347 3166 2349 3166 2352 3166 2368 3159 2389 3150 2700 3162 2705 3136 2703 3075 2593 3070 2551 3045 2548 3045 2546 3045 2455 3045 2452 3045 2450 3045 2401 3073 2258 3073 2214 3045 2211 3045 2209 3045 2207 3045 1947 3068 1888 3066 1851 3042 1848 3042 1846 3042 1713 3042 1710 3042 1708 3042 1659 3070 1495 3070 1434 3056 1432 3056 1025 3066 980 3040 978 3040 975 3040 973 3040 805 3063 762 3038 760 3038 758 3038 613 3038 610 3038 608 3038 606 3038 566 3061 489 3038 486 3038 484 3038 482 3038 479 3038 437 3063 313 3052 311 3052 308 3052 287 3061 287 3127"/></Shape>
	    <String CONTENT="tes d’affaires &amp; negociations: Cõment donc eſt-ce"
                    HPOS="285.0"
                    VPOS="3038.0"
                    WIDTH="2420.0"
                    HEIGHT="128.0"></String>
          </TextLine>
          <TextLine ID="eSc_line_f22468c5"
                    TAGREFS="LT8"
                    BASELINE="290 3255 2698 3265" 
                    HPOS="287.0"
                    VPOS="3171.0"
                    WIDTH="2411.0"
                    HEIGHT="136.0">
            <Shape><Polygon POINTS="290 3255 287 3288 388 3300 390 3300 393 3300 414 3288 439 3276 667 3276 697 3288 699 3288 702 3288 704 3288 711 3288 784 3276 917 3288 1095 3302 1097 3302 1099 3302 1102 3302 1128 3286 1137 3281 1167 3286 1224 3297 1226 3297 1284 3286 1327 3279 1451 3286 1575 3293 1577 3293 1673 3286 1729 3281 1745 3286 1809 3304 1811 3304 1813 3307 1949 3307 1949 3304 1951 3304 1996 3283 2005 3281 2071 3281 2125 3283 2438 3307 2441 3307 2443 3307 2445 3307 2483 3283 2485 3283 2696 3283 2698 3265 2696 3201 2565 3178 2562 3178 2560 3178 2511 3199 2506 3204 2232 3204 2225 3199 2207 3187 2204 3187 2202 3187 2199 3187 2197 3187 2155 3199 2143 3201 2113 3199 2015 3187 2012 3187 1781 3197 1729 3199 1722 3197 1664 3176 1661 3176 1659 3176 1572 3192 1495 3173 1493 3173 1352 3173 1350 3173 1348 3173 1291 3197 1289 3197 1247 3173 1245 3173 1202 3173 1200 3173 1198 3173 1156 3197 1151 3199 936 3199 931 3194 896 3171 894 3171 891 3171 809 3171 807 3171 805 3171 777 3185 695 3171 692 3171 690 3171 629 3194 627 3194 290 3194 290 3255"/></Shape>
	    <String CONTENT="qu’on oſe dire que les ſubiects ne peuuẽt capituler"
                    HPOS="287.0"
                    VPOS="3171.0"
                    WIDTH="2411.0"
                    HEIGHT="136.0"
                    WC="0.9932762246865493"></String>
          </TextLine>
          <TextLine ID="eSc_line_5b409c93"
                    TAGREFS="LT8"
                    BASELINE="278 3391 2700 3398" 
                    HPOS="276.0"
                    VPOS="3302.0"
                    WIDTH="2424.0"
                    HEIGHT="112.0">
            <Shape><Polygon POINTS="278 3391 276 3405 2696 3414 2700 3398 2700 3335 2665 3321 2663 3321 2661 3321 2597 3332 2551 3307 2548 3307 2429 3307 2427 3307 2424 3307 2366 3332 2139 3332 1935 3332 1898 3332 1799 3328 1762 3304 1759 3304 1757 3304 1710 3304 1708 3304 1706 3304 1654 3330 1582 3304 1579 3304 1577 3304 1488 3323 1453 3304 1451 3304 1338 3304 1336 3304 1334 3304 1259 3330 1256 3330 1252 3330 1186 3304 1184 3304 1181 3304 1057 3307 1055 3307 1053 3307 1015 3330 861 3330 861 3328 802 3302 800 3302 744 3302 741 3302 739 3302 690 3328 688 3330 613 3330 610 3328 568 3302 566 3302 564 3302 561 3302 559 3302 493 3328 491 3328 278 3328 278 3391"/></Shape>
	    <String CONTENT="auec leur Prince? Les ſainctes lettres nous mõſtrẽt"
                    HPOS="276.0"
                    VPOS="3302.0"
                    WIDTH="2424.0"
                    HEIGHT="112.0"
                    WC="0.990320270916201"></String>
          </TextLine>
          <TextLine ID="eSc_line_2c2f522c"
                    TAGREFS="LT8"
                    BASELINE="278 3520 2682 3531" 
                    HPOS="276.0"
                    VPOS="3424.0"
                    WIDTH="2406.0"
                    HEIGHT="135.0">
            <Shape><Polygon POINTS="278 3520 276 3534 472 3550 475 3550 997 3543 1174 3541 1209 3545 1266 3552 1268 3552 1490 3548 1715 3543 1750 3550 1781 3557 1783 3557 1785 3557 1799 3550 1813 3545 2291 3557 2366 3557 2368 3557 2384 3557 2597 3548 2677 3559 2682 3531 2679 3463 2611 3459 2569 3433 2567 3433 2565 3433 2562 3433 2560 3433 2487 3452 2457 3433 2455 3433 2452 3433 2279 3433 2277 3433 2274 3433 2272 3433 2232 3456 2230 3459 2228 3456 2174 3431 2171 3431 2122 3431 2120 3431 2118 3431 2115 3431 2087 3449 2057 3431 2054 3431 2052 3431 1996 3431 1994 3431 1991 3431 1949 3454 1937 3461 1837 3461 1823 3452 1788 3431 1785 3431 1783 3431 1781 3431 1778 3431 1706 3452 1687 3456 1675 3452 1628 3428 1626 3428 1586 3428 1584 3428 1582 3428 1579 3428 1544 3449 1530 3459 1273 3459 1254 3445 1224 3426 1221 3426 1219 3426 1107 3426 1104 3426 1102 3426 1069 3445 1067 3445 1060 3445 992 3426 989 3426 987 3426 985 3426 982 3426 957 3442 933 3454 627 3454 601 3438 578 3424 575 3424 573 3424 571 3424 568 3424 531 3438 491 3454 379 3454 348 3435 329 3424 327 3424 325 3424 322 3424 278 3433 278 3520"/></Shape>
	    <String CONTENT="les achats que fit Pharaon des biẽs de ſes ſubiects,"
                    HPOS="276.0"
                    VPOS="3424.0"
                    WIDTH="2406.0"
                    HEIGHT="135.0"
                    WC="0.989371840683919"></String>
          </TextLine>
          <TextLine ID="eSc_line_43d200ac"
                    TAGREFS="LT8"
                    BASELINE="271 3651 2689 3660" 
                    HPOS="269.0"
                    VPOS="3555.0"
                    WIDTH="2420.0"
                    HEIGHT="138.0">
            <Shape><Polygon POINTS="271 3651 269 3665 367 3688 369 3688 643 3669 788 3683 791 3683 894 3672 936 3690 938 3690 940 3690 1146 3686 1149 3686 1179 3672 1209 3683 1212 3683 1214 3683 1612 3674 1647 3693 1649 3693 1652 3693 1825 3676 2192 3676 2235 3688 2237 3688 2239 3688 2686 3674 2689 3660 2689 3597 2630 3594 2576 3562 2574 3562 2572 3562 2324 3562 2321 3562 2319 3562 2260 3590 2171 3562 2169 3562 2167 3562 2164 3562 2101 3587 2089 3592 2038 3587 1963 3580 1961 3580 1886 3585 1827 3590 1818 3585 1776 3559 1774 3559 1771 3559 1769 3559 1767 3559 1701 3583 1682 3590 1570 3590 1551 3580 1479 3557 1476 3557 1327 3557 1324 3557 1322 3557 1319 3557 1284 3578 1228 3557 1226 3557 1224 3557 1221 3557 1219 3557 1186 3578 1165 3590 875 3590 837 3573 809 3562 807 3562 805 3562 802 3562 772 3571 755 3578 744 3571 716 3555 713 3555 711 3555 709 3555 706 3555 664 3571 643 3578 629 3571 603 3555 601 3555 599 3555 521 3555 519 3555 517 3555 514 3555 493 3569 461 3587 372 3587 334 3566 313 3555 311 3555 308 3555 306 3555 271 3564 271 3651"/></Shape>
	    <String CONTENT="la priſe de la vigne de Nabot, &amp; autres ſemblables"
                    HPOS="269.0"
                    VPOS="3555.0"
                    WIDTH="2420.0"
                    HEIGHT="138.0"
                    WC="0.9993393015861511"></String>
          </TextLine>
          <TextLine ID="eSc_line_58bfa36e"
                    TAGREFS="LT8"
                    BASELINE="264 3779 2684 3791" 
                    HPOS="262.0"
                    VPOS="3697.0"
                    WIDTH="2422.0"
                    HEIGHT="124.0">
            <Shape><Polygon POINTS="264 3779 262 3793 292 3807 294 3807 297 3807 692 3798 739 3798 744 3798 798 3817 800 3817 802 3817 938 3814 940 3814 943 3814 964 3800 966 3800 987 3800 1231 3819 1233 3819 1235 3819 1287 3805 1291 3803 1298 3805 1338 3819 1341 3819 1343 3821 1460 3821 1460 3819 1462 3819 1486 3805 1495 3803 2679 3817 2684 3791 2684 3721 2661 3707 2658 3707 2656 3707 2572 3707 2569 3707 2567 3707 2508 3725 2497 3728 2298 3728 2291 3725 2197 3704 2195 3704 2111 3723 2080 3704 2078 3704 2075 3704 2010 3704 2008 3704 2005 3704 1965 3723 1961 3725 1947 3723 1877 3714 1874 3714 1872 3714 1869 3714 1853 3723 1848 3728 1727 3728 1722 3723 1706 3711 1703 3711 1701 3711 1699 3711 1645 3723 1640 3723 919 3723 917 3721 882 3700 879 3700 877 3700 875 3700 709 3714 678 3697 676 3697 620 3697 617 3697 615 3697 580 3716 549 3704 547 3704 545 3704 542 3704 507 3716 479 3707 477 3707 475 3707 472 3707 470 3707 449 3721 264 3721 264 3779"/></Shape>
	    <String CONTENT="contracts faits reciproquemẽt entre les Princes &amp;"
                    HPOS="262.0"
                    VPOS="3697.0"
                    WIDTH="2422.0"
                    HEIGHT="124.0"
                    WC="0.9958584523200988"></String>
          </TextLine>
          <TextLine ID="eSc_line_4e576f35"
                    TAGREFS="LT8"
                    BASELINE="257 3908 2682 3922" 
                    HPOS="255.0"
                    VPOS="3819.0"
                    WIDTH="2427.0"
                    HEIGHT="136.0">
            <Shape><Polygon POINTS="257 3896 257 3908 255 3926 344 3941 346 3941 643 3934 702 3948 704 3948 706 3948 912 3945 915 3945 936 3934 938 3934 964 3948 966 3948 968 3950 1233 3950 1233 3948 1235 3948 1256 3938 1261 3936 1263 3938 1284 3948 1287 3948 1289 3948 1453 3938 1488 3938 1502 3941 1575 3952 1577 3952 1579 3952 1626 3941 1638 3938 1652 3941 1685 3950 1687 3950 1689 3950 1809 3943 1853 3941 1865 3943 1902 3955 1905 3955 1907 3955 2038 3945 2106 3941 2677 3950 2682 3922 2682 3854 2639 3831 2637 3831 2635 3831 2572 3831 2569 3831 2567 3831 2525 3854 2401 3856 2279 3856 2272 3854 2209 3828 2207 3828 2118 3828 2115 3828 2113 3828 2111 3828 2068 3854 2066 3854 1799 3854 1799 3852 1745 3826 1743 3826 1741 3826 1537 3852 1528 3852 1525 3852 1469 3824 1467 3824 1415 3824 1413 3824 1411 3824 1362 3852 1329 3852 1249 3852 1249 3849 1184 3828 1181 3828 1179 3828 1177 3828 1137 3849 1135 3852 1069 3852 1067 3849 1013 3821 1011 3821 1008 3821 1006 3821 931 3847 872 3821 870 3821 868 3821 865 3821 814 3842 774 3821 772 3821 699 3821 697 3821 695 3821 645 3845 578 3819 575 3819 573 3819 458 3845 367 3819 365 3819 362 3819 360 3819 311 3847 266 3847 257 3896"/></Shape>
	    <String CONTENT="ſubiects. Et le droict ciuil tãt Grec que Romain &amp;"
                    HPOS="255.0"
                    VPOS="3819.0"
                    WIDTH="2427.0"
                    HEIGHT="136.0"
                    WC="0.9728255856270883"></String>
          </TextLine>
        </TextBlock>
        <TextBlock HPOS="1420.0"
                   VPOS="56.0"
                   WIDTH="193.0"
                   HEIGHT="110.0"
                   ID="block_1"
                   TAGREFS="BT15">
          <Shape><Polygon POINTS="1613 56 1613 166 1420 166 1420 56"/></Shape>
          <TextLine ID="eSc_line_f50af288"
                    TAGREFS="LT8"
                    BASELINE="1430 139 1615 139" 
                    HPOS="1428.0"
                    VPOS="56.0"
                    WIDTH="186.0"
                    HEIGHT="119.0">
            <Shape><Polygon POINTS="1537 56 1499 73 1470 56 1463 56 1442 56 1428 66 1428 136 1428 175 1614 150 1614 136 1604 70 1565 56 1537 56"/></Shape>
	    <String CONTENT="358"
                    HPOS="1428.0"
                    VPOS="56.0"
                    WIDTH="186.0"
                    HEIGHT="119.0"
                    WC="0.9999825954437256"></String>
          </TextLine>
        </TextBlock>
        <TextBlock HPOS="1262.0"
                   VPOS="3991.0"
                   WIDTH="735.0"
                   HEIGHT="117.0"
                   ID="eSc_textblock_c98876b5"
                   TAGREFS="BT9">
          <Shape><Polygon POINTS="1262 3991 1262 4108 1997 4108 1997 3991"/></Shape>
          <TextLine ID="eSc_line_f58999e4"
                    TAGREFS="LT8"
                    BASELINE="1313 4069 1956 4080" 
                    HPOS="1309"
                    VPOS="3992"
                    WIDTH="646"
                    HEIGHT="91">
            <Shape><Polygon POINTS="1909 3992 1874 3992 1839 3992 1804 3992 1769 3992 1734 3992 1699 3992 1681 3992 1632 4003 1604 3992 1593 3992 1558 3992 1551 3992 1537 4003 1530 4003 1312 3999 1312 4066 1309 4076 1948 4083 1955 4076 1955 4010 1920 3992 1909 3992"/></Shape>
	    <String CONTENT="Digitized by Google"
                    HPOS="1309"
                    VPOS="3992"
                    WIDTH="646"
                    HEIGHT="91"></String>
          </TextLine>
        </TextBlock>
        <TextBlock HPOS="2188.0"
                   VPOS="3999.0"
                   WIDTH="565.0"
                   HEIGHT="174.0"
                   ID="eSc_textblock_b3d1908c"
                   TAGREFS="BT17">
          <Shape><Polygon POINTS="2753 4173 2753 3999 2188 3999 2188 4173"/></Shape>
          <TextLine ID="eSc_line_f0f8acd4"
                    TAGREFS="LT8"
                    BASELINE="2162 4053 2656 4048" 
                    HPOS="2160.0"
                    VPOS="3959.0"
                    WIDTH="496.0"
                    HEIGHT="136.0">
            <Shape><Polygon POINTS="2162 4053 2162 4067 2375 4072 2401 4095 2403 4095 2405 4095 2408 4095 2459 4093 2462 4093 2464 4093 2464 4090 2483 4074 2569 4093 2572 4093 2574 4093 2576 4093 2576 4090 2597 4069 2621 4079 2623 4079 2625 4079 2628 4079 2656 4062 2656 4048 2651 3992 2490 3978 2487 3978 2485 3978 2483 3978 2478 3983 2464 3992 2298 3992 2272 3971 2258 3959 2256 3959 2253 3959 2251 3959 2160 3964 2162 4053"/></Shape>
	    <String CONTENT="Françoys"
                    HPOS="2160.0"
                    VPOS="3959.0"
                    WIDTH="496.0"
                    HEIGHT="136.0"
                    WC="0.9998994668324789"></String>
          </TextLine>
        </TextBlock>
      </PrintSpace>
    </Page>
  </Layout>
</alto>
