2977 4210
428.0 163.0 2359.0 136.0 concitoyens: & leur monſtrer reſpectiuement qu’¬

430.0 301.0 2359.0 115.0 il n’y a rien qui ait tant conſerué ceſte couronne

437.0 425.0 2357.0 129.0 en ſa fleur & grandeur, que la concorde, la paix &

430.0 551.0 2364.0 129.0 vnion d’entre le Prince & ſes ſubiects: non par cõ¬

425.0 692.0 2371.0 124.0 tention ou eſlongnemenr les vns des autres, mais

428.0 830.0 2359.0 117.0 par communiçations, pourparlers, conuentions,

421.0 947.0 2375.0 142.0 accords & capitulations: eſquelles chacun a gardé

416.0 1075.0 2378.0 131.0 ſon rang & ſon degré: ſçauoir eſt, le Prince & ſupe

409.0 1209.0 2373.0 128.0 rieur de Seigneur, de pere & de patron: le peuple,

414.0 1326.0 2387.0 135.0 de ſubiects, d’inferieurs, d’obeiſſans, de fils, Et de

414.0 1471.0 2389.0 121.0 cliens: commençant comme par l’œuf duquel no¬

407.0 1585.0 2399.0 136.0 ſtre Monarchie eſt eſcloſe, nos Princes ayans deli¬

404.0 1721.0 2385.0 124.0 uré toute noſtre Gaule de la tyrannie Romaine,

407.0 1850.0 2401.0 133.0 par l’aide de leurs ſeuls ſubiects, ſe ſont voulus cõ¬

395.0 1988.0 2408.0 133.0 porter auec iceux leurs ſubiects, en ſorte que par

386.0 2109.0 2417.0 141.0 chacun an ils aſſemblaſſent leurs eſtats: qui pour

381.0 2242.0 2429.0 146.0 lors (auant que les Papes & leurs ſuppoſts ſe fuſſẽt

374.0 2380.0 2441.0 129.0 inſinuez en l’auctorité, dont ils ſe ſont deſpuis en¬

372.0 2504.0 2443.0 138.0 ſaiſinez) cõſiſtoyent en deux parties: ſauoir eſt l'v¬

376.0 2628.0 2439.0 145.0 ne des nobles, & l'autre des roturiers, deſquels ils

372.0 2766.0 2445.0 143.0 entendoyent & oyoyent les plainctes & doleãces:

372.0 2897.0 2459.0 131.0 auſsi de leur coſté ils declairoyent leurs neceſsitez

372.0 3024.0 2457.0 142.0 & affaires: eſquelles aſſẽblees il ne ſe parloit point

362.0 3169.0 2462.0 131.0 de particuliers contracts, mais des affaires & nego

355.0 3300.0 2481.0 131.0 ciations politiques & d’eſtats, tant guerrieres que

353.0 3433.0 2481.0 138.0 ciuiles. Telles negociations & capitulations appor

355.0 3562.0 2483.0 135.0 toyent vn bien infini au Royaume, puis que par i¬

351.0 3686.0 2485.0 131.0 celles les Princes & ſubiects communiquãs les vns

348.0 3821.0 2493.0 127.0 auec les autres,s’en alloyent contens & recõciliez

1548.0 56.0 168.0 101.0 368

2382.0 3955.0 461.0 119.0 de tous
