2977 4210
114 119 2472 140 ſubiectes à l’Empire qu’on appelle villes-franches,

126 264 2474 126 leſquelles par pactions & capitulations faictes auec

131 397 2466 131 les Empereurs viuent en eſtat populaire, payãs cer¬

142 523 2455 124 tains tributs, & aſſubiectis de quelques deuoirs aux

154 654 2441 124 Empereurs. Comme en pareil cas les Electeurs de

145 781 2448 140 l’Empire qui ſont ſept grands Seigneurs de l’Alle¬

138 914 2455 133 maig ne, ſe recognoiſſent ſubiects de l’Empire, &

133 1047 2455 127 ſauent à quels offices, deuoirs & ſeruices ils ſont o¬

135 1178 2453 141 bligez de s’employer enuers l’Empereur: de preſ¬

133 1312 2455 145 que ſemblable eſpece ſont quelques autres Sei¬

138 1447 2445 129 gneurs feudataires de l’Empire, comme les Ducs

131 1574 2438 126 de Milan, de Florence, & autres:toutes ſes villes,

138 1709 2436 131 ſes Electeurs & feudataires ont leurs charges par

138 1845 2452 126 eſcript, & ent retienẽt par deuers eux belles lettres

140 1969 2446 126 & bien ſeellees: afin de ne faillir en leur deuoir, &

140 2112 2448 123 pour auoir l’œil qu’il ne s’entreprene aucune cho¬

133 2231 2448 131 ſe ſur eux: & toutesfois ils ſont ſubiects de l’Empe¬

135 2371 2451 129 reur & de l’Empire: & ont capitulé auec leur Sei¬

138 2504 2443 124 gneur. Ils ſont donc rebelles & conuaincus de leze

140 2635 2439 117 Maieſté. Car ils donnent bien ordre qu’on ne les

142 2776 2437 121 greue d’aucune choſe tyranniquement outre leur

140 2904 2441 129 deuoir: & que l’Empereur ne les traicte à ſon ap¬

147 3028 2432 138 petit, & ſelon ſa ſenſualité: combiẽ qu’il n’y ait gẽs

140 3162 2439 131 au monde qui reuerent plus ſa Maieſté & de l’Em¬

147 3302 2427 131 pire qu’eux. Or voudroy-ie q noſtre paradoxeur

142 3431 2439 126 s’en allaſt parquer en vne chaire au milieu de l’Al¬

135 3557 2441 140 lemaigne, & perſuader ſa propoſitiõ à l’Empereur

135 3683 2446 138 & à ſes ſubiects Electeurs, & villes frãches, pour co

147 3821 2441 148 gnoiſtre comme il y ſeroit bien venu, les ayant ia

1308 9 152 121 385

2094 3926 70 129 b
