2977 4210
196 177 2436 124 que leurs volontez doiuent eſtre franches & ſouue

194 311 2441 121 raines, que toutes choſes doiuent fleſchir deuant

191 442 2441 131 eux, qu’on leur doibt obeir ſans demander pour¬

205 577 2418 131 quoy ne comment, que les corps, les biens, & les

210 704 2408 119 vies de leurs ſubiects ſont à eux: mais iamais ils n’¬

191 834 2432 124 entrent à les admonneſter de leur deuoir, ni à quel¬

184 965 2441 138 le regle de vertu ils ont beſoin de ſe ranger, quel

177 1101 2441 133 conſeil faut qu’ils ſuiuent: cela greueroit trop la

175 1230 2441 128 langue du flateur, & faſcheroit l’oreille du Prince

170 1361 2434 131 qui veut eſtre flaté. Auſsi ils ſe gardent bien de les

161 1499 2443 121 aduertir des louanges dont ſont couronnez les

163 1620 2437 136 bons Princes, & des blaſons que la poſterité don¬

163 1754 2437 131 ne aux meſchans, de la felicité & tranquillité des

161 1885 2434 135 iuſtes & paiſibles, de l'inquietude des tyrans, de la

159 2016 2434 128 garde & ſolicitude qu’ont les ſubiects de leurs bõs

152 2156 2438 131 Princes, des aggreſsions qu’ils font contre les ini¬

149 2292 2439 128 ques. Mais ie veux que par ma bouche & par ines

147 2423 2439 131 eſcrits mon Roy le ſache, combien que i’aye peu

149 2554 2430 128 d’eſperance que ce petit diſcours viene entre ſes

142 2692 2432 128 mains, puis que les corrupteurs des meurs publi¬

145 2816 2434 128 ques interdiſent les lettres en ſon Royaume, & par

142 2954 2434 126 ſoigneuſe recherche empeſchent qu’il n’ait aucu¬

138 3094 2427 107 ne communication des bons ſiures, tant anciens

138 3211 2429 128 que nouueaux) voire & qu’il ſache aucune choſe

135 3344 2425 129 des miſeres & calamitez de ſon Royaume, mais le

133 3482 2425 124 veulent enſepuelir en ignorance, comme faiſoy-

117 3613 2441 119 ent anciennement les Maires du Palais ſes prede¬

107 3742 2444 128 ceſſeurs Roys, afin de le priuer quelque iour de

107 3863 2432 157 ſon Royaume, ainſi que ceux dont ſe pretend deſ¬

1277 77 183 107 393

2207 3999 327 105 cendu
