2977 4210
346 175 2403 145 premier par l’aduis du Chancelier Poyet vouloit

337 311 2412 140 impoſer ſur icelle pour la ruiner. La Guyenne a v¬

339 435 2413 142 ſé de pareil rachat de la gabelle du ſel. Ce ſont ca¬

346 575 2413 143 pitulations faictes par les ſubiects auec leur Roy, voi

341 706 2418 119 re des affaires concernantes ſon authorité. Seroit-

337 832 2417 124 ce la raiſon de les declairer rebelles, où de caſſer &

337 970 2412 145 reuoquer leurs capitulations? Qui le fera, il donne¬

341 1096 2411 138 ra occaſion à tous peuples & nations de pluſtoſt

339 1237 2415 145 faire comme les Sagontins, qui aimerent mieux ſe

341 1365 2404 131 conſommer par feu auec leurs femmes & enfans,

339 1487 2425 140 que ſe ſoumettre à la foy d’vn Roy periure & infi¬

341 1618 2423 152 dele. Toutes-fois par les mœurs Papales ce n’eſt

346 1749 2415 150 point de honte à vn Prince de rompre ſa foy. Et à

337 1878 2422 156 ce propos le S. Pere Paul Carafe, autremẽt Thea¬

334 2013 2418 152 tin, qui enuoya la belle eſpee au feu Roy Henry

334 2144 2423 150 deuzieme, par laquelle toute la Chreſtienté fut en¬

332 2278 2422 152 ſanglantee, diſoit que c’eſtoit à faire à marchans

334 2406 2418 159 de garder leur foy, & non à Princes: auſsi pour ſes

332 2551 2408 143 merites apres ſa mort non ſeulement ſon corps,

332 2668 2425 143 ſes monumens, & ſon nom furent effacez de la vil¬

329 2806 2423 152 le de Romme, mais ſa poſterité honteuſement mi¬

332 2928 2425 164 ſe au gibet. Mais c’eſt choſe admirable que telle

327 3066 2427 149 infame corruptele d’infidelité & violement de tou

327 3199 2430 161 te promeſſe & foy iuree (qui a ſi malheureuſement

327 3321 2432 163 contaminé le ſiege Papal & toute ſon Egliſe) eſt

325 3463 2424 155 ſortie de la boutique des pretendus predeceſſeurs

329 3604 2428 140 de noſtre Panurge: leſquels voulans commettre

334 3723 2423 152 vne execrable deſloyauté contre leur Roy Chil¬

329 3861 2428 147 deric, & le priuer iniurieuſement de ſon Royaume

1427 65 178 115 382

2501 4015 274 115 pour
