2977 4210
161 149 2418 152 incroyable, a coutracté & capitulé auec ſon peuple

166 287 2420 143 par pluſieurs fois? Premierement auec Adã, & puis

163 416 2420 119 auec Noé, tiercement auec Abraham. Iſaac & Ia¬

168 547 2418 138 cob, puis auec Moyſe & tout lſrael, conſequem¬

170 682 2416 115 ment auec Dauid & Salomon, en dernier lieu auec

159 809 2427 135 tout le genre humain par ſon fils leſus Chriſt? voi¬

156 951 2427 127 re & pour approbation de ſes volontez, nous en a

154 1075 2436 129 delaiſſé les contracts & capitulations bien approu¬

152 1206 2436 127 uees, teſmoignees & ſeellees? ſuiuãt leſquelles tous

156 1344 2434 127 ceux auec leſquels il a capitulé, & conſequemmẽt

156 1464 2434 138 nous à preſent & tous les fideles, le ſommons de

159 1599 2429 131 iour en jour de ſes promeſſes & cõtracts, dont les

161 1735 2418 133 prieres & requeſtes de nos bons peres ſont pleines,

166 1861 2427 131 & a leur imitation les noſtres. Or ſi le grand Crea¬

163 1997 2430 133 teur de lumiere, ſi ce pere du genre humain, ſi ce

180 2130 2417 127 Tout-puiſſant s’eſt voulu tant demettre que de

163 2259 2432 140 cont racter & capituler anec ſes creaturel, qui ne

159 2397 2431 124 ſont que vers de terre, & pourfiture: s’il a à grrde

161 2523 2434 138 prend plaiſir à ſe voir ſommer de ſes promeſſes &

164 2641 2430 151 ſon contract, vn Roy & Prinee terrien, qui elt de

166 2787 2420 136 pareille chair, ſang, terre & boûe que ſon ſubiect,

156 2909 2441 154 duquel la puiſſance & l'auctorité ( par laquelle ùl

156 3040 2423 145 domine & reluit par deſſus ſes ſemblables) eſt pro¬

156 3176 2437 140 cedee de l'octroy & election de ſon ſubiect, doit¬

156 3316 2437 133 il trouuer mauuais de contracter & capituler auec

154 3447 2441 129 luy? & d’eſtre ſommé & requis de garder & accom¬

161 3576 2434 135 plir ſa foy & ſes capitulations? Ceſſent donc les im¬

163 3709 2437 136 poſteurs de plus perſuader aux Princes propoſi¬

156 3845 2446 124 tions menſongeres, & à ſemer zizanies entr'eux &

1323 56 161 98 413

2354 3980 248 101 leurs
