<?xml version="1.0" encoding="UTF-8"?>
<alto xmlns:xsi="http://www.w3.org/2001/XMLSchema-instance"
      xmlns="http://www.loc.gov/standards/alto/ns-v4#"
      xsi:schemaLocation="http://www.loc.gov/standards/alto/ns-v4# http://www.loc.gov/standards/alto/v4/alto-4-2.xsd">
  <Description>
    <MeasurementUnit>pixel</MeasurementUnit>
    <sourceImageInformation>
      <fileName>page_00043.png</fileName>
      <fileIdentifier>mets//Question_Politique.zip/page_00043.png</fileIdentifier>
    </sourceImageInformation>
  </Description>
  <Tags>
    <OtherTag ID="BT7" LABEL="CustomZone" DESCRIPTION="block type CustomZone"/><OtherTag ID="BT8" LABEL="DamageZone" DESCRIPTION="block type DamageZone"/><OtherTag ID="BT9" LABEL="DigitizationArtefactZone" DESCRIPTION="block type DigitizationArtefactZone"/><OtherTag ID="BT10" LABEL="DropCapitalZone" DESCRIPTION="block type DropCapitalZone"/><OtherTag ID="BT11" LABEL="GraphicZone" DESCRIPTION="block type GraphicZone"/><OtherTag ID="BT12" LABEL="MainZone" DESCRIPTION="block type MainZone"/><OtherTag ID="BT13" LABEL="MarginTextZone" DESCRIPTION="block type MarginTextZone"/><OtherTag ID="BT14" LABEL="MusicZone" DESCRIPTION="block type MusicZone"/><OtherTag ID="BT15" LABEL="NumberingZone" DESCRIPTION="block type NumberingZone"/><OtherTag ID="BT17" LABEL="QuireMarksZone" DESCRIPTION="block type QuireMarksZone"/><OtherTag ID="BT18" LABEL="RunningTitleZone" DESCRIPTION="block type RunningTitleZone"/><OtherTag ID="BT19" LABEL="SealZone" DESCRIPTION="block type SealZone"/><OtherTag ID="BT20" LABEL="StampZone" DESCRIPTION="block type StampZone"/><OtherTag ID="BT21" LABEL="TableZone" DESCRIPTION="block type TableZone"/><OtherTag ID="BT22" LABEL="TitlePageZone" DESCRIPTION="block type TitlePageZone"/><OtherTag ID="BT100001" LABEL="MainZone-Head" DESCRIPTION="block type MainZone-Head"/><OtherTag ID="BT100005" LABEL="MainZone-P" DESCRIPTION="block type MainZone-P"/><OtherTag ID="BT100006" LABEL="MainZone-Continued" DESCRIPTION="block type MainZone-Continued"/>
    <OtherTag ID="LT7" LABEL="CustomLine" DESCRIPTION="line type CustomLine"/><OtherTag ID="LT8" LABEL="DefaultLine" DESCRIPTION="line type DefaultLine"/><OtherTag ID="LT9" LABEL="DropCapitalLine" DESCRIPTION="line type DropCapitalLine"/><OtherTag ID="LT10" LABEL="HeadingLine" DESCRIPTION="line type HeadingLine"/><OtherTag ID="LT11" LABEL="InterlinearLine" DESCRIPTION="line type InterlinearLine"/><OtherTag ID="LT12" LABEL="MusicLine" DESCRIPTION="line type MusicLine"/><OtherTag ID="LT768" LABEL="default" DESCRIPTION="line type default"/>
  </Tags>
  <Layout>
    <Page WIDTH="2977"
          HEIGHT="4210"
          PHYSICAL_IMG_NR="42"
          ID="eSc_dummypage_">
      <PrintSpace HPOS="0"
                  VPOS="0"
                  WIDTH="2977"
                  HEIGHT="4210">
        <TextBlock HPOS="152.0"
                   VPOS="143.0"
                   WIDTH="2481.0"
                   HEIGHT="3823.0"
                   ID="block_0"
                   TAGREFS="BT100006">
          <Shape><Polygon POINTS="2599 168 2633 3941 166 3966 152 143"/></Shape>
          <TextLine ID="eSc_line_4222339d"
                    TAGREFS="LT8"
                    BASELINE="142 252 2572 243" 
                    HPOS="140"
                    VPOS="147"
                    WIDTH="2432"
                    HEIGHT="143">
            <Shape><Polygon POINTS="2527 159 2504 156 2490 152 2429 173 2272 147 2270 147 2267 147 2218 175 1958 177 1879 177 1830 149 1827 149 1757 149 1755 149 1752 149 1715 168 1635 149 1633 149 1631 149 1628 149 1584 177 1500 177 1408 149 1406 149 1404 149 1401 149 1345 180 1209 180 1160 152 1158 152 1118 152 1116 152 1114 152 1111 152 1071 175 997 166 994 166 737 180 676 154 674 154 425 154 423 154 421 154 365 180 322 154 320 154 318 154 269 154 266 154 264 154 262 154 219 180 140 182 142 252 142 268 723 268 760 287 762 287 765 290 924 290 924 287 926 287 973 266 1104 266 1111 266 1282 287 1284 287 1287 287 1289 287 1324 266 1327 264 1429 264 1535 264 1537 266 1575 285 1577 285 1579 285 1666 271 1696 280 1699 280 1701 280 1703 280 1706 280 1731 264 1759 264 1937 264 1942 264 1989 283 1991 283 1994 285 2143 285 2143 283 2146 283 2148 283 2178 264 2183 261 2249 264 2312 266 2338 283 2340 283 2342 283 2345 283 2485 271 2546 280 2548 280 2551 280 2553 280 2572 266 2572 243 2569 173 2546 159 2527 159"/></Shape>
	    <String CONTENT="ie les laiſſeray pour le preſent, &amp; diray, que depuis"
                    HPOS="140"
                    VPOS="147"
                    WIDTH="2432"
                    HEIGHT="143"
                    WC="0.9876966060332533"></String>
          </TextLine>
          <TextLine ID="eSc_line_995b34fd"
                    TAGREFS="LT8"
                    BASELINE="152 383 2576 371" 
                    HPOS="149"
                    VPOS="275"
                    WIDTH="2427"
                    HEIGHT="136">
            <Shape><Polygon POINTS="152 383 152 395 217 409 219 409 1088 395 1109 406 1111 406 1114 406 1116 406 1118 406 1167 392 1170 392 1200 409 1202 409 1205 411 1305 411 1305 409 1308 409 1336 397 1575 404 1577 404 1579 404 1582 404 1603 392 1605 390 1621 392 1748 406 1750 406 2207 390 2281 388 2288 390 2328 402 2331 402 2525 404 2527 404 2529 404 2576 388 2576 371 2572 306 2412 306 2363 275 2361 275 2359 275 2314 275 2312 275 2309 275 2246 306 2089 306 2040 278 2038 278 2036 278 2033 278 1982 292 1958 278 1956 278 1954 278 1951 278 1949 278 1893 306 1891 308 1767 308 1762 306 1717 278 1715 278 1713 278 1638 278 1635 278 1633 278 1631 278 1589 306 1582 311 1537 311 1530 306 1483 280 1481 280 1479 280 1476 280 1401 306 1390 311 1228 311 1221 306 1179 280 1177 280 1174 280 1172 280 1104 283 1102 283 1060 306 1050 311 978 308 975 306 936 283 933 283 931 283 929 283 926 283 870 306 858 311 847 306 828 297 826 297 823 297 779 306 758 311 748 306 711 283 709 283 706 283 704 283 589 285 587 285 542 306 528 313 514 306 470 285 468 285 465 285 463 285 400 306 376 313 332 313 320 306 283 285 280 285 180 285 177 285 175 285 173 285 149 299 152 383"/></Shape>
	    <String CONTENT="Charles Martel ou Pepin ſon fils, nul de nos Roys"
                    HPOS="149"
                    VPOS="275"
                    WIDTH="2427"
                    HEIGHT="136"
                    WC="0.9857465624809265"></String>
          </TextLine>
          <TextLine ID="eSc_line_ed0edb05"
                    TAGREFS="LT8"
                    BASELINE="156 514 2581 505" 
                    HPOS="154"
                    VPOS="411"
                    WIDTH="2427"
                    HEIGHT="129">
            <Shape><Polygon POINTS="156 514 156 528 414 528 418 528 461 540 463 540 465 540 987 526 1025 526 1036 526 1198 537 1200 537 1596 523 1617 523 1628 523 1804 535 1806 535 1916 523 1982 533 1984 533 1987 533 1989 533 2008 521 2010 521 2031 521 2272 533 2274 533 2277 533 2312 521 2335 533 2338 533 2340 535 2553 535 2553 533 2555 533 2581 519 2581 505 2576 437 2445 437 2403 411 2401 411 2398 411 2342 411 2340 411 2338 411 2335 411 2293 437 2052 437 1977 411 1975 411 1972 411 1970 411 1916 439 1823 439 1776 413 1774 413 1771 413 1769 413 1701 439 1554 439 1511 413 1509 413 1507 413 1453 413 1451 413 1448 413 1446 413 1411 435 1371 413 1369 413 1366 413 1317 416 1315 416 1312 416 1273 439 980 416 978 416 975 416 903 439 767 416 765 416 762 416 760 416 732 435 641 418 638 418 636 418 634 418 592 444 418 444 348 418 346 418 278 418 276 418 273 418 271 418 234 442 154 444 156 514"/></Shape>
	    <String CONTENT="s’eſt tant desbordé que de ſe vouloir donner licen"
                    HPOS="154"
                    VPOS="411"
                    WIDTH="2427"
                    HEIGHT="129"
                    WC="0.9840264110004201"></String>
          </TextLine>
          <TextLine ID="eSc_line_87e9b5d1"
                    TAGREFS="LT8"
                    BASELINE="163 645 2581 638" 
                    HPOS="161"
                    VPOS="551"
                    WIDTH="2420"
                    HEIGHT="134">
            <Shape><Polygon POINTS="163 645 163 659 266 661 299 682 301 682 304 682 306 682 421 659 432 659 496 659 631 664 669 682 671 682 674 685 758 685 758 682 760 682 805 659 807 659 1146 659 1149 659 1188 680 1191 680 1193 680 1273 666 1380 680 1383 680 1385 680 1453 659 1465 657 1476 659 1500 668 1502 668 1504 668 1689 659 1722 659 1724 659 1757 680 1759 680 1762 680 1764 680 1914 659 1958 654 2015 654 2026 659 2057 678 2059 678 2061 678 2064 680 2216 680 2216 678 2218 678 2221 678 2251 659 2260 654 2267 659 2281 666 2284 666 2286 666 2403 659 2499 654 2511 659 2541 673 2544 673 2546 673 2548 673 2581 659 2581 638 2579 575 2511 551 2508 551 2373 551 2370 551 2368 551 2326 575 2005 575 1848 551 1846 551 1844 551 1771 575 1736 554 1734 554 1731 554 1675 554 1673 554 1671 554 1624 577 1284 577 1062 554 1060 554 1057 554 1013 575 971 554 968 554 966 554 891 556 889 556 851 575 290 566 287 566 161 580 163 645"/></Shape>
	    <String CONTENT="cetyrannique: &amp; céluy qui en a le plus approché a"
                    HPOS="161"
                    VPOS="551"
                    WIDTH="2420"
                    HEIGHT="134"
                    WC="0.9800866830582712"></String>
          </TextLine>
          <TextLine ID="eSc_line_d47d11b4"
                    TAGREFS="LT8"
                    BASELINE="168 771 2588 771" 
                    HPOS="168"
                    VPOS="680"
                    WIDTH="2420"
                    HEIGHT="124">
            <Shape><Polygon POINTS="168 771 168 785 374 802 376 802 442 790 477 804 479 804 482 804 631 788 947 799 950 799 1060 790 1095 804 1097 804 1099 804 1179 790 1331 804 1334 804 1336 804 1338 804 1364 788 1418 799 1420 799 1699 790 1724 804 1727 804 1729 804 1731 804 1949 788 2438 788 2553 802 2555 802 2558 802 2588 785 2588 771 2586 680 2455 706 2401 706 2361 682 2359 680 2356 680 2354 680 2281 680 2279 680 2277 680 2272 682 2237 701 2181 701 2153 685 2148 680 2146 680 2143 680 2141 680 2139 680 2122 685 2080 694 2024 685 1987 680 1984 680 1982 680 1979 680 1970 685 1937 706 1502 706 1455 692 1415 680 1413 680 1411 680 1408 680 1406 680 1387 692 1364 706 1224 706 1191 694 1146 680 1144 680 1142 680 1139 680 1137 680 1114 694 1095 706 1048 706 1032 696 1006 680 1004 680 1001 680 938 680 936 680 933 680 898 696 887 706 456 706 451 701 414 680 411 680 409 680 231 680 229 680 227 680 168 704 168 771"/></Shape>
	    <String CONTENT="eſté Loys vnzieſme, lequel au moyen de l’auſterité"
                    HPOS="168"
                    VPOS="680"
                    WIDTH="2420"
                    HEIGHT="124"
                    WC="0.9923561891684165"></String>
          </TextLine>
          <TextLine ID="eSc_line_0fc66c42"
                    TAGREFS="LT8"
                    BASELINE="166 905 2583 900" 
                    HPOS="163"
                    VPOS="811"
                    WIDTH="2420"
                    HEIGHT="115">
            <Shape><Polygon POINTS="166 905 166 921 2579 926 2583 900 2579 837 2525 837 2483 811 2480 811 2478 811 2270 811 2267 811 2265 811 2263 811 2221 834 1970 834 1933 811 1930 811 1928 811 1874 811 1872 811 1869 811 1788 837 1369 839 1034 839 992 813 989 813 987 813 807 813 805 813 802 813 765 834 423 837 367 813 365 813 205 813 203 813 201 813 198 813 163 834 166 905"/></Shape>
	    <String CONTENT="de ſes meurs &amp; licentieux commandemens, ſuſcita"
                    HPOS="163"
                    VPOS="811"
                    WIDTH="2420"
                    HEIGHT="115"
                    WC="0.9954391895456517"></String>
          </TextLine>
          <TextLine ID="eSc_line_d4559885"
                    TAGREFS="LT8"
                    BASELINE="159 1033 2581 1038" 
                    HPOS="156"
                    VPOS="947"
                    WIDTH="2425"
                    HEIGHT="126">
            <Shape><Polygon POINTS="159 1033 156 1045 177 1059 180 1059 182 1059 184 1059 280 1050 432 1064 435 1064 535 1050 727 1061 730 1061 732 1061 760 1047 762 1047 1151 1047 1184 1050 1369 1071 1371 1071 1373 1071 1422 1052 1425 1052 1437 1052 1596 1061 1598 1061 1600 1061 1603 1061 1614 1052 1621 1050 1633 1054 1659 1061 1661 1061 1664 1061 1895 1057 1921 1071 1923 1071 1926 1071 1928 1073 2017 1073 2017 1071 2019 1071 2047 1057 2059 1050 2094 1057 2120 1061 2122 1061 2167 1057 2237 1050 2253 1057 2277 1071 2279 1071 2281 1071 2579 1059 2581 1038 2581 968 2548 949 2546 949 2544 949 2471 949 2469 949 2466 949 2431 968 2429 968 2384 968 2106 965 2080 949 2078 949 2075 949 2073 949 1956 963 1905 970 1893 963 1869 949 1867 949 1865 949 1767 949 1764 949 1762 949 1717 961 1685 972 1427 972 997 954 784 947 781 947 779 947 760 951 706 970 327 970 273 947 271 947 269 947 159 947 159 1033"/></Shape>
	    <String CONTENT="à l’encontre de luy vne guerre ciuile qu’on appela"
                    HPOS="156"
                    VPOS="947"
                    WIDTH="2425"
                    HEIGHT="126"
                    WC="0.9972224586150226"></String>
          </TextLine>
          <TextLine ID="eSc_line_25fb68f5"
                    TAGREFS="LT8"
                    BASELINE="154 1169 2581 1157" 
                    HPOS="152"
                    VPOS="1068"
                    WIDTH="2429"
                    HEIGHT="127">
            <Shape><Polygon POINTS="154 1169 154 1185 655 1195 657 1195 659 1195 683 1183 685 1181 1521 1181 1523 1181 1605 1192 1607 1192 1731 1178 1745 1178 1771 1178 2015 1190 2017 1190 2272 1176 2293 1176 2312 1176 2513 1188 2515 1188 2579 1174 2581 1157 2576 1096 2349 1096 2347 1094 2300 1068 2298 1068 2295 1068 2293 1068 2216 1094 2185 1085 2183 1085 2181 1085 2080 1094 2036 1101 1944 1101 1935 1094 1891 1071 1888 1071 1886 1071 1767 1094 1743 1101 1682 1101 1671 1094 1607 1071 1605 1071 1603 1071 1530 1073 1528 1073 1462 1094 1441 1101 1305 1101 1296 1094 1247 1073 1245 1073 1139 1073 1137 1073 1135 1073 1132 1073 1111 1087 1095 1075 1092 1075 1090 1075 959 1075 957 1075 954 1075 952 1075 922 1094 910 1101 849 1094 798 1089 795 1089 674 1094 425 1106 395 1094 355 1078 353 1078 351 1078 264 1089 177 1078 175 1078 173 1078 170 1078 152 1087 154 1169"/></Shape>
	    <String CONTENT="du bien cõmun. Auſsi auoit il porté inimitié mor¬"
                    HPOS="152"
                    VPOS="1068"
                    WIDTH="2429"
                    HEIGHT="127"
                    WC="0.9979081142407197"></String>
          </TextLine>
          <TextLine ID="eSc_line_0bc9f4de"
                    TAGREFS="LT8"
                    BASELINE="156 1298 2583 1298" 
                    HPOS="156"
                    VPOS="1206"
                    WIDTH="2427"
                    HEIGHT="127">
            <Shape><Polygon POINTS="156 1298 156 1312 217 1326 219 1328 358 1328 358 1326 360 1326 362 1326 381 1314 510 1326 512 1326 582 1314 585 1314 587 1314 683 1326 685 1326 688 1326 732 1314 734 1314 936 1314 938 1314 957 1326 959 1326 961 1326 964 1326 1284 1314 1322 1314 1327 1314 1385 1330 1387 1330 1390 1333 1495 1333 1495 1330 1497 1330 1528 1314 1532 1314 1722 1314 1727 1314 1759 1330 1762 1330 1764 1330 1921 1316 1944 1314 1951 1316 1998 1330 2001 1330 2003 1330 2277 1316 2328 1314 2368 1316 2555 1330 2558 1330 2560 1330 2583 1316 2583 1298 2583 1232 2335 1232 2305 1218 2302 1218 2300 1218 1940 1230 1881 1206 1879 1206 1818 1206 1816 1206 1813 1206 1811 1206 1769 1232 1444 1232 1401 1206 1399 1206 1397 1206 1394 1206 1268 1230 1217 1206 1214 1206 1212 1206 1209 1206 1135 1230 1060 1206 1057 1206 1055 1206 795 1230 748 1206 746 1206 664 1206 662 1206 659 1206 601 1227 561 1206 559 1206 498 1206 496 1206 493 1206 491 1206 449 1232 358 1232 311 1206 308 1206 252 1206 250 1206 248 1206 245 1206 203 1232 156 1232 156 1298"/></Shape>
	    <String CONTENT="telle à ſon Pere Charles ſeptieme, ſe ioignant auec"
                    HPOS="156"
                    VPOS="1206"
                    WIDTH="2427"
                    HEIGHT="127"
                    WC="0.9934787578307666"></String>
          </TextLine>
          <TextLine ID="eSc_line_ce7f9fd6"
                    TAGREFS="LT8"
                    BASELINE="152 1431 2581 1422" 
                    HPOS="149"
                    VPOS="1337"
                    WIDTH="2432"
                    HEIGHT="129">
            <Shape><Polygon POINTS="152 1431 152 1445 695 1447 753 1466 755 1466 758 1466 877 1443 887 1443 903 1443 1128 1464 1130 1464 1132 1464 1186 1445 1284 1454 1287 1454 1392 1440 1408 1440 1598 1440 1603 1440 1680 1461 1682 1461 1685 1464 1778 1464 1778 1461 1781 1461 1830 1445 2148 1459 2150 1459 2232 1443 2342 1452 2345 1452 2347 1452 2349 1452 2368 1440 2417 1454 2419 1454 2422 1454 2424 1454 2455 1440 2501 1459 2504 1459 2506 1459 2508 1459 2581 1436 2581 1422 2576 1358 2490 1358 2487 1356 2457 1337 2455 1337 2452 1337 2398 1337 2396 1337 2394 1337 2391 1337 2361 1356 2354 1361 2038 1361 2024 1356 1970 1340 1968 1340 1888 1340 1886 1340 1884 1340 1855 1356 1841 1363 1713 1363 1699 1354 1671 1340 1668 1340 1666 1340 1521 1354 1472 1358 1413 1354 1376 1351 1373 1351 1371 1351 1369 1351 1366 1354 1355 1363 1317 1354 1305 1351 1303 1351 1301 1351 1242 1354 1043 1363 1001 1354 978 1347 975 1347 973 1347 938 1351 894 1361 877 1351 858 1342 856 1342 854 1342 769 1351 659 1368 285 1368 255 1351 243 1344 241 1344 238 1344 149 1349 152 1431"/></Shape>
	    <String CONTENT="ſes ennemis, &amp; n’a point euité la preſumption d’a¬"
                    HPOS="149"
                    VPOS="1337"
                    WIDTH="2432"
                    HEIGHT="129"
                    WC="0.9935512706345203"></String>
          </TextLine>
          <TextLine ID="eSc_line_47bbd8a6"
                    TAGREFS="LT8"
                    BASELINE="154 1562 2581 1562" 
                    HPOS="154"
                    VPOS="1464"
                    WIDTH="2427"
                    HEIGHT="131">
            <Shape><Polygon POINTS="154 1562 154 1574 458 1590 461 1590 606 1576 627 1576 643 1578 746 1592 748 1595 854 1595 854 1592 856 1592 896 1578 905 1576 2579 1585 2581 1562 2581 1494 2356 1492 2307 1464 2305 1464 2239 1464 2237 1464 2235 1464 2185 1489 2120 1464 2118 1464 2115 1464 2113 1464 2111 1464 2061 1494 2001 1494 1919 1464 1916 1464 1823 1464 1820 1464 1818 1464 1788 1480 1745 1464 1743 1464 1741 1464 1738 1464 1736 1464 1694 1489 1612 1492 1493 1464 1490 1464 1488 1464 1427 1489 1373 1464 1371 1464 1315 1464 1312 1464 1310 1464 1254 1492 1104 1492 1013 1464 1011 1464 910 1464 908 1464 905 1464 851 1494 624 1494 575 1464 573 1464 571 1464 395 1464 393 1464 390 1464 388 1464 339 1494 154 1494 154 1562"/></Shape>
	    <String CONTENT="uoir faict empoiſonner ſonfrere le Duc de Guyen"
                    HPOS="154"
                    VPOS="1464"
                    WIDTH="2427"
                    HEIGHT="131"
                    WC="0.993714212103093"></String>
          </TextLine>
          <TextLine ID="eSc_line_98fb421f"
                    TAGREFS="LT8"
                    BASELINE="152 1688 2574 1695" 
                    HPOS="149"
                    VPOS="1595"
                    WIDTH="2425"
                    HEIGHT="131">
            <Shape><Polygon POINTS="152 1688 149 1705 166 1716 168 1716 170 1716 304 1721 306 1721 599 1705 1200 1716 1202 1716 1720 1709 1816 1709 1832 1709 1942 1726 1944 1726 2125 1712 2176 1709 2300 1709 2309 1714 2333 1726 2335 1726 2338 1726 2572 1714 2574 1695 2572 1599 2520 1599 2518 1599 2515 1599 2462 1625 2335 1623 2288 1602 2284 1599 2281 1599 2136 1599 2134 1599 2132 1599 2127 1602 2082 1627 1797 1627 1767 1611 1764 1611 1762 1611 1397 1623 1371 1609 1348 1597 1345 1597 1289 1597 1287 1597 1284 1597 1261 1609 1235 1625 973 1625 952 1613 919 1595 917 1595 748 1595 746 1595 744 1595 709 1613 697 1620 688 1616 650 1595 648 1595 493 1595 491 1595 489 1595 449 1616 439 1623 407 1623 397 1618 358 1595 355 1595 353 1595 351 1595 292 1618 285 1620 152 1620 152 1688"/></Shape>
	    <String CONTENT="ne. Auſsi les hiſtoires teſmoignent en quel ſoupcã"
                    HPOS="149"
                    VPOS="1595"
                    WIDTH="2425"
                    HEIGHT="131"
                    WC="0.9867646179947198"></String>
          </TextLine>
          <TextLine ID="eSc_line_05bea93b"
                    TAGREFS="LT8"
                    BASELINE="166 1829 2581 1821" 
                    HPOS="163"
                    VPOS="1723"
                    WIDTH="2418"
                    HEIGHT="134">
            <Shape><Polygon POINTS="166 1829 166 1840 278 1857 280 1857 781 1843 973 1838 1240 1838 1263 1843 1303 1854 1305 1854 1308 1854 1591 1845 1837 1836 1979 1845 2057 1850 2059 1850 2061 1850 2073 1845 2092 1838 2150 1845 2207 1852 2209 1852 2579 1845 2581 1821 2579 1756 2499 1723 2497 1723 2494 1723 2492 1723 2415 1754 1858 1744 1855 1744 1743 1756 1645 1726 1642 1726 1455 1726 1453 1726 1451 1726 1392 1756 1319 1726 1317 1726 1076 1726 1074 1726 1071 1726 1011 1758 826 1758 772 1728 769 1728 652 1728 650 1728 648 1728 645 1728 608 1751 479 1756 432 1728 430 1728 428 1728 390 1728 388 1728 386 1728 325 1756 187 1749 184 1749 182 1749 180 1749 163 1756 166 1829"/></Shape>
	    <String CONTENT="perplexité &amp; angoiſſe il paſſa ſes iours: comme ſes"
                    HPOS="163"
                    VPOS="1723"
                    WIDTH="2418"
                    HEIGHT="134"
                    WC="0.990554866882471"></String>
          </TextLine>
          <TextLine ID="eSc_line_cf6ee802"
                    TAGREFS="LT8"
                    BASELINE="159 1950 2581 1955" 
                    HPOS="156"
                    VPOS="1866"
                    WIDTH="2425"
                    HEIGHT="122">
            <Shape><Polygon POINTS="159 1950 156 1964 231 1983 234 1983 386 1969 416 1985 418 1985 421 1985 423 1985 449 1971 472 1983 475 1983 477 1985 650 1985 650 1983 898 1969 912 1969 933 1969 1371 1988 1373 1988 1444 1971 1600 1971 2080 1971 2101 1974 2176 1988 2178 1988 2307 1976 2333 1974 2370 1976 2548 1988 2551 1988 2553 1988 2579 1976 2581 1955 2579 1892 2487 1868 2485 1868 2366 1882 2324 1871 2321 1871 2319 1871 2317 1871 2281 1889 2279 1889 2235 1878 2232 1878 2230 1878 2228 1878 2204 1889 2202 1889 2169 1873 2167 1873 2164 1873 2047 1889 2033 1889 2022 1887 1926 1868 1923 1868 1769 1887 1738 1889 830 1887 823 1882 793 1866 791 1866 589 1866 587 1866 585 1866 557 1880 542 1887 159 1880 159 1950"/></Shape>
	    <String CONTENT="ſaux conſeillers furent ignominieuſement pendus"
                    HPOS="156"
                    VPOS="1866"
                    WIDTH="2425"
                    HEIGHT="122"
                    WC="0.997546116088299"></String>
          </TextLine>
          <TextLine ID="eSc_line_d091040b"
                    TAGREFS="LT8"
                    BASELINE="161 2090 2590 2083" 
                    HPOS="159"
                    VPOS="1992"
                    WIDTH="2431"
                    HEIGHT="124">
            <Shape><Polygon POINTS="161 2090 161 2107 760 2105 769 2105 840 2116 842 2116 973 2105 1001 2102 1118 2102 1687 2112 1689 2112 2068 2100 2434 2112 2436 2112 2438 2112 2441 2112 2459 2100 2555 2112 2558 2112 2560 2112 2590 2095 2590 2083 2586 2020 2333 2018 2312 2004 2309 2004 2307 2004 2305 2004 2302 2004 2300 2004 2277 2018 2106 2006 2104 2006 1940 2018 1872 1992 1869 1992 1781 1992 1778 1992 1776 1992 1724 2018 1657 2020 1404 1995 1401 1995 1399 1995 1345 2023 1249 2023 1200 1995 1198 1995 1195 1995 1069 2013 1034 1995 1032 1995 971 1995 968 1995 966 1995 964 1995 940 2009 858 1997 856 1997 854 1997 851 1997 812 2020 779 2009 777 2009 774 2009 606 2023 517 1997 514 1997 444 1997 442 1997 439 1997 374 2023 159 2025 161 2090"/></Shape>
	    <String CONTENT="apres ſa mort, &amp; ſonſucceſſeur au Royaume mou¬"
                    HPOS="159"
                    VPOS="1992"
                    WIDTH="2431"
                    HEIGHT="124"
                    WC="0.9981208003085592"></String>
          </TextLine>
          <TextLine ID="eSc_line_6056bbee"
                    TAGREFS="LT8"
                    BASELINE="163 2221 2588 2217" 
                    HPOS="161"
                    VPOS="2121"
                    WIDTH="2427"
                    HEIGHT="133">
            <Shape><Polygon POINTS="163 2221 163 2231 287 2245 290 2245 472 2233 582 2252 585 2254 685 2254 685 2252 688 2252 746 2233 1151 2245 1153 2245 1301 2233 1369 2252 1371 2252 1373 2252 1621 2231 1769 2250 1771 2252 1869 2252 1869 2250 1872 2250 1926 2231 1991 2242 2202 2245 2204 2245 2207 2245 2230 2233 2260 2250 2263 2250 2265 2250 2267 2250 2270 2250 2288 2238 2314 2250 2317 2250 2319 2250 2515 2247 2518 2247 2588 2226 2588 2217 2583 2151 2527 2151 2473 2121 2471 2121 2469 2121 2288 2149 2242 2121 2239 2121 2237 2121 2235 2121 2120 2147 2033 2121 2031 2121 1902 2121 1900 2121 1898 2121 1895 2121 1853 2147 1785 2149 1734 2121 1731 2121 1675 2121 1673 2121 1671 2121 1668 2121 1619 2151 1446 2151 1378 2121 1376 2121 1373 2121 1231 2151 1144 2123 1142 2123 1092 2123 1090 2123 1088 2123 1085 2123 1036 2154 512 2154 449 2123 447 2123 341 2123 339 2123 337 2123 334 2123 297 2147 161 2154 163 2221"/></Shape>
	    <String CONTENT="rut à l’impourueu ſans lignee &amp; poſterité: telle¬"
                    HPOS="161"
                    VPOS="2121"
                    WIDTH="2427"
                    HEIGHT="133"
                    WC="0.9897992225254283"></String>
          </TextLine>
          <TextLine ID="eSc_line_e71e858f"
                    TAGREFS="LT8"
                    BASELINE="161 2352 2583 2352" 
                    HPOS="161"
                    VPOS="2266"
                    WIDTH="2422"
                    HEIGHT="122">
            <Shape><Polygon POINTS="161 2352 161 2364 250 2385 252 2385 255 2385 306 2373 538 2385 540 2385 620 2369 631 2366 894 2366 898 2369 926 2385 929 2385 931 2388 1104 2388 1104 2385 1107 2385 1146 2371 1160 2366 1544 2366 1558 2373 1577 2385 1579 2385 1582 2385 1584 2385 1687 2373 1759 2366 2581 2378 2583 2352 2583 2287 2464 2273 2462 2273 2335 2285 2305 2266 2302 2266 2300 2266 2190 2266 2188 2266 2066 2285 1940 2268 1937 2268 1935 2268 1891 2282 1745 2273 1743 2273 1437 2285 1282 2266 1280 2266 1277 2266 1240 2280 1043 2273 1041 2273 952 2285 889 2266 887 2266 732 2266 730 2266 727 2266 725 2266 692 2287 161 2287 161 2352"/></Shape>
	    <String CONTENT="ment que tel Roy pour les voyes extraordinaires"
                    HPOS="161"
                    VPOS="2266"
                    WIDTH="2422"
                    HEIGHT="122"
                    WC="0.9967505348489639"></String>
          </TextLine>
          <TextLine ID="eSc_line_6ee5eb44"
                    TAGREFS="LT8"
                    BASELINE="161 2486 1909 2479 2581 2490" 
                    HPOS="159"
                    VPOS="2383"
                    WIDTH="2422"
                    HEIGHT="124">
            <Shape><Polygon POINTS="161 2486 161 2497 2579 2507 2581 2490 2579 2411 2506 2411 2436 2383 2434 2383 2431 2383 2429 2383 2427 2383 2382 2411 2345 2411 2272 2383 2270 2383 2267 2383 2265 2383 2216 2411 2190 2411 1935 2411 1930 2411 1891 2385 1888 2385 1886 2385 1771 2385 1769 2385 1767 2385 1720 2411 1715 2413 1638 2413 1633 2411 1589 2385 1586 2385 1547 2385 1544 2385 1542 2385 1486 2411 1483 2411 1481 2411 1406 2385 1404 2385 1401 2385 1399 2385 1397 2385 1357 2411 1352 2413 1249 2413 1247 2411 1205 2385 1202 2385 1200 2385 1163 2385 1160 2385 1158 2385 1097 2411 1095 2411 1032 2385 1029 2385 964 2385 961 2385 959 2385 901 2411 898 2413 835 2413 833 2411 786 2385 784 2385 734 2385 732 2385 730 2385 683 2411 681 2413 620 2413 617 2411 571 2385 568 2385 510 2385 507 2385 505 2385 458 2411 456 2413 278 2413 276 2411 201 2385 198 2385 196 2385 194 2385 191 2385 159 2404 161 2486"/></Shape>
	    <String CONTENT="&amp; cruelles dont il vſa en l&#x27;adminiſtration de ſon"
                    HPOS="159"
                    VPOS="2383"
                    WIDTH="2422"
                    HEIGHT="124"
                    WC="0.9902876238433682"></String>
          </TextLine>
          <TextLine ID="eSc_line_aacdc750"
                    TAGREFS="LT8"
                    BASELINE="163 2619 952 2610 2583 2617" 
                    HPOS="161"
                    VPOS="2523"
                    WIDTH="2422"
                    HEIGHT="119">
            <Shape><Polygon POINTS="163 2619 161 2628 695 2642 697 2642 819 2631 837 2631 2579 2635 2583 2617 2581 2549 2497 2549 2497 2547 2455 2528 2452 2528 2450 2528 2448 2528 2445 2528 2417 2547 2412 2549 2169 2549 2157 2544 2104 2526 2101 2526 2012 2526 2010 2526 2008 2526 2005 2526 1984 2540 1961 2526 1958 2526 1956 2526 1879 2526 1877 2526 1874 2526 1872 2526 1848 2540 1841 2544 1827 2540 1804 2533 1802 2533 1799 2533 1762 2540 1720 2549 1383 2549 1357 2535 1336 2526 1334 2526 1233 2526 1231 2526 1228 2526 1207 2533 1170 2547 982 2535 980 2535 833 2547 725 2528 692 2523 690 2523 688 2523 685 2523 678 2528 648 2547 292 2547 248 2523 245 2523 163 2523 163 2619"/></Shape>
	    <String CONTENT="Royaume, fut extraordinairement &amp; ſeuerement"
                    HPOS="161"
                    VPOS="2523"
                    WIDTH="2422"
                    HEIGHT="119"
                    WC="0.997183396057649"></String>
          </TextLine>
          <TextLine ID="eSc_line_354d953f"
                    TAGREFS="LT8"
                    BASELINE="170 2743 2583 2748" 
                    HPOS="168"
                    VPOS="2647"
                    WIDTH="2415"
                    HEIGHT="126">
            <Shape><Polygon POINTS="170 2743 168 2757 189 2771 191 2771 194 2771 308 2773 311 2773 493 2771 496 2771 498 2771 517 2759 624 2773 627 2773 629 2773 657 2762 744 2773 746 2773 1013 2759 1027 2759 1039 2759 1184 2771 1186 2771 1245 2759 1254 2759 1289 2759 1476 2771 1479 2771 1539 2762 1544 2762 1547 2762 1568 2773 1570 2773 1572 2773 1621 2762 1628 2762 2579 2766 2583 2748 2583 2678 2515 2649 2513 2649 2511 2649 2508 2649 2448 2678 2265 2678 2199 2678 2199 2675 2087 2649 2085 2649 2082 2649 2029 2675 1972 2649 1970 2649 1912 2649 1909 2649 1907 2649 1860 2675 1858 2678 1699 2678 1696 2675 1654 2649 1652 2649 1649 2649 1537 2649 1535 2649 1532 2649 1488 2675 1483 2678 1425 2678 1369 2675 1362 2675 1312 2647 1310 2647 1167 2647 1165 2647 1163 2647 1160 2647 1137 2661 1067 2647 1064 2647 1062 2647 1015 2673 1013 2675 737 2675 737 2673 685 2647 683 2647 681 2647 678 2647 676 2647 636 2671 594 2647 592 2647 589 2647 587 2647 535 2661 500 2649 498 2649 496 2649 493 2649 491 2649 461 2668 400 2647 397 2647 395 2647 393 2647 390 2647 351 2673 346 2673 170 2673 170 2743"/></Shape>
	    <String CONTENT="touché de la main de Dieu. Toutesfois l’exemple"
                    HPOS="168"
                    VPOS="2647"
                    WIDTH="2415"
                    HEIGHT="126"
                    WC="0.9990284790595373"></String>
          </TextLine>
          <TextLine ID="eSc_line_cd7f6033"
                    TAGREFS="LT8"
                    BASELINE="170 2876 1979 2874 2572 2888" 
                    HPOS="168"
                    VPOS="2780"
                    WIDTH="2404"
                    HEIGHT="134">
            <Shape><Polygon POINTS="170 2876 168 2886 252 2904 255 2904 348 2893 645 2904 648 2904 903 2895 1027 2890 1078 2897 1191 2911 1193 2914 1291 2914 1291 2911 1294 2911 1317 2900 1336 2890 2047 2890 2192 2895 2216 2909 2218 2911 2221 2911 2223 2911 2225 2911 2258 2909 2387 2897 2431 2911 2434 2911 2436 2911 2438 2914 2569 2914 2572 2888 2572 2813 2473 2783 2471 2783 2469 2783 2466 2783 2396 2811 2309 2811 2237 2783 2235 2783 2232 2783 2047 2811 2045 2811 1968 2811 1916 2783 1914 2783 1834 2783 1832 2783 1830 2783 1778 2811 1696 2783 1694 2783 1500 2783 1497 2783 1495 2783 1420 2811 1418 2813 1081 2813 1078 2811 1046 2799 1043 2799 1041 2799 938 2811 931 2811 877 2783 875 2783 812 2783 809 2783 807 2783 755 2811 751 2813 669 2813 667 2811 620 2783 617 2783 615 2783 613 2783 610 2783 531 2811 526 2811 383 2811 339 2811 280 2780 278 2780 276 2780 273 2780 170 2809 170 2876"/></Shape>
	    <String CONTENT="aduenu de noſtre temps ne doibt eſtre enſepuely,"
                    HPOS="168"
                    VPOS="2780"
                    WIDTH="2404"
                    HEIGHT="134"
                    WC="0.9950553104281425"></String>
          </TextLine>
          <TextLine ID="eSc_line_151d8b5d"
                    TAGREFS="LT8"
                    BASELINE="175 3010 1605 3005 2581 3017" 
                    HPOS="173"
                    VPOS="2916"
                    WIDTH="2408"
                    HEIGHT="129">
            <Shape><Polygon POINTS="175 3010 173 3019 362 3040 365 3040 367 3040 411 3021 416 3021 425 3021 549 3042 552 3042 917 3026 1039 3021 1170 3024 1177 3028 1226 3045 1228 3045 1231 3045 1453 3031 1558 3024 1645 3031 1689 3035 1692 3035 1694 3035 1706 3033 1734 3024 1757 3033 1771 3038 1774 3038 1776 3038 1806 3033 1858 3024 2576 3038 2581 3017 2579 2944 2452 2944 2450 2942 2412 2918 2410 2918 2408 2918 2352 2918 2349 2918 2347 2918 2345 2918 2307 2942 2267 2918 2265 2918 2263 2918 2202 2918 2199 2918 2197 2918 2195 2918 2157 2942 2155 2942 2125 2939 1965 2930 1963 2930 1888 2939 1865 2942 1860 2939 1825 2918 1823 2918 1820 2918 1818 2918 1694 2939 1668 2942 1649 2937 1575 2918 1572 2918 1570 2918 1455 2937 1420 2944 1238 2944 1224 2935 1195 2918 1193 2918 1191 2918 1095 2916 1092 2916 994 2935 964 2942 374 2942 358 2930 332 2916 329 2916 327 2916 325 2916 322 2916 271 2930 269 2930 196 2916 194 2916 191 2916 189 2916 175 2923 175 3010"/></Shape>
	    <String CONTENT="de la magnanimité &amp; grandeur de cœur de Iean"
                    HPOS="173"
                    VPOS="2916"
                    WIDTH="2408"
                    HEIGHT="129"
                    WC="0.9930521064334445"></String>
          </TextLine>
          <TextLine ID="eSc_line_71b9c049"
                    TAGREFS="LT8"
                    BASELINE="175 3138 2583 3143" 
                    HPOS="173"
                    VPOS="3040"
                    WIDTH="2410"
                    HEIGHT="133">
            <Shape><Polygon POINTS="175 3138 173 3150 311 3171 313 3171 315 3171 367 3155 404 3166 407 3166 409 3166 648 3155 697 3171 699 3171 702 3171 807 3157 952 3171 954 3171 957 3171 989 3155 1872 3166 1874 3166 2146 3157 2352 3173 2354 3173 2581 3155 2583 3143 2581 3070 2298 3070 2295 3068 2253 3042 2251 3042 2249 3042 2148 3042 2146 3042 2143 3042 2113 3059 2040 3042 2038 3042 2036 3042 1991 3066 1989 3068 1987 3066 1942 3042 1940 3042 1937 3042 1935 3042 1872 3066 1865 3068 1858 3066 1790 3042 1788 3042 1743 3042 1741 3042 1738 3042 1736 3042 1699 3066 1696 3066 1652 3042 1649 3042 1603 3042 1600 3042 1598 3042 1554 3066 1551 3066 1547 3066 1465 3042 1462 3042 1460 3042 1458 3042 1418 3063 1408 3068 1263 3068 1256 3063 1212 3040 1209 3040 1156 3040 1153 3040 1151 3040 1149 3040 1114 3063 1111 3063 1109 3063 1043 3040 1041 3040 1039 3040 1036 3040 997 3063 987 3068 842 3068 833 3061 793 3040 791 3040 788 3040 786 3040 741 3061 730 3068 533 3068 521 3061 484 3040 482 3040 479 3040 477 3040 435 3059 421 3066 407 3059 355 3040 353 3040 351 3040 269 3059 266 3059 212 3040 210 3040 208 3040 205 3040 175 3054 175 3138"/></Shape>
	    <String CONTENT="de Poltrot, lequel eſmeu du ſeul zele du bien pu¬"
                    HPOS="173"
                    VPOS="3040"
                    WIDTH="2410"
                    HEIGHT="133"
                    WC="0.9991026946476528"></String>
          </TextLine>
          <TextLine ID="eSc_line_ca86a259"
                    TAGREFS="LT8"
                    BASELINE="177 3269 2583 3276" 
                    HPOS="175"
                    VPOS="3173"
                    WIDTH="2408"
                    HEIGHT="134">
            <Shape><Polygon POINTS="177 3269 175 3281 327 3302 329 3304 568 3304 568 3302 571 3302 573 3302 601 3286 819 3297 821 3297 894 3286 896 3286 1565 3286 1568 3288 1591 3302 1593 3302 1596 3302 1598 3302 1692 3288 1696 3288 1701 3288 1781 3307 1783 3307 1785 3307 1848 3290 2024 3290 2075 3290 2078 3290 2108 3307 2111 3307 2113 3307 2181 3290 2253 3290 2295 3290 2298 3290 2333 3307 2335 3307 2338 3307 2340 3307 2370 3295 2511 3304 2513 3304 2581 3290 2583 3276 2581 3208 2427 3208 2422 3206 2368 3180 2366 3180 2202 3180 2199 3180 2197 3180 2160 3201 2150 3206 1888 3197 1724 3192 1722 3192 1720 3192 1713 3194 1687 3204 1671 3194 1645 3178 1642 3178 1640 3178 1638 3178 1558 3190 1472 3178 1469 3178 1467 3178 1444 3190 1429 3199 1280 3204 1254 3192 1252 3192 1249 3192 1191 3199 1170 3187 1156 3178 1153 3178 1151 3178 1149 3178 1097 3185 1081 3187 1055 3185 978 3176 975 3176 973 3176 957 3183 929 3197 877 3183 851 3176 849 3176 847 3176 844 3176 830 3183 788 3204 339 3204 290 3176 287 3176 177 3173 177 3269"/></Shape>
	    <String CONTENT="blic, opprima l’affectateur de la tyrannie, de liurãt:"
                    HPOS="175"
                    VPOS="3173"
                    WIDTH="2408"
                    HEIGHT="134"
                    WC="0.9812298839742487"></String>
          </TextLine>
          <TextLine ID="eSc_line_3eac7e3b"
                    TAGREFS="LT8"
                    BASELINE="175 3398 2588 3405" 
                    HPOS="173"
                    VPOS="3302"
                    WIDTH="2415"
                    HEIGHT="126">
            <Shape><Polygon POINTS="175 3398 173 3412 245 3426 248 3428 2586 3428 2588 3405 2586 3339 2459 3339 2457 3337 2405 3307 2403 3307 2401 3307 2345 3307 2342 3307 2340 3307 2291 3335 2176 3337 2139 3337 2136 3337 2078 3307 2075 3307 2033 3307 2031 3307 2029 3307 1972 3337 1970 3337 1965 3337 1862 3307 1860 3307 1858 3307 1855 3307 1790 3337 1788 3337 1783 3337 1717 3304 1715 3304 1600 3304 1598 3304 1596 3304 1514 3335 1462 3304 1460 3304 1458 3304 1455 3304 1453 3304 1399 3318 1376 3304 1373 3304 1371 3304 1254 3304 1252 3304 1249 3304 1193 3325 1158 3304 1156 3304 1153 3304 1104 3304 1102 3304 1099 3304 997 3335 989 3335 910 3332 844 3332 795 3302 793 3302 791 3302 788 3302 786 3302 690 3332 688 3335 402 3335 397 3332 348 3302 346 3302 344 3302 306 3302 304 3302 301 3302 248 3332 245 3332 175 3332 175 3398"/></Shape>
	    <String CONTENT="noſtre Roy &amp; tous ſes fideles ſubiects du couſteau"
                    HPOS="173"
                    VPOS="3302"
                    WIDTH="2415"
                    HEIGHT="126"
                    WC="0.9852654337882996"></String>
          </TextLine>
          <TextLine ID="eSc_line_2847fefc"
                    TAGREFS="LT8"
                    BASELINE="168 3531 2588 3536" 
                    HPOS="166"
                    VPOS="3445"
                    WIDTH="2422"
                    HEIGHT="112">
            <Shape><Polygon POINTS="168 3531 166 3543 212 3557 215 3557 217 3557 2586 3548 2588 3536 2588 3470 2532 3447 2529 3447 2445 3447 2443 3447 2441 3447 2405 3466 2375 3454 2373 3454 2370 3454 2368 3454 2366 3454 2342 3468 2298 3447 2295 3447 2228 3447 2225 3447 2223 3447 2183 3468 2001 3456 1998 3456 1944 3468 1942 3470 1425 3470 1341 3468 1334 3468 1296 3445 1294 3445 1291 3445 1289 3445 1036 3466 1034 3466 1032 3466 954 3445 952 3445 950 3445 847 3463 781 3445 779 3445 777 3445 695 3459 610 3445 608 3445 606 3445 568 3463 538 3445 535 3445 533 3445 479 3445 477 3445 475 3445 472 3445 439 3466 435 3466 168 3466 168 3531"/></Shape>
	    <String CONTENT="ia traict &amp; leué pour la ruine commune: &amp; telle"
                    HPOS="166"
                    VPOS="3445"
                    WIDTH="2422"
                    HEIGHT="112"
                    WC="0.9977438040077686"></String>
          </TextLine>
          <TextLine ID="eSc_line_1f68e4e7"
                    TAGREFS="LT8"
                    BASELINE="166 3660 2586 3669" 
                    HPOS="163"
                    VPOS="3564"
                    WIDTH="2423"
                    HEIGHT="140">
            <Shape><Polygon POINTS="166 3660 163 3672 222 3688 224 3688 227 3688 353 3683 376 3697 379 3697 381 3697 383 3697 671 3676 674 3676 676 3676 777 3688 779 3688 971 3681 1055 3700 1057 3700 1235 3681 1455 3681 1507 3702 1509 3702 1511 3704 1575 3704 1575 3702 1577 3702 1579 3702 1614 3681 1617 3681 2319 3681 2324 3686 2361 3704 2363 3704 2366 3704 2583 3686 2586 3669 2586 3601 2469 3571 2466 3571 2464 3571 2462 3571 2384 3599 2331 3587 2328 3587 2326 3587 2286 3599 2284 3601 2005 3601 2001 3599 1956 3569 1954 3569 1951 3569 1949 3569 1851 3580 1827 3569 1825 3569 1689 3569 1687 3569 1685 3569 1635 3597 1598 3597 1554 3569 1551 3569 1549 3569 1547 3569 1544 3569 1474 3594 1420 3569 1418 3569 1415 3569 1413 3569 1338 3592 1291 3566 1289 3566 1287 3566 1284 3566 1198 3594 1195 3594 1167 3594 1102 3594 1057 3566 1055 3566 1053 3566 943 3566 940 3566 938 3566 936 3566 903 3587 868 3566 865 3566 863 3566 809 3566 807 3566 805 3566 755 3592 688 3592 683 3592 681 3592 634 3564 631 3564 629 3564 547 3564 545 3564 542 3564 540 3564 493 3592 491 3592 166 3592 166 3660"/></Shape>
	    <String CONTENT="entre priſe euſt eſté parfaicte (c’eſt à dire accomplie"
                    HPOS="163"
                    VPOS="3564"
                    WIDTH="2423"
                    HEIGHT="140"
                    WC="0.9906006403136671"></String>
          </TextLine>
          <TextLine ID="eSc_line_a580f7a0"
                    TAGREFS="LT8"
                    BASELINE="168 3791 2581 3784" 
                    HPOS="166"
                    VPOS="3697"
                    WIDTH="2415"
                    HEIGHT="129">
            <Shape><Polygon POINTS="168 3791 168 3810 791 3824 793 3824 875 3810 968 3826 971 3826 1083 3807 1092 3807 1095 3807 1123 3819 1125 3819 1128 3819 1188 3807 1193 3807 1217 3821 1219 3821 1221 3821 1224 3821 1312 3810 1652 3819 1654 3819 1657 3819 1687 3807 1774 3824 1776 3824 1865 3805 1872 3805 2267 3805 2272 3805 2412 3821 2415 3824 2527 3824 2527 3821 2529 3821 2581 3803 2581 3784 2576 3725 2394 3725 2391 3723 2342 3697 2340 3697 2295 3697 2293 3697 2291 3697 2246 3721 2106 3697 2104 3697 2101 3697 2099 3697 2057 3723 2024 3711 2022 3711 2019 3711 1893 3721 1853 3697 1851 3697 1848 3697 1846 3697 1778 3709 1708 3700 1706 3700 1703 3700 1654 3723 1649 3725 1642 3723 1575 3700 1572 3700 1406 3700 1404 3700 1401 3700 1355 3723 1348 3728 1179 3728 1172 3723 1135 3700 1132 3700 1130 3700 973 3700 971 3700 968 3700 905 3723 889 3728 870 3723 802 3702 800 3702 798 3702 795 3702 716 3723 690 3730 341 3730 327 3721 315 3716 313 3716 311 3716 308 3716 297 3721 292 3725 285 3721 255 3702 252 3702 250 3702 191 3702 189 3702 187 3702 184 3702 166 3714 168 3791"/></Shape>
	    <String CONTENT="de tous nombres) ſi le conſeiller &amp; boutefeu du ty¬"
                    HPOS="166"
                    VPOS="3697"
                    WIDTH="2415"
                    HEIGHT="129"
                    WC="0.9777775325027167"></String>
          </TextLine>
          <TextLine ID="eSc_line_1961d1a2"
                    TAGREFS="LT8"
                    BASELINE="168 3924 2586 3919" 
                    HPOS="166"
                    VPOS="3831"
                    WIDTH="2420"
                    HEIGHT="128">
            <Shape><Polygon POINTS="168 3924 168 3943 362 3959 365 3959 564 3943 582 3943 634 3943 1200 3957 1202 3957 1575 3941 1617 3941 2033 3941 2038 3941 2115 3952 2118 3952 2120 3952 2143 3941 2169 3957 2171 3957 2174 3957 2176 3959 2349 3959 2349 3957 2352 3957 2387 3943 2513 3952 2515 3952 2583 3938 2586 3919 2576 3833 2506 3856 2153 3856 2122 3838 2111 3831 2108 3831 2106 3831 2045 3831 2043 3831 2040 3831 2038 3831 2024 3840 2005 3852 1984 3840 1970 3831 1968 3831 1965 3831 1914 3831 1912 3831 1858 3842 1799 3854 1776 3842 1750 3831 1748 3831 1675 3831 1673 3831 1671 3831 1647 3845 1624 3856 1586 3845 1584 3845 1582 3845 1579 3845 1570 3845 1495 3856 1474 3847 1444 3831 1441 3831 1378 3831 1376 3831 1373 3831 1338 3847 1315 3861 1200 3861 1181 3849 1146 3833 1144 3833 1090 3833 1088 3833 1085 3833 1083 3833 1053 3852 1039 3861 812 3861 802 3854 762 3833 760 3833 631 3833 629 3833 627 3833 599 3849 573 3833 571 3833 568 3833 496 3833 493 3833 491 3833 489 3833 447 3856 208 3849 205 3849 203 3849 166 3861 168 3924"/></Shape>
	    <String CONTENT="ran, euſt eſté au meſme inſtant eſteinct &amp; opprimé"
                    HPOS="166"
                    VPOS="3831"
                    WIDTH="2420"
                    HEIGHT="128"
                    WC="0.9950792640447617"></String>
          </TextLine>
        </TextBlock>
        <TextBlock HPOS="1327.0"
                   VPOS="57.0"
                   WIDTH="194.0"
                   HEIGHT="105.0"
                   ID="block_1"
                   TAGREFS="BT15">
          <Shape><Polygon POINTS="1521 57 1521 162 1327 162 1327 57"/></Shape>
          <TextLine ID="eSc_line_5f706f70"
                    TAGREFS="LT8"
                    BASELINE="1350 132 1500 135" 
                    HPOS="1344"
                    VPOS="59"
                    WIDTH="155"
                    HEIGHT="98">
            <Shape><Polygon POINTS="1484 59 1449 59 1414 59 1379 59 1348 59 1348 129 1344 157 1495 150 1499 133 1495 59 1484 59"/></Shape>
	    <String CONTENT="397"
                    HPOS="1344"
                    VPOS="59"
                    WIDTH="155"
                    HEIGHT="98"
                    WC="0.9999674956003824"></String>
          </TextLine>
        </TextBlock>
        <TextBlock HPOS="2329.0"
                   VPOS="3984.0"
                   WIDTH="295.0"
                   HEIGHT="107.0"
                   ID="eSc_textblock_61af7ec0"
                   TAGREFS="BT17">
          <Shape><Polygon POINTS="2329 3984 2329 4091 2624 4091 2624 3984"/></Shape>
          <TextLine ID="eSc_line_cce6a4b8"
                    TAGREFS="LT8"
                    BASELINE="2352 4048 2609 4050" 
                    HPOS="2345"
                    VPOS="3985"
                    WIDTH="263"
                    HEIGHT="81">
            <Shape><Polygon POINTS="2594 3985 2559 3985 2524 3985 2489 3985 2453 3985 2418 3985 2383 3985 2348 3985 2348 4045 2345 4062 2601 4066 2608 4048 2604 3985 2594 3985"/></Shape>
	    <String CONTENT="auec"
                    HPOS="2345"
                    VPOS="3985"
                    WIDTH="263"
                    HEIGHT="81"
                    WC="0.9999516010284424"></String>
          </TextLine>
        </TextBlock>
        <TextBlock HPOS="1318.0"
                   VPOS="3959.0"
                   WIDTH="609.0"
                   HEIGHT="153.0"
                   ID="eSc_textblock_704d27b8"
                   TAGREFS="BT9">
          <Shape><Polygon POINTS="1927 4112 1927 3959 1318 3959 1318 4112"/></Shape>
        </TextBlock>
      </PrintSpace>
    </Page>
  </Layout>
</alto>
