2977 4210
334.0 140.0 2408.0 166.0 il me ſemble que tout à propos & induſtrieuſemẽt

337.0 273.0 2405.0 155.0 ont vſé les autheurs de telle concluſion: à fin que

334.0 402.0 2404.0 166.0 ſous l’obſcurité d’iceluy & le Prince & le populai¬

329.0 535.0 2411.0 161.0 re fuſſent plus aiſement circonuenuz: & lequel ex¬

346.0 664.0 2403.0 163.0 pliqué, tout leur art ſera deſcouuert: Car combien

337.0 799.0 2412.0 159.0 que ce mot ſoit tenu pour eſtre bonne dictiõ Fran

339.0 926.0 2403.0 163.0 coyſe, toutes-fois elle eſt plus vſitee aux affaires de

341.0 1078.0 2406.0 142.0 guerre, ou d’eſtat, que de la commune negociation

337.0 1199.0 2408.0 155.0 des hommes. Or la locution de capituler n’empor¬

339.0 1328.0 2413.0 154.0 te autre choſe que de tranſiger, contracter, com¬

344.0 1452.0 2408.0 161.0 poſer, negocier, & autres mots de ſemblable ſigni¬

334.0 1583.0 2427.0 159.0 fication: & a pris ſon origine des affaires eſquelles

337.0 1712.0 2424.0 170.0 il y a pluſieurs articles & chapitres, ſur leſquels les

351.0 1852.0 2417.0 159.0 parties accordantes & tranſigeantes enſemble, on

344.0 1988.0 2424.0 156.0 peut veritablement dire qu’elles capitulent, ou

334.0 2114.0 2432.0 157.0 quelles ont capitulé. Or par telle explication il me

337.0 2242.0 2431.0 164.0 ſemble que la verité ou faulſeté de noſtre propoſi¬

337.0 2378.0 2431.0 157.0 tion commence à ſe deſcouurir, connoiſſant, que

337.0 2504.0 2424.0 164.0 toute noſtre diſpute giſt, à ſauoir ſi les pactions,

334.0 2649.0 2439.0 150.0 tranſactions, accords, negociations, & conſequem

334.0 2773.0 2427.0 159.0 ment les capitulations d’entre le Prince & ſes ſub¬

334.0 2907.0 2444.0 145.0 iects doiuent eſtre interdictes, ou ſont nulles: dont

334.0 3035.0 2437.0 159.0 les ſainctes lettres, les hiſtoires prophanes, les loix

337.0 3169.0 2431.0 154.0 Greques & Romaines, bref le droit naturel & des

341.0 3314.0 2427.0 142.0 gẽs nous donẽt certains exẽples & teſmoignages.

339.0 3445.0 2422.0 149.0 Et pour cõmẽcer par celluy qui eſt le plus ancien,

339.0 3583.0 2434.0 140.0 les hommes ſont creez & produits par nature

339.0 3700.0 2434.0 152.0 pour vne cõmune ſocieté & cõuerſation, voire &

337.0 3833.0 2436.0 157.0 dés grans auec les petis, & des riches auec les pau¬

1490.0 39.0 162.0 120.0 356

1333 4074 584 0 Digitzed by Google

2508.0 3983.0 253.0 107.0 ures,
