2977 4210
128.0 177.0 2481.0 129.0 il ſe monſtre ignorant de tout droict naturel & po

131.0 315.0 2487.0 127.0 litic. Car nature a engendré mutuellement les pe¬

140.0 439.0 2474.0 138.0 re & fils l’vn pour l’autre: & eſtabli les grans pour

147.0 577.0 2469.0 136.0 les petis, les puiſſans pour les impuiſſans, les do¬

145.0 706.0 2455.0 140.0 ctes pour les ignorans, les prudẽs pour les ſimples,

138.0 846.0 2471.0 124.0 & reciproquemẽt les vns pour les autres: afin que

133.0 972.0 2467.0 122.0 l'vn conferaſt ſon plus excellent œuure & indu¬

124.0 1103.0 2471.0 134.0 ſtrie, l'autre y apportaſt celle que nature luy a dõ

124.0 1239.0 2476.0 122.0 nee:tout ainſi qu’en vn corps humain le ſens & la

126.0 1361.0 2474.0 131.0 raiſon, la chair & l'eſprit, la teſte & les autres mem

133.0 1499.0 2464.0 126.0 bres: entre leſquels encore qu’il y en ait vn domi¬

124.0 1634.0 2471.0 120.0 nant plus excellent & haut mõté, toutesfois les in¬

114.0 1761.0 2472.0 124.0 ferieurs ne ſont point inutiles ne infructueux aux

112.0 1894.0 2464.0 126.0 ſuperieurs. Car que feroit vne teſte ſans membres?

112.0 2032.0 2467.0 129.0 à qui commanderoit l’eſprit ſans corps? quel cours

102.0 2158.0 2479.0 134.0 auroit la raiſon priuee de ſens? auſsi le Prince ſe¬

102.0 2285.0 2477.0 119.0 roit inutile & manchot ſans ſubiects, & les ſubiects

105.0 2427.0 2464.0 124.0 ſans Prince, les mineurs ſans curateurs, & cõſequẽ

102.0 2558.0 2465.0 122.0 ment de tous les autres. Tellement que ſi les vns

105.0 2694.0 2469.0 119.0 d’entre eux, ou enſemblément tous vouloyẽt meſ

109.0 2820.0 2446.0 129.0 priſer les mutuelles functions à eux attribuees par

105.0 2963.0 2450.0 124.0 nature, ils perdroyent & ruineroyent tout ordre

105.0 3089.0 2448.0 126.0 naturel, & eux-meſmes:comme ſi l'eſprit ne vou¬

107.0 3225.0 2448.0 124.0 loit pas commander à ſon corps, ni s’aider de ſes

112.0 3360.0 2443.0 127.0 organes, & empruntoit des eſtrãgers: le corps meſ

112.0 3487.0 2436.0 128.0 priſoit ſon eſprit, & s’addonnoit au ſeruice d’vn

98.0 3613.0 2443.0 124.0 autre: la teſte ne faiſoit conte de ſes membres, les

88.0 3749.0 2453.0 142.0 membres de leur teſte: la raiſon n’auoit point re¬

93.0 3863.0 2439.0 155.0 gard à ſes ſens, & les laiſſoit à l’abandon, les ſens

1362.0 66.0 158.0 105.0 361

1267 3988 607 116 Digitized by Google

2111.0 4008.0 402.0 131.0 meſpri¬
