2977 4210
1317 65 171 101 305

154 161 2469 133 auſquels à bon droict i’adiouſteray noſtre bon hõ¬

166 301 2457 131 me le Roy Loys xi. qui pour ſon indicible vertu &

168 439 2450 122 clemence a merité le nom de pere du peuple. On

175 568 2443 124 en pourroit adioindre pluſieurs autres de diuerſes

175 711 2446 116 nations, mais ie me contenteray des precedens qui

166 825 2452 117 m’ont ſemblé aſſez illuſtres, & en ſuffiſant nombre

159 963 2457 131 pour embellir noſtre apologie, & donner enuie à

152 1092 2462 133 noſtre Roy d’eſtre quelque iour par ſes actiõs ver¬

147 1227 2469 138 tueuſes couché en leur catalogue:tous leſquels (cõ

140 1358 2471 136 me on pourra voir par leurs hiſtoires) ne dedaigne

140 1499 2462 119 rent oncques de communiquer auecleurs ſubiects,

140 1620 2460 134 & pour ce faire (comme on dict) abaiſſer leurs Sce

149 1747 2446 138 ptres, halebardes & faiſſeaux, c’eſt à dire leur au¬

133 1889 2450 131 ctorité & grandeur, & auec eux tranſiger, compo¬

128 2023 2465 142 ſer, capituler, voire les croire en beaucoup de cho¬

126 2144 2457 138 ſes, & ſe demettre pluſtoſt de leur droict que d’en¬

128 2299 2462 112 trer auec eux en meſcontentement. Au contraire

126 2418 2448 124 qui voudra exactement conſiderer la vie des Rois

119 2551 2457 124 cruels & tyrans, leur inquietude, leur iſſue & renõ

119 2675 2448 136 mee, qu'il liſe l'hiſtoire eſcrite de Roboam & A¬

119 2809 2443 140 chab Roys d’Iſrael, des deux Denys, & d’Agatho

121 2944 2448 136 cle Roys de Syracuſe, d’Alexãdre Pheree, de Pha

117 3073 2436 135 laris, de Tarquin le ſuperbe, de Vitelle, Domitian,

124 3213 2434 131 Commode, Heliogabale, & infinis autres que ie

114 3349 2439 131 ſuperſe deray de nommer, deſquels la vie comme

119 3473 2436 126 elle a eſté licentieuſe, vitieuſe & abandonnee, auſsi

122 3603 2419 140 aelle eſté inquiete & ſans repos, pleine de crain¬

119 3732 2433 144 ctes, de frayeurs & ſoupçons,voire iuſques à ſe def

129 3862 2412 186 ier de leurs femmes & enfans: auſsi la pluſpart ont

2345 3992 196 133 eſté
