2977 4210
407 161 2401 138 vne fois abuſez, quand en preſche public il declai¬

402 301 2411 127 ra que luy & ſon frere tenoyent la confeſsiõ d’Auſ

400 437 2403 131 bourg penſant par ce moyen acquerir vne ado¬

404 556 2404 145 ption de Princes de l’Empire, pource qu’ils eſtoy-

400 689 2408 129 ent ſur le point d’eſtre chaſſez de France: comme

397 818 2411 124 il eſtoit conclu, ſi le feu Roy de Nauarre Antoine

402 949 2404 117 euſt ſçeu garder conſtance & fermeté en ſes delibe

402 1087 2399 131 rations. Mais quoy? (dira noſtre paradoxeur ) par

404 1213 2406 138 ce moyen le Roy ne ſera plus Roy: car il ne com¬

404 1349 2409 133 manderã pas ce qu’il voudra, il ne fera pas tout à

402 1485 2415 119 ſon appetit, il aura des contrediſans, des corre¬

397 1613 2420 129 cteurs, des contrerolleurs, des pedagogues, des tu¬

400 1742 2420 126 teurs & curateurs. Voila les paroles par leſquelles

397 1868 2423 129 les flateurs ont accouſtumé de ſurprendre les ſim¬

402 2002 2418 140 ples, & corrompre les bons Princes: par leſquelles

393 2130 2427 134 ils chatouillent & picquent leur ſenſualité, & les

395 2264 2427 131 eſloignent du droict chemin de raiſon. Mais com¬

395 2397 2434 131 bien que telles ſeditieuſes paroles ayẽt eſmeu plu¬

390 2530 2448 122 ſieurs Rois contre leurs ſubiects, peres contre leurs

388 2663 2439 131 enfans, capit aines contre leurs ſoldats, magiſtrats

388 2794 2443 120 contre leurs iuſticiables, toutes-fois c’eſt lors que

386 2923 2445 131 les ſuperieurs eſloignez de la raiſon ne veulẽt pre¬

383 3054 2448 115 ſter l'oreille aux honeſtes, vertueuſes & veritables

379 3187 2455 124 remonſtrances de leurs inferieurs. Mais ie reſpon à

376 3309 2460 124 noſtre ſeducteur, & luy di que le Roy ne delaiſſera

374 3447 2464 129 d’eſtre Roy pour obeir à la raiſon, & prendre en

372 3576 2464 126 bonne part les remonſtrances & humbles inſiſtan¬

372 3702 2466 143 ces que luy feront ſes ſubiects de bonne ſorte & a¬

374 3840 2467 136 uec la reuerence qu’ils luy doiuent. Et ſe condui¬

1561 46 173 117 386

2579 3973 255 120 ſant
