2977 4210
376 140 2430 154 d’Orleans à leur Duc Loys, qui deſpuis fut Roy

376 290 2423 131 xui. de ce nom, quand ils luy fermerent les portes,

374 411 2432 140 lors qu’il ſe vouloit renfermer en icelle ville, & en¬

379 544 2434 145 treprendre vne guerre iniuſte contre ſon Roy. Ie

383 675 2425 159 penſe que pour la haine inueteree qu’il porte à tel¬

374 797 2436 136 le ville, à cauſe qu'elle eſt funebre à ſa maiſon & à

381 937 2422 148 toutes ſes entrepriſes pernicieuſes, il la feroit vo¬

379 1061 2429 143 lontiers declarer rebelle d'auoir ainſi reſiſté à ſon

376 1192 2437 138 Prince: Toutesfois le Duc eſtant deuenu Roy loüa

393 1335 2420 143 grandement la reſiſtance de tels bõs citoyens, qui

381 1461 2434 138 ne voulurent obeir aux paſsions de leur Prince

381 1590 2432 143 mal conſeillé. Or continuant les actions de nos pre

383 1719 2427 156 deceſſeurs remarqueés par nos hiſtoires, ie luy de¬

383 1850 2430 145 mande encore qui furent les meilleurs ſubiects &

386 1978 2415 162 conſeillers, où ceux leſquels apres la priſe du Roy

388 2112 2422 147 Iean perſuadoyent au Duc de Normandie ſon fils

388 2242 2422 150 aiſné d’aſſembler les eſtats pour pouruoir aux af¬

379 2376 2434 142 faires turbulentes du Royaume, & receuoir de tel¬

383 2500 2432 149 Ie aſſemblee vn bon & ſain conſeil, ſecours & aide

381 2640 2434 147 fauorable pour le recouurement du Roy priſon¬

386 2776 2431 140 nier: ou bien les petis flattereaux & flagorneurs

374 2907 2448 138 qu’il auoit à l'entour de luy qui l’empeſcherent

379 3028 2441 157 de ce faire, diſans, que c’eſtoit preiudicier à ſa grã¬

376 3164 2455 143 deur. L'euenement reſpond à noſtre queſtiõ: c'eſt

376 3295 2444 140 aſſauoir la ſedition aduenue à Paris, en laquelle les

376 3428 2448 141 feditieux l'allerent chercher iuſques en ſa cham¬

376 3562 2451 145 bre, & luy tuerent deux ou trois de ſes fringuere¬

372 3686 2462 133 aux conſeillers de Roboam, en laquelle il euſt eſté

376 3821 2462 162 opprimé ſans le chapperõ de couleur que luy bail

1499 52 221 109 404

2728 3952 115 122 la
