2977 4210
175 177 2443 155 la le Preuost des marchans. Pareillement la sedi¬

177 327 2441 143 tion & esmeute eleuce par tout le Royaume à cau¬

182 470 2439 131 le des impositions & subsides nouue aux impolez

191 587 2427 149 au Royaume, & la guerre suscitee par le Roy de

189 720 2436 143 Nauarre. Voilaque luy seruit de ne vouloir capi¬

180 846 2436 143 tuler auec ses bons & fideles subiects, & ne les vou¬

177 982 2441 135 loir ouyr en leur iustes remonstrances. Toutestois

175 1113 2446 145 la peine qu’il receut de la faute par luy commise le

173 1248 2448 148 rendit plus sage apres la mort de sonpere, par ce

177 1379 2441 152 qu’il n’y eut oncques Roy ny precedent ny subse¬

180 1513 2441 135 quent qui plus se soumist à conseil pour la directiõ

180 1641 2438 141 de ses affaires, dont depuis il acquist le nom de sa¬

189 1772 2420 138 ge. Et à l'imit ation des derniers traicts de sa vie,

184 1901 2432 147 les Ducs d’Anjou, de Bourgoigne, & de Bourbon

182 2039 2441 133 nois ses freres, apres sa mort ne se voulurent entre

177 2172 2444 122 mettre de la tutelle de leur neueu Charles vi, ni en¬

182 2303 2434 134 treprendre, l’administration du Royaume sans l’a¬

180 2437 2441 131 uis des estats: comme pareillement apres l’aliena¬

177 2568 2439 135 tionfortuite de sens d’iceluy Roy estant maieur,

177 2701 2446 133 ils ne voulurent s’entremesser d’aucun gouuerne¬

175 2830 2446 126 ment sans le semblable aduis & conuocation des

177 2958 2453 148 estats. Que pleust à Dieu que telle regle eust serui

175 3099 2457 131 aux successeurs, & principalement à nous: & qu’on

177 3225 2451 135 se fust gouuerné selon les humbles requestes & re¬

170 3358 2469 136 monstrauces des estats tenus à Orleans:ce Royau¬

170 3496 2479 122 me ne seroit en l'extreme miere en laquelle on le

180 3625 2469 126 voit à present. Toutesfois telle remonstrance sera

184 3763 2470 128 gardee pour vn autre lieu plus à propos. Mais puis

1263 95 181 115 405

182 3891 2462 127 que par la seule lecture de nos histoires nous pou¬

2139 4034 238 101 c iii
