2977 4210
346 205 2434 124 à l’imitation de ceux dont elles ſont procedantes?

341 336 2430 136 Et pour cé regard il eſt expedient que mon Roy,

337 465 2445 129 la Royne ſa mere, & Meſsieurs ſes freres, entendẽt

341 601 2441 121 quels effects ont ordinairement telles perſuaſions

334 734 2441 122 licencieuſes des flateurs, & quelles recompẽſes el¬

334 870 2439 126 les apportent à ceux qui les reçoyuent. Cambiſe

334 994 2434 126 Roy de Perſe dedié à toute impudicité, eut enuie

329 1122 2432 131 d’eſpouſer ſa ſeur, il en demanda conſeil à quel¬

334 1265 2427 126 ques adulateurs, qui luy dirẽt que tout ce qui ſem¬

327 1384 2437 129 bloit bon à vn Roy de Perſe, il luy eſtoit licite. Ca

318 1517 2441 131 racalle Empereur de Rome ſut induict par façons

311 1646 2448 131 impudiques de Iulie ſa maraſtre de l'eſpouſer: la¬

308 1784 2451 129 quelle pour corrõpre ſa ieuneſſe, non encores de¬

311 1915 2446 136 ploree, luy perſuada que tout ce-qui luy plaiſoit

294 2039 2455 129 eſtoit licite, comme eſtant Monarque. Pareille li¬

294 2179 2455 127 cence fut engrauee en l’eſprit de Neron, apres les

290 2303 2448 129 cinq ans eſquels il auoit aſſez bien faict ſon deuoir.

292 2432 2441 129 Chaſcun d’eux vſant du conſeil licencieux qui luy

283 2568 2450 131 eſtoit donné, non ſeulement l’employa aux choſes

280 2703 2453 127 conſeillees, mais les deux premiers mirent à mort

276 2830 2452 114 leur frere, & le dernier ſa mere: & finablement eux

276 2965 2443 122 pour leurs demerites finirent miſerablement leurs

266 3103 2446 117 iours. Tous les hommes vertueux prieront tou¬

262 3215 2434 148 ſiours Dieu, que pluſtoſt il les oſte de ce monde,

266 3353 2441 138 qu’ils ſoyent contraincts de voir en ce Royaume

269 3487 2438 140 vne ſi effrénee peſte & licence, que noſtre Roy ou¬

255 3608 2459 148 blié la charité qu’il doibt à la Royne ſa mere, Meſ

245 3746 2462 143 ſieurs ſes freres & ſon peuple. Les flagorneurs ont

241 3880 2459 184 le ſtyle aſſez coulant, pour perſuader aux Princes

1453 112 189 103 392

2459 4036 225 136 que
