2977 4210
208 123 2446 120 ſant autrement, il ne feroit ofiice de Roy, mais de

212 259 2456 129 tyran:car celuy eſt Roy qui regit & adminiſtre ſon

222 390 2439 131 Royaume auec regle prudence & conſeil, qui ne ſe

227 521 2429 122 croit ſoymeſine, n’obeit à ſes ſenſualitez, mais mo

238 650 2416 117 dere toutes choſes ſelon la raiſon: au contraire le

227 783 2427 131 tyran eſt celuy qui meſpriſe le conſeil, qui ne croit

215 912 2439 135 qu’à luymeſme, obeiſſant à ſon appetit, & reiectãt

205 1047 2434 117 en arriere toute raiſon. S’il veut de Roy deuenir

203 1176 2434 131 tyrã, c’eſt l’intereſt des ſubiects, qui ont droict d’y

198 1314 2444 119 contredire, & par tous moyens s’eſſayer de main¬

201 1445 2443 122 tenir leur Prince en Roy & non en tyran, & pro¬

203 1581 2436 124 curer enuers luy qu’il ſoit accompagné d’vn bon

205 1705 2432 112 conſeil, moderant toutes ſes actions, le reduiſant

212 1836 2423 126 au cerne de la raiſon, & chaſſant d’autour de luy

203 1967 2432 135 tels flateurs que noſtre paradoxeur. Car pendant

201 2107 2429 117 que les hommes ſont enſeuelis en ce corps mor¬

194 2231 2438 140 tel, de quelque qualité & condition qu’ils puiſ¬

191 2362 2439 114 ſent eſtre, ils ſont ſubiects à erreur, & s’ils contem¬

189 2502 2441 122 nent eſtre diſciplinables, voire aux iuſtes remon¬

187 2633 2441 122 ſtrances de leurs inferieurs, ils tombent en vn pre¬

187 2766 2441 124 cipice, duquelils ne pourront iamais ſe releuer. Or

184 2893 2444 131 eſt il beſoing que ie conuainque noſtre ſeditieux

189 3028 2439 129 par exemples & interrogatoires, deſquels il ne ſe

187 3152 2434 141 pourra deſuelopper. Ie luy demande, ſi vn Roy

187 3279 2436 126 Chreſtien eſtoit tombé en Iudaiſme, Mahume¬

180 3410 2441 138 tiſme, ou Atheiſme, & qu’il vouluſt par Edict cõ¬

173 3545 2443 131 mander à tout ſon peuple de ſuiure ſa ſecte, ſeroit¬

173 3672 2443 135 il neceſſaire d’y obeir? Ileſt aſſez renard pour con¬

170 3810 2444 152 niller, comme fit Bloſſe à l’interrogatoire qu’on

1390 11 152 108 387

2066 3931 218 110 b ii
