2977 4210
447 149 2354 122 Maieſté, il failloit accabler & ruiner les habitans

444 285 2371 131 de ſes Duchez, Comtez, Prouinces, & villes qui re

444 423 2378 131 ſiſtoyent à vn appoinctement iuré par leurs Prin¬

447 551 2382 122 ces. Et toutesfois y a-il aucun de ſaine conſcience

442 689 2392 124 qui ne loüe & n’approuue grandement le zele &

437 806 2390 127 les actions de ſi bons & fideles ſeruiteurs, quifran¬

442 937 2382 134 chement ont reſiſté à leurs Princes, ſe ſont oppo¬

442 1075 2385 124 ſez aux ſurpriſes qu’on luy auoit faictes, ont re¬

439 1206 2397 120 mis entre ſes bras des plus beaux fleurons de ſa

442 1337 2392 127 couronne. Et le Roy Loys vnzieme qui a excedé

439 1468 2392 120 tous les autres en aſtuce & fineſſe ayant entendu

437 1599 2387 122 telle façon de faire, meſme de ceux de la Guyenne,

435 1726 2403 124 ſuſcit a les habitans des villes outre la ſomme qu’il

435 1861 2396 127 auoit baillee au Duc de Bourgoigne pour fairé le

435 1990 2394 129 ſemblable que les Guyennois. Auſsi luy veux-ie

437 2126 2394 105 demãder, & à tous lecteurs & auditeurs de ceſte di

432 2252 2397 131 ſpute, lelquels ſont plus louables, ou les ſubiects

435 2388 2399 121 deſquels nous auons ra parlé, qui reſiſterent à la vo

428 2516 2408 122 lonté de leurs Roys: & empeſcherent l’alienation

428 2645 2410 121 de partie de ſon Royaume: où bien les ſubiects de

430 2771 2413 138 Charles le ſimple, leſquels conſentirẽt à la reſigna¬

425 2907 2418 126 tion qu’il auoit faicté par force de ſon Rovaume à

418 3038 2425 131 Raoul Duc de Bourgoigne? Et pareillemẽt la No¬

414 3162 2424 135 bleſſe & les ſubiects de Childeric' qui perinirent

414 3297 2436 129 que leur Roy fuſt honteuſement tondu & mis en

416 3428 2434 127 vri monaſtere, & proditorremẽt deſpouillé de ſon

407 3564 2443 126 Royaume par vn de ſes ſubiects? Ie ne me veux pas

402 3693 2450 124 fiei a ce que me reſpondra noſtre flateur en ceſte

409 3826 2446 131 queſtion, veule ſotpçon auquel il nous a mis de

1562 63 179 91 402

2412 3964 440 138 I'v ſurpa
