2977 4210
131.0 137.0 2476.0 134.0 iects:luy faiſans perdre toutes les functions ciuiles

142.0 280.0 2469.0 119.0 & naturelles que nous auons cy deſſus recitees: &

147.0 409.0 2467.0 117.0 finablement voulans rompre l’enchainement &

147.0 533.0 2462.0 135.0 liayſon de la ſocieté publique: qui me ſemblent rai

149.0 671.0 2460.0 126.0 ſons ſuffiſantes pour conuaincre la temerité du pa

147.0 806.0 2453.0 122.0 radoxeur, qui a voulu ſemer en public vne tant i¬

138.0 937.0 2455.0 131.0 nepte propoſition. Toutes-fois ie preoccuperay

128.0 1068.0 2465.0 129.0 ſa reſponce ou interpretatiõ qu’il pourra faire ſur

126.0 1192.0 2469.0 129.0 icelle, qui doit eſtre telle qu’il n’entend interdi¬

128.0 1333.0 2465.0 121.0 re la capitulation aux ſubiects auec leur Prince, ſi¬

124.0 1461.0 2462.0 124.0 non aux affaires qui concernent ſon eſtat & autho

119.0 1583.0 2469.0 136.0 rité, ſur leſquelles le ſubiect ne ſe doit meſler, entre

124.0 1733.0 2459.0 119.0 prendre, ny capituler auec ſon Prince: mais en icel¬

114.0 1850.0 2465.0 119.0 le le laiſſer faire à ſon deſir & volonté, ſans contre¬

105.0 1985.0 2474.0 136.0 dict, & y obeyr purement & ſimplement, ſans au¬

102.0 2119.0 2486.0 123.0 cune reſiſtence ne connoiſſance de cauſe. Or ie dy

93.0 2254.0 2481.0 131.0 que la propoſition ainſi interpretee eſt encores

95.0 2388.0 2479.0 130.0 plus impertinente & intollerable que quand elle

91.0 2518.0 2481.0 131.0 eſtoit ſimplement couchee: puis que par icelle tel

95.0 2654.0 2470.0 124.0 flateur & ambitieux veut corrompre le iugement

91.0 2776.0 2467.0 140.0 & la complexion d’vn bon Prince, par vne licen¬

88.0 2907.0 2470.0 135.0 tieuſe puiſſance, luy faiſant ſecoüer le ioug de tou¬

81.0 3040.0 2467.0 133.0 te raiſon, & frãchir les limites de vertu: à quoy les

87.0 3168.0 2465.0 122.0 iuſtes Princes ne conſentiront iamais. Et pour deſ

84.0 3307.0 2469.0 133.0 couurir le fart de telle reſponce, ou le poiſon qui

86.0 3431.0 2448.0 121.0 eſt caché ſous icelle, il ſera bon de definir la dictiõ

91.0 3566.0 2441.0 152.0 de Roy, & rechercher l’origine & introductiõ des

87.0 3701.0 2440.0 130.0 Roys: tout ainſi que des le commencement nous

77.0 3831.0 2440.0 140.0 auons expliqué ce mot de capituler: & par ice¬

1336.0 21.0 175.0 121.0 363

2338.0 3957.0 166.0 136.0 luy
