2977 4210
145 198 2487 124 ſa felicité en ceſte vie mortelle & malheureuſe, &

152 334 2483 136 eſtant plus laſche & couard qu’vne poule mouil¬

163 470 2465 107 lee: teſmoin la iournee de ſon entree de Paris en ar

180 603 2455 129 mes. Mais il reſpondra que tous tels exemples ſont

187 734 2443 133 pleins d’iniquitez euidentes que les Roys ne doi¬

177 874 2460 124 uent point vouloir, & qui ne peuuent entrer en la

182 998 2455 127 volonté d’vn Roy. Ie conſentiray au premier arti¬

170 1132 2469 128 cle de ſa reſponſe, que les Rois ne doinent point

184 1272 2453 112 vouloir les choſes iniques, & que toutes leuirs vo¬

177 1391 2460 124 lontez doiuent eſtre guidees par conſeil, & que les

189 1527 2450 114 ſubiects doiuent reſiſter aux iniques: mais qu’elles

194 1648 2431 141 ne puiſſent tomber en la volonté d’vug Roy,

203 1786 2439 122 c’eſt vanité de le dire, & conuaincray noſtre

205 1920 2432 121 flatteur par hiſtoires certaines. Car Herodes

205 2048 2439 131 eſtant malade fit prendre tous les Seigneurs de

203 2179 2439 138 ſon pays, & enioignit à ſes domeſtiques qu’ils

201 2313 2422 126 fuſſent tous mis à mort le iour de ſon trelpasl,

212 2448 2439 129 pour ce ſeul appetit deſordonné d’introduire vn

210 2579 2446 129 dueil vniuerſel de tout le pays par ſa mort. La

212 2703 2444 134 Royne Ieſabel commanda qu’on tuaſt tous les Mi

212 2832 2444 133 niſtres de la parole de Dieu: Le Senat de Rome fit

217 2970 2437 129 tout à vn iour piller ſoixante & dix villes de l’Em¬

219 3103 2442 141 pire, & prendre cent ſoixante & dix mille perſon¬

222 3251 2434 119 nes priſonnieres, ſans auoir guerre contre eux,

227 3368 2438 133 pour ſeulement, enrichir l’armee de Paul Aemyle:

224 3489 2446 152 Philippe Roy de Macedoine fit de froit ſang rui¬

224 3622 2453 134 ner Thebes, & tuer vne infinité de notables citoy-

231 3756 2451 145 ens, qui de bonne foy s’eſtoyent rendus à luy: Au¬

231 3884 2444 185 tant en fit Sylla Dictateur de quelques legions

1385 95 147 117 389

2010 4022 297 110 b i1i
