2977 4210
327.0 198.0 2422.0 120.0 monſtra furieuſement offenſé des opiniõs qui cou

329.0 322.0 2423.0 136.0 royent au Parlement de Paris au temps de la Mer¬

329.0 458.0 2425.0 126.0 curiale qu’il faiſou tenit pour la punition des fide

329.0 582.0 2425.0 133.0 les & euangeliſtes: & perſuada au Roy d’aſsiſter à

325.0 727.0 2424.0 117.0 la concluſion, pour int eruertir la reſolution qu’on

332.0 853.0 2403.0 134.0 voyoit à l’œil s’en deuoir enſuiure contre ſon en¬

318.0 977.0 2410.0 133.0 trepriſe Or ne peuſt-il eſtõner ou faire flechir par

315.0 1110.0 2411.0 136.0 la preſence dn Roy & ſienne l’integrité des iuges:

315.0 1246.0 2418.0 122.0 mais par deſpit, contre toute raiſon & iuſtice, fut

315.0 1382.0 2425.0 114.0 cauſe de faire iecter & trainer tyranniquement en

315.0 1499.0 2423.0 133.0 priſon pluſieurs bons & notables Cõſeillers, & en¬

311.0 1630.0 2413.0 131.0 tre autres Fumee, de Foix, du Bourg, & du Faur,

301.0 1763.0 2437.0 133.0 leſquels ſans autre figure de procez il conſeilloit

304.0 1899.0 2431.0 126.0 de faire executer promptemẽt à mort, ſous ce ſeul

313.0 2037.0 2415.0 126.0 pretexte qu’ils auoyent librement opiné en pre¬

297.0 2165.0 2429.0 106.0 ſence du Roy contre ſon intention: afin de donner

299.0 2296.0 2420.0 120.0 vne terreur perpetuelle à tous autres à l’aduenir.

297.0 2423.0 2420.0 131.0 Et coinbien que tel aduis fuſt rabbatu par gens

294.0 2556.0 2420.0 131.0 plus temperez, toutesfois bien toſt apres tels pri¬

287.0 2689.0 2432.0 120.0 ſonniers furent condamnez en diuerſes peines de

287.0 2820.0 2425.0 127.0 banniſſement & priuation d’offices par iuges apo

278.0 2947.0 2427.0 128.0 ſtez: & le pauure Bourg à ſouffrir mort par le feu:

280.0 3075.0 2416.0 131.0 ce qu’il fit auec telle conſtance & grace de Dieu,

278.0 3206.0 2427.0 136.0 que le feu de ſon corps enflamba en l’eſprit de plu

271.0 3342.0 2429.0 133.0 ſieurs ignorans! la lumiere euangelique: laquelle

271.0 3470.0 2429.0 131.0 s’eſt touſiours depuis augmentee à veue d’œil à la

271.0 3606.0 2413.0 122.0 grande confuſion des ennemis de Dieu: cõme pa¬

257.0 3732.0 2432.0 136.0 reillement toutes les guerres que ſuſcite ce public

257.0 3875.0 2415.0 124.0 ennemy contre les fideles pour les exterminer, en¬

1525.0 91.0 143.0 107.0 370

2277.0 4004.0 398.0 105.0 lantent
