<?xml version="1.0" encoding="UTF-8"?>
<alto xmlns:xsi="http://www.w3.org/2001/XMLSchema-instance"
      xmlns="http://www.loc.gov/standards/alto/ns-v4#"
      xsi:schemaLocation="http://www.loc.gov/standards/alto/ns-v4# http://www.loc.gov/standards/alto/v4/alto-4-2.xsd">
  <Description>
    <MeasurementUnit>pixel</MeasurementUnit>
    <sourceImageInformation>
      <fileName>page_00024.png</fileName>
      <fileIdentifier>mets//Question_Politique.zip/page_00024.png</fileIdentifier>
    </sourceImageInformation>
  </Description>
  <Tags>
    <OtherTag ID="BT7" LABEL="CustomZone" DESCRIPTION="block type CustomZone"/><OtherTag ID="BT8" LABEL="DamageZone" DESCRIPTION="block type DamageZone"/><OtherTag ID="BT9" LABEL="DigitizationArtefactZone" DESCRIPTION="block type DigitizationArtefactZone"/><OtherTag ID="BT10" LABEL="DropCapitalZone" DESCRIPTION="block type DropCapitalZone"/><OtherTag ID="BT11" LABEL="GraphicZone" DESCRIPTION="block type GraphicZone"/><OtherTag ID="BT12" LABEL="MainZone" DESCRIPTION="block type MainZone"/><OtherTag ID="BT13" LABEL="MarginTextZone" DESCRIPTION="block type MarginTextZone"/><OtherTag ID="BT14" LABEL="MusicZone" DESCRIPTION="block type MusicZone"/><OtherTag ID="BT15" LABEL="NumberingZone" DESCRIPTION="block type NumberingZone"/><OtherTag ID="BT17" LABEL="QuireMarksZone" DESCRIPTION="block type QuireMarksZone"/><OtherTag ID="BT18" LABEL="RunningTitleZone" DESCRIPTION="block type RunningTitleZone"/><OtherTag ID="BT19" LABEL="SealZone" DESCRIPTION="block type SealZone"/><OtherTag ID="BT20" LABEL="StampZone" DESCRIPTION="block type StampZone"/><OtherTag ID="BT21" LABEL="TableZone" DESCRIPTION="block type TableZone"/><OtherTag ID="BT22" LABEL="TitlePageZone" DESCRIPTION="block type TitlePageZone"/><OtherTag ID="BT100001" LABEL="MainZone-Head" DESCRIPTION="block type MainZone-Head"/><OtherTag ID="BT100005" LABEL="MainZone-P" DESCRIPTION="block type MainZone-P"/><OtherTag ID="BT100006" LABEL="MainZone-Continued" DESCRIPTION="block type MainZone-Continued"/>
    <OtherTag ID="LT7" LABEL="CustomLine" DESCRIPTION="line type CustomLine"/><OtherTag ID="LT8" LABEL="DefaultLine" DESCRIPTION="line type DefaultLine"/><OtherTag ID="LT9" LABEL="DropCapitalLine" DESCRIPTION="line type DropCapitalLine"/><OtherTag ID="LT10" LABEL="HeadingLine" DESCRIPTION="line type HeadingLine"/><OtherTag ID="LT11" LABEL="InterlinearLine" DESCRIPTION="line type InterlinearLine"/><OtherTag ID="LT12" LABEL="MusicLine" DESCRIPTION="line type MusicLine"/><OtherTag ID="LT768" LABEL="default" DESCRIPTION="line type default"/>
  </Tags>
  <Layout>
    <Page WIDTH="2977"
          HEIGHT="4210"
          PHYSICAL_IMG_NR="23"
          ID="eSc_dummypage_">
      <PrintSpace HPOS="0"
                  VPOS="0"
                  WIDTH="2977"
                  HEIGHT="4210">
        <TextBlock HPOS="274.0"
                   VPOS="191.0"
                   WIDTH="2666.0"
                   HEIGHT="3811.0"
                   ID="eSc_textblock_f826b86f"
                   TAGREFS="BT100006">
          <Shape><Polygon POINTS="2940 3970 2873 191 274 225 337 4002"/></Shape>
          <TextLine ID="eSc_line_cda3c02d"
                    TAGREFS="LT8"
                    BASELINE="369 273 2766 280" 
                    HPOS="367.0"
                    VPOS="187.0"
                    WIDTH="2399.0"
                    HEIGHT="128.0">
            <Shape><Polygon POINTS="369 273 367 308 468 311 470 311 472 311 477 308 503 294 741 306 744 306 746 306 844 290 968 290 997 306 1008 311 1011 311 1013 311 1015 311 1032 306 1078 290 1198 294 1212 304 1226 313 1228 313 1231 313 1233 315 1324 315 1324 313 1327 313 1348 304 1369 292 1659 292 1675 301 1701 313 1703 313 1706 315 1785 315 1785 313 1788 313 1825 299 1846 292 1961 292 1972 299 1982 306 1984 306 1987 306 1989 306 1991 306 2008 299 2017 294 2066 299 2162 306 2164 306 2214 297 2232 294 2249 297 2302 306 2305 306 2764 292 2766 280 2764 208 2604 189 2602 189 2600 189 2597 189 2569 208 2553 217 2490 217 2436 215 2424 208 2394 189 2391 189 2389 189 2298 189 2295 189 2293 189 2253 208 2239 212 2204 208 2162 201 2160 201 2071 208 1970 215 1956 208 1928 194 1926 194 1923 194 1729 208 1654 212 1638 208 1577 187 1575 187 1399 187 1397 187 1394 187 1327 205 1277 187 1275 187 1202 187 1200 187 1099 208 1085 212 1013 212 1006 208 980 194 978 194 975 194 821 208 793 210 369 210 369 273"/></Shape>
	    <String CONTENT="gouuerneurs, auſquels il ne peut contredire. Au"
                    HPOS="367.0"
                    VPOS="187.0"
                    WIDTH="2399.0"
                    HEIGHT="128.0"
                    WC="0.9903330688780927"></String>
          </TextLine>
          <TextLine ID="eSc_line_8c2e17b7"
                    TAGREFS="LT8"
                    BASELINE="362 409 1743 404 2768 413" 
                    HPOS="360.0"
                    VPOS="318.0"
                    WIDTH="2408.0"
                    HEIGHT="131.0">
            <Shape><Polygon POINTS="362 409 360 421 559 446 561 446 734 425 840 425 891 446 894 446 896 449 971 449 971 446 973 446 975 446 1011 425 1055 446 1057 446 1060 449 1121 449 1121 446 1123 446 1125 446 1160 425 1163 425 1568 425 1575 428 1638 446 1640 446 1642 449 1722 449 1722 446 1724 446 1727 446 1757 428 1762 425 1764 428 1802 446 1804 446 1806 449 1895 449 1895 446 1898 446 1942 428 1951 425 2122 425 2129 428 2164 446 2167 446 2169 449 2260 449 2260 446 2263 446 2265 446 2293 430 2302 425 2541 428 2546 430 2574 446 2576 446 2579 446 2581 446 2623 430 2639 425 2764 430 2768 413 2768 343 2721 318 2719 318 2668 318 2665 318 2663 318 2661 318 2618 343 2473 343 2431 318 2429 318 2427 318 2370 318 2368 318 2366 318 2314 343 2176 343 2134 318 2132 318 2129 318 2080 318 2078 318 2075 318 2073 318 2036 341 1914 341 1909 343 1610 343 1607 341 1568 318 1565 318 1563 318 1439 318 1437 318 1434 318 1394 336 1357 318 1355 318 1177 318 1174 318 1172 318 1111 339 912 329 910 329 908 329 884 341 882 341 844 318 842 318 840 318 788 318 786 318 784 318 781 318 744 341 739 341 362 341 362 409"/></Shape>
	    <String CONTENT="moyen dequoy il ſemble que pour le preſent, &amp;"
                    HPOS="360.0"
                    VPOS="318.0"
                    WIDTH="2408.0"
                    HEIGHT="131.0"
                    WC="0.9889610118336147"></String>
          </TextLine>
          <TextLine ID="eSc_line_3317a53f"
                    TAGREFS="LT8"
                    BASELINE="376 542 2771 537" 
                    HPOS="374.0"
                    VPOS="446.0"
                    WIDTH="2397.0"
                    HEIGHT="129.0">
            <Shape><Polygon POINTS="376 542 376 575 503 556 786 556 814 573 816 573 819 573 821 575 922 575 922 573 924 573 931 570 961 556 1439 556 1455 566 1472 573 1474 573 1476 575 1551 575 1551 573 1554 573 1584 563 1619 554 1778 554 1804 561 1834 570 1837 570 1839 570 1921 561 1975 554 2045 558 2192 570 2195 570 2401 556 2403 556 2405 556 2742 566 2745 566 2747 566 2749 566 2771 551 2771 537 2766 474 2642 474 2593 446 2590 446 2588 446 2586 446 2520 474 2167 474 2122 446 2120 446 2118 446 2045 446 2043 446 2040 446 2038 446 2005 467 1970 446 1968 446 1965 446 1909 446 1907 446 1905 446 1858 472 1554 463 1551 463 1495 474 1429 449 1427 449 1327 449 1324 449 1322 449 1270 477 1217 477 1172 449 1170 449 1167 449 1027 449 1025 449 1022 449 985 467 779 463 777 463 774 463 737 474 690 449 688 449 636 449 634 449 631 449 582 472 528 463 526 463 374 477 376 542"/></Shape>
	    <String CONTENT="pour le regard de ce Royaume, fruſtratoiremẽt ie"
                    HPOS="374.0"
                    VPOS="446.0"
                    WIDTH="2397.0"
                    HEIGHT="129.0"
                    WC="0.9917932359539733"></String>
          </TextLine>
          <TextLine ID="eSc_line_f0f6b6bf"
                    TAGREFS="LT8"
                    BASELINE="372 668 2785 664" 
                    HPOS="369.0"
                    VPOS="575.0"
                    WIDTH="2416.0"
                    HEIGHT="136.0">
            <Shape><Polygon POINTS="372 668 372 685 580 708 582 708 585 708 645 685 650 685 753 685 762 685 919 708 922 708 924 708 978 685 980 685 1240 685 1287 708 1289 708 1291 711 1371 711 1371 708 1373 708 1425 685 1465 708 1467 708 1469 708 1472 711 1544 711 1544 708 1547 708 1607 682 1612 682 1774 682 1818 682 1888 706 1891 706 1893 706 1895 706 1977 682 1982 682 1987 682 2057 696 2059 696 2118 689 2143 706 2146 706 2148 706 2150 706 2319 689 2663 704 2665 704 2782 680 2785 664 2780 605 2529 605 2473 575 2471 575 2469 575 2466 575 2366 603 2319 575 2317 575 2314 575 2225 575 2223 575 2221 575 2218 575 2169 605 2132 605 2082 575 2080 575 2078 575 2075 575 2073 575 2047 587 1956 575 1954 575 1951 575 1949 575 1900 605 1771 605 1701 575 1699 575 1626 575 1624 575 1621 575 1568 605 1565 605 1549 605 1413 594 1411 594 1254 605 1240 605 1238 605 1212 591 1209 591 1207 591 1153 598 1114 577 1111 577 1053 577 1050 577 1048 577 997 603 908 594 905 594 903 594 863 605 812 577 809 577 807 577 697 601 669 589 667 589 664 589 613 598 559 577 557 577 411 577 409 577 407 577 404 577 369 598 372 668"/></Shape>
	    <String CONTENT="diſpute la preſente propoſition, Si les ſubiects peu¬"
                    HPOS="369.0"
                    VPOS="575.0"
                    WIDTH="2416.0"
                    HEIGHT="136.0"
                    WC="0.9895154361454945"></String>
          </TextLine>
          <TextLine ID="eSc_line_bca3d225"
                    TAGREFS="LT8"
                    BASELINE="374 802 2771 797" 
                    HPOS="372.0"
                    VPOS="713.0"
                    WIDTH="2399.0"
                    HEIGHT="129.0">
            <Shape><Polygon POINTS="374 802 374 816 599 816 610 818 681 839 683 839 685 842 772 842 772 839 774 839 828 820 840 816 940 820 1090 827 1092 827 1291 823 1537 816 1554 823 1579 837 1582 837 1584 837 1659 825 1727 813 1806 825 1825 827 1827 827 1858 825 1921 820 1935 825 1958 837 1961 837 1963 837 2047 827 2087 823 2190 823 2202 827 2216 837 2218 837 2221 837 2223 839 2331 839 2331 837 2333 837 2335 837 2347 827 2361 820 2377 830 2384 832 2387 832 2389 832 2391 832 2398 830 2412 820 2427 830 2431 832 2434 832 2436 832 2438 832 2459 830 2511 820 2529 830 2537 832 2539 832 2541 832 2768 830 2771 797 2764 729 2647 734 2637 729 2611 713 2609 713 2607 713 2532 713 2529 713 2527 713 2492 729 2427 713 2424 713 2422 713 2419 713 2384 729 2370 739 1972 739 1923 736 1919 734 1886 713 1884 713 1881 713 1792 713 1790 713 1788 713 1785 713 1750 734 1743 739 1668 739 1657 734 1575 713 1572 713 1570 713 1497 715 1495 715 1493 715 1465 734 1364 734 1282 715 1280 715 1277 715 1231 736 1226 741 1046 741 1036 739 905 715 903 715 779 739 739 725 737 725 734 725 599 739 568 725 566 725 564 725 372 741 374 802"/></Shape>
	    <String CONTENT="uent capituler auec leur Roy. Car puis que le Roy"
                    HPOS="372.0"
                    VPOS="713.0"
                    WIDTH="2399.0"
                    HEIGHT="129.0"
                    WC="0.9932053149962912"></String>
          </TextLine>
          <TextLine ID="eSc_line_246505d5"
                    TAGREFS="LT8"
                    BASELINE="374 933 2780 933" 
                    HPOS="374.0"
                    VPOS="844.0"
                    WIDTH="2406.0"
                    HEIGHT="121.0">
            <Shape><Polygon POINTS="374 933 374 947 847 961 849 961 1004 951 1104 963 1107 963 1214 949 1376 949 1401 963 1404 963 1406 963 1408 965 1495 965 1495 963 1497 963 1500 963 1525 949 1958 961 1961 961 2024 949 2370 961 2373 961 2375 961 2401 949 2520 963 2522 963 2780 947 2780 933 2780 870 2539 870 2487 844 2485 844 2405 844 2403 844 2401 844 2368 860 2305 844 2302 844 2300 844 2298 844 2295 844 2253 870 2026 870 1987 844 1984 844 1982 844 1853 844 1851 844 1848 844 1783 870 1432 870 1366 844 1364 844 1167 844 1165 844 1163 844 1160 844 1118 870 725 870 683 844 681 844 678 844 613 844 610 844 608 844 547 867 470 853 468 853 374 867 374 933"/></Shape>
	    <String CONTENT="n’ordonne rien, le Roy ne conſulte rien le Roy ne"
                    HPOS="374.0"
                    VPOS="844.0"
                    WIDTH="2406.0"
                    HEIGHT="121.0"
                    WC="0.9914096411393614"></String>
          </TextLine>
          <TextLine ID="eSc_line_733df910"
                    TAGREFS="LT8"
                    BASELINE="379 1064 2778 1057" 
                    HPOS="376.0"
                    VPOS="968.0"
                    WIDTH="2402.0"
                    HEIGHT="128.0">
            <Shape><Polygon POINTS="379 1064 379 1085 599 1096 601 1096 603 1096 641 1085 657 1080 769 1080 828 1085 999 1096 1001 1096 1165 1082 1224 1078 1530 1078 1537 1080 1558 1089 1561 1089 1563 1089 1734 1080 1774 1078 1781 1080 1811 1089 1813 1089 2593 1092 2595 1092 2775 1073 2778 1057 2775 998 2705 968 2703 968 2649 968 2647 968 2644 968 2642 968 2593 998 2242 998 2188 968 2185 968 2089 968 2087 968 2085 968 2082 968 2033 998 2026 998 1961 998 1956 998 1912 970 1909 970 1907 970 1858 970 1855 970 1853 970 1788 998 1783 998 1781 998 1708 970 1706 970 1635 970 1633 970 1631 970 1582 998 1577 998 1467 998 1467 996 1437 982 1434 982 1432 982 1310 996 1294 998 1291 996 1268 982 1266 982 1263 982 1261 982 1259 982 1256 982 1233 996 1209 987 1207 987 1205 987 968 996 863 1001 781 998 779 996 739 972 737 972 734 972 732 972 608 996 568 972 566 972 564 972 411 972 409 972 407 972 404 972 376 989 379 1064"/></Shape>
	    <String CONTENT="diſpoſe rien, mais toute ceſte adminiſtrat ion poli¬"
                    HPOS="376.0"
                    VPOS="968.0"
                    WIDTH="2402.0"
                    HEIGHT="128.0"
                    WC="0.9759817673609807"></String>
          </TextLine>
          <TextLine ID="eSc_line_d8f35b8a"
                    TAGREFS="LT8"
                    BASELINE="388 1195 2785 1190" 
                    HPOS="386.0"
                    VPOS="1101.0"
                    WIDTH="2399.0"
                    HEIGHT="129.0">
            <Shape><Polygon POINTS="388 1195 388 1211 489 1227 491 1230 582 1230 582 1227 585 1227 617 1213 650 1227 652 1227 655 1230 753 1230 753 1227 872 1211 879 1211 887 1211 980 1227 982 1227 985 1227 987 1227 1013 1211 1015 1211 1046 1211 1439 1220 1441 1220 1692 1209 1731 1209 1755 1209 1902 1220 1905 1220 2043 1209 2057 1209 2071 1209 2235 1225 2237 1225 2239 1225 2242 1225 2260 1213 2277 1225 2279 1225 2281 1225 2284 1225 2632 1213 2668 1223 2670 1223 2672 1223 2782 1206 2785 1190 2780 1129 2724 1129 2675 1101 2672 1101 2518 1101 2515 1101 2513 1101 2464 1129 2352 1129 2307 1101 2305 1101 2302 1101 2202 1101 2199 1101 2197 1101 2160 1120 2097 1101 2094 1101 2092 1101 2089 1101 2040 1129 1839 1129 1764 1101 1762 1101 1694 1101 1692 1101 1689 1101 1579 1132 1537 1132 1488 1103 1486 1103 1483 1103 1322 1129 1139 1103 1137 1103 1135 1103 1074 1132 1008 1132 917 1103 915 1103 805 1103 802 1103 800 1103 753 1129 411 1117 409 1117 407 1117 404 1117 386 1127 388 1195"/></Shape>
	    <String CONTENT="tique paſſe par l’auis de ce furieux deſchainé: ſi les"
                    HPOS="386.0"
                    VPOS="1101.0"
                    WIDTH="2399.0"
                    HEIGHT="129.0"
                    WC="0.9968164866620844"></String>
          </TextLine>
          <TextLine ID="eSc_line_c75c3720"
                    TAGREFS="LT8"
                    BASELINE="383 1323 2792 1330" 
                    HPOS="381.0"
                    VPOS="1230.0"
                    WIDTH="2411.0"
                    HEIGHT="133.0">
            <Shape><Polygon POINTS="383 1323 381 1340 402 1354 404 1354 407 1354 409 1354 468 1347 517 1358 519 1358 521 1358 795 1340 1188 1361 1191 1361 1385 1342 1539 1342 1565 1354 1568 1354 1570 1354 1572 1354 1598 1342 1874 1344 1900 1361 1902 1361 1905 1361 1907 1361 2249 1344 2321 1363 2324 1363 2326 1363 2789 1342 2792 1330 2792 1267 2726 1251 2724 1251 2721 1251 2651 1263 2604 1234 2602 1234 2600 1234 2597 1234 2595 1234 2534 1260 2497 1248 2494 1248 2492 1248 2490 1248 2487 1248 2459 1265 2459 1267 2087 1267 2080 1263 2036 1234 2033 1234 2031 1234 1987 1232 1984 1232 1982 1232 1902 1260 1898 1263 1893 1260 1862 1248 1860 1248 1858 1248 1804 1253 1769 1232 1767 1232 1764 1232 1612 1232 1610 1232 1607 1232 1554 1258 1549 1260 1532 1258 1467 1248 1465 1248 1420 1258 1390 1263 1085 1263 1071 1255 1018 1230 1015 1230 931 1230 929 1230 926 1230 891 1246 821 1230 819 1230 816 1230 814 1230 779 1251 772 1255 758 1251 681 1230 678 1230 676 1230 674 1230 627 1251 606 1263 575 1263 554 1251 521 1230 519 1230 517 1230 416 1230 414 1230 411 1230 383 1244 383 1323"/></Shape>
	    <String CONTENT="ſubiects du Roy y contrediſent, ils ne capitulent"
                    HPOS="381.0"
                    VPOS="1230.0"
                    WIDTH="2411.0"
                    HEIGHT="133.0"
                    WC="0.9957607047898429"></String>
          </TextLine>
          <TextLine ID="eSc_line_b17ac878"
                    TAGREFS="LT8"
                    BASELINE="388 1464 2806 1457" 
                    HPOS="386.0"
                    VPOS="1375.0"
                    WIDTH="2420.0"
                    HEIGHT="121.0">
            <Shape><Polygon POINTS="388 1464 388 1496 533 1475 552 1487 554 1487 557 1487 559 1487 688 1475 872 1489 875 1489 877 1489 905 1475 1008 1485 1011 1485 1270 1473 1352 1485 1355 1485 1357 1485 1385 1473 1418 1487 1429 1492 1432 1492 1434 1492 1507 1487 1685 1473 1891 1482 1989 1487 1991 1487 2036 1482 2115 1471 2199 1480 2286 1489 2288 1489 2803 1473 2806 1457 2801 1398 2270 1398 2228 1384 2225 1384 2223 1384 2005 1393 1965 1375 1963 1375 1799 1375 1797 1375 1795 1375 1764 1391 1731 1382 1729 1382 1727 1382 1724 1382 1701 1393 1678 1379 1675 1379 1673 1379 1671 1379 1444 1398 1425 1386 1422 1386 1420 1386 1418 1386 1282 1393 1193 1375 1191 1375 1029 1396 917 1377 915 1377 912 1377 868 1400 849 1389 847 1389 844 1389 842 1389 659 1400 631 1389 629 1389 627 1389 470 1400 428 1384 425 1384 423 1384 421 1384 386 1400 388 1464"/></Shape>
	    <String CONTENT="point auec leur Prince, mais reſiſtans aux pernicieu"
                    HPOS="386.0"
                    VPOS="1375.0"
                    WIDTH="2420.0"
                    HEIGHT="121.0"
                    WC="0.9956762366569959"></String>
          </TextLine>
          <TextLine ID="eSc_line_622ad864"
                    TAGREFS="LT8"
                    BASELINE="390 1592 2813 1585" 
                    HPOS="388.0"
                    VPOS="1492.0"
                    WIDTH="2425.0"
                    HEIGHT="133.0">
            <Shape><Polygon POINTS="390 1592 390 1606 407 1618 409 1618 411 1618 414 1618 559 1606 748 1611 769 1625 772 1625 774 1625 777 1625 1090 1606 1158 1616 1160 1616 1231 1604 1792 1604 1914 1616 1916 1616 1919 1616 1921 1616 1940 1604 2094 1613 2097 1613 2099 1613 2122 1602 2211 1618 2214 1618 2216 1618 2249 1604 2267 1616 2270 1616 2272 1616 2628 1620 2630 1620 2813 1597 2813 1585 2808 1522 2518 1522 2464 1492 2462 1492 2410 1492 2408 1492 2405 1492 2359 1517 2291 1492 2288 1492 2286 1492 2284 1492 2237 1517 2162 1492 2160 1492 2157 1492 2155 1492 2075 1520 1996 1494 1994 1494 1848 1494 1846 1494 1844 1494 1841 1494 1823 1506 1743 1494 1741 1494 1738 1494 1673 1520 1364 1522 1254 1494 1252 1494 1249 1494 1247 1494 1217 1510 1135 1496 1132 1496 1130 1496 1083 1522 1022 1496 1020 1496 931 1496 929 1496 926 1496 924 1496 879 1524 875 1524 779 1524 716 1524 695 1510 692 1510 690 1510 688 1510 547 1524 540 1524 538 1524 477 1496 475 1496 430 1496 428 1496 425 1496 423 1496 388 1517 390 1592"/></Shape>
	    <String CONTENT="ſes entrepriſes de l&#x27;ennemy de Dieu &amp; du Royau¬"
                    HPOS="388.0"
                    VPOS="1492.0"
                    WIDTH="2425.0"
                    HEIGHT="133.0"
                    WC="0.9928069203457934"></String>
          </TextLine>
          <TextLine ID="eSc_line_cfe760c6"
                    TAGREFS="LT8"
                    BASELINE="395 1723 2806 1723" 
                    HPOS="395.0"
                    VPOS="1632.0"
                    WIDTH="2411.0"
                    HEIGHT="124.0">
            <Shape><Polygon POINTS="395 1723 395 1737 545 1754 547 1754 688 1740 702 1740 706 1740 744 1754 746 1754 748 1754 833 1742 856 1754 858 1754 861 1754 863 1754 889 1742 936 1754 938 1754 940 1754 1083 1742 1104 1742 1135 1742 1327 1754 1329 1754 1331 1754 1362 1744 1378 1740 1727 1740 1741 1747 1752 1754 1755 1754 1757 1754 1759 1756 1965 1756 1965 1754 1968 1754 1989 1747 2022 1740 2803 1751 2806 1723 2806 1665 2408 1651 2405 1651 2331 1662 2239 1632 2237 1632 2178 1632 2176 1632 2174 1632 2099 1658 1972 1658 1919 1644 1916 1644 1914 1644 1912 1644 1872 1662 1841 1644 1839 1644 1837 1644 1834 1644 1771 1653 1736 1632 1734 1632 1731 1632 1502 1632 1500 1632 1497 1632 1453 1653 1359 1646 1357 1646 1231 1662 1200 1646 1198 1646 1195 1646 1118 1658 1050 1632 1048 1632 1046 1632 1043 1632 982 1662 863 1651 861 1651 723 1662 671 1632 669 1632 667 1632 587 1632 585 1632 582 1632 512 1662 451 1651 449 1651 395 1662 395 1723"/></Shape>
	    <String CONTENT="me, ils capitulent pour le Roy, pour ſa couronne,"
                    HPOS="395.0"
                    VPOS="1632.0"
                    WIDTH="2411.0"
                    HEIGHT="124.0"
                    WC="0.9904894390884711"></String>
          </TextLine>
          <TextLine ID="eSc_line_b1aa5f3e"
                    TAGREFS="LT8"
                    BASELINE="409 1857 1675 1845 2813 1852" 
                    HPOS="407.0"
                    VPOS="1754.0"
                    WIDTH="2406.0"
                    HEIGHT="138.0">
            <Shape><Polygon POINTS="409 1857 409 1892 489 1889 491 1889 552 1866 961 1885 973 1885 975 1885 978 1885 1018 1871 1048 1882 1050 1882 1053 1882 1886 1864 2001 1864 2012 1871 2038 1887 2040 1887 2043 1887 2045 1887 2143 1873 2239 1887 2242 1887 2244 1887 2298 1866 2302 1866 2307 1866 2366 1882 2368 1882 2370 1882 2373 1882 2436 1866 2466 1882 2469 1882 2705 1885 2707 1885 2810 1859 2813 1852 2810 1786 2436 1786 2377 1754 2375 1754 2373 1754 2370 1754 2253 1786 2251 1789 2141 1789 2134 1786 1963 1784 1914 1754 1912 1754 1909 1754 1841 1754 1839 1754 1837 1754 1769 1779 1722 1754 1720 1754 1633 1754 1631 1754 1628 1754 1577 1777 1530 1754 1528 1754 1399 1754 1397 1754 1394 1754 1341 1779 1275 1756 1273 1756 1270 1756 1268 1756 1217 1770 1193 1756 1191 1756 1188 1756 1083 1756 1081 1756 1078 1756 1018 1791 978 1791 896 1756 894 1756 891 1756 889 1756 802 1789 744 1756 741 1756 706 1756 704 1756 702 1756 636 1784 437 1779 435 1779 432 1779 407 1789 409 1857"/></Shape>
	    <String CONTENT="pour ſa Maieſté. Auſsi i’adiouſteray qu’ils capitu¬"
                    HPOS="407.0"
                    VPOS="1754.0"
                    WIDTH="2406.0"
                    HEIGHT="138.0"
                    WC="0.9882715138105246"></String>
          </TextLine>
          <TextLine ID="eSc_line_d3a17989"
                    TAGREFS="LT8"
                    BASELINE="397 1988 2827 1978" 
                    HPOS="395.0"
                    VPOS="1894.0"
                    WIDTH="2432.0"
                    HEIGHT="131.0">
            <Shape><Polygon POINTS="397 1988 397 1999 706 2025 709 2025 711 2025 777 2002 870 2016 872 2016 875 2016 903 2002 929 2013 931 2013 933 2013 1022 2002 1207 2023 1209 2023 1212 2023 1303 1997 1308 1997 1312 1997 1385 2009 1387 2009 1507 1997 1554 2023 1556 2023 1558 2025 1610 2025 1610 2023 1612 2023 1671 1995 1916 1995 2097 1995 2099 1995 2122 2009 2125 2009 2127 2009 2129 2009 2132 2009 2134 2009 2160 1995 2274 1997 2307 2018 2309 2018 2312 2018 2314 2018 2506 2004 2700 2018 2703 2018 2824 1990 2827 1978 2822 1920 2586 1920 2583 1917 2544 1894 2541 1894 2539 1894 2466 1894 2464 1894 2462 1894 2459 1894 2419 1917 2417 1920 2331 1920 2328 1917 2288 1894 2286 1894 2284 1894 2281 1894 2197 1896 2195 1896 2192 1896 2157 1917 2150 1922 2108 1922 2101 1917 2066 1896 2064 1896 2061 1896 2059 1896 1834 1913 1816 1901 1813 1901 1811 1901 1809 1901 1532 1908 1530 1908 1528 1908 1514 1917 1504 1922 1425 1917 1413 1917 1380 1899 1378 1899 1376 1899 1249 1917 1209 1922 1146 1917 1036 1908 1034 1908 994 1917 961 1927 615 1927 599 1917 582 1908 580 1908 578 1908 528 1917 507 1920 500 1917 472 1901 470 1901 468 1901 395 1915 397 1988"/></Shape>
	    <String CONTENT="lent pour extirper les opinions de ceſte peſte pu¬"
                    HPOS="395.0"
                    VPOS="1894.0"
                    WIDTH="2432.0"
                    HEIGHT="131.0"
                    WC="0.9988773357868195"></String>
          </TextLine>
          <TextLine ID="eSc_line_995d0f1f"
                    TAGREFS="LT8"
                    BASELINE="404 2116 2827 2109" 
                    HPOS="402.0"
                    VPOS="2018.0"
                    WIDTH="2425.0"
                    HEIGHT="138.0">
            <Shape><Polygon POINTS="404 2116 404 2130 547 2154 549 2156 643 2156 643 2154 645 2154 730 2133 753 2147 755 2147 758 2147 760 2147 870 2137 1170 2154 1172 2154 1310 2130 1504 2130 1547 2151 1549 2151 1551 2151 1554 2151 1628 2133 1748 2151 1750 2151 1752 2151 1755 2151 1792 2130 1916 2130 2015 2151 2017 2151 2157 2128 2340 2149 2342 2149 2345 2149 2398 2128 2422 2142 2424 2142 2427 2142 2429 2142 2497 2130 2611 2140 2614 2140 2616 2140 2618 2140 2637 2128 2658 2142 2661 2142 2663 2142 2665 2144 2768 2144 2768 2142 2771 2142 2827 2123 2827 2109 2822 2048 2663 2048 2658 2046 2614 2018 2611 2018 2609 2018 2565 2018 2562 2018 2560 2018 2515 2041 2476 2018 2473 2018 2471 2018 2419 2018 2417 2018 2415 2018 2359 2044 2349 2046 2033 2044 2026 2039 1989 2020 1987 2020 1841 2020 1839 2020 1837 2020 1834 2020 1806 2037 1797 2044 1678 2046 1659 2037 1631 2020 1628 2020 1584 2020 1582 2020 1579 2020 1537 2034 1497 2048 1380 2034 1277 2020 1275 2020 1273 2020 1240 2032 1186 2053 1097 2053 1060 2030 1048 2023 1046 2023 1043 2023 1001 2023 999 2023 997 2023 994 2023 985 2030 945 2053 678 2053 594 2046 557 2025 549 2023 547 2023 545 2023 402 2023 404 2116"/></Shape>
	    <String CONTENT="blique auec ſa perſonne, lequel depuis qu’il eſt en¬"
                    HPOS="402.0"
                    VPOS="2018.0"
                    WIDTH="2425.0"
                    HEIGHT="138.0"
                    WC="0.9794180244207382"></String>
          </TextLine>
          <TextLine ID="eSc_line_4e2201ec"
                    TAGREFS="LT8"
                    BASELINE="411 2247 2836 2247" 
                    HPOS="411.0"
                    VPOS="2154.0"
                    WIDTH="2425.0"
                    HEIGHT="124.0">
            <Shape><Polygon POINTS="411 2247 411 2261 437 2275 439 2275 442 2275 514 2264 751 2264 791 2275 793 2275 795 2275 798 2275 800 2275 819 2264 863 2278 865 2278 868 2278 1474 2264 1855 2264 1881 2278 1884 2278 1886 2278 1888 2278 2274 2264 2529 2278 2532 2278 2534 2278 2537 2278 2555 2266 2747 2275 2749 2275 2836 2261 2836 2247 2834 2158 2686 2179 2649 2158 2639 2154 2637 2154 2588 2154 2586 2154 2583 2154 2572 2161 2534 2182 2405 2182 2370 2161 2356 2154 2354 2154 2286 2154 2284 2154 2281 2154 2249 2163 2190 2179 1909 2179 1879 2165 1844 2154 1841 2154 1743 2154 1741 2154 1738 2154 1713 2168 1710 2170 1706 2168 1685 2154 1682 2154 1680 2154 1619 2154 1617 2154 1614 2154 1586 2170 1565 2182 1282 2182 1266 2172 1233 2154 1231 2154 1146 2154 1144 2154 1142 2154 1104 2175 1092 2182 992 2182 978 2175 915 2154 912 2154 910 2154 908 2154 854 2177 844 2179 837 2177 777 2154 774 2154 772 2154 769 2154 727 2177 720 2182 613 2182 608 2179 545 2154 542 2154 540 2154 538 2154 535 2154 493 2179 491 2182 411 2182 411 2247"/></Shape>
	    <String CONTENT="tré en l’adminiſtration du Royaume il y a ſemé"
                    HPOS="411.0"
                    VPOS="2154.0"
                    WIDTH="2425.0"
                    HEIGHT="124.0"
                    WC="0.9901744599143664"></String>
          </TextLine>
          <TextLine ID="eSc_line_1e203bb4"
                    TAGREFS="LT8"
                    BASELINE="414 2380 2834 2380" 
                    HPOS="414.0"
                    VPOS="2294.0"
                    WIDTH="2420.0"
                    HEIGHT="124.0">
            <Shape><Polygon POINTS="414 2380 414 2392 444 2406 447 2406 449 2406 540 2399 582 2416 585 2416 587 2416 812 2395 1008 2399 1034 2416 1036 2416 1039 2416 1041 2416 1341 2395 1748 2395 1785 2416 1788 2416 1790 2416 1792 2416 1900 2395 2136 2395 2207 2416 2209 2416 2211 2416 2214 2416 2253 2402 2284 2416 2286 2416 2288 2416 2499 2402 2537 2416 2539 2416 2541 2418 2644 2418 2644 2416 2647 2416 2703 2395 2834 2395 2834 2380 2834 2317 2541 2317 2539 2315 2515 2303 2513 2303 2511 2303 2508 2303 2506 2303 2487 2315 2485 2315 2230 2315 1965 2313 1776 2294 1774 2294 1771 2294 1769 2294 1738 2313 1734 2315 1729 2313 1694 2294 1692 2294 1598 2294 1596 2294 1593 2294 1542 2310 1535 2313 1525 2310 1462 2299 1460 2299 1397 2310 1385 2313 1380 2310 1350 2294 1348 2294 1186 2294 1184 2294 1181 2294 1179 2294 1153 2310 1142 2317 589 2317 564 2308 519 2294 517 2294 514 2294 414 2306 414 2380"/></Shape>
	    <String CONTENT="des yraignes peſtilentes de tyrannie, ayant pour"
                    HPOS="414.0"
                    VPOS="2294.0"
                    WIDTH="2420.0"
                    HEIGHT="124.0"
                    WC="0.9933735194305578"></String>
          </TextLine>
          <TextLine ID="eSc_line_bd745783"
                    TAGREFS="LT8"
                    BASELINE="411 2514 1177 2504 2843 2507" 
                    HPOS="409.0"
                    VPOS="2418.0"
                    WIDTH="2434.0"
                    HEIGHT="119.0">
            <Shape><Polygon POINTS="411 2514 411 2526 1493 2521 1497 2523 1523 2535 1525 2535 1528 2537 1633 2537 1633 2535 1635 2535 1682 2521 1689 2521 2120 2521 2150 2535 2153 2535 2155 2537 2768 2537 2768 2535 2841 2516 2843 2507 2838 2441 2342 2441 2333 2437 2295 2418 2293 2418 2143 2418 2141 2418 2139 2418 2136 2418 2106 2437 2094 2441 1961 2439 1956 2437 1923 2418 1921 2418 1837 2418 1834 2418 1832 2418 1799 2434 1769 2418 1767 2418 1701 2418 1699 2418 1596 2434 1547 2441 1434 2434 1373 2430 1371 2430 1369 2430 1357 2432 1331 2441 1270 2432 1245 2430 1242 2430 1165 2432 1001 2439 975 2432 933 2418 931 2418 875 2418 872 2418 870 2418 868 2418 847 2430 828 2441 798 2430 788 2427 786 2427 784 2427 781 2427 769 2430 748 2437 737 2430 713 2418 711 2418 648 2418 645 2418 643 2418 641 2418 622 2430 601 2441 535 2439 519 2430 503 2418 500 2418 498 2418 496 2418 409 2427 411 2514"/></Shape>
	    <String CONTENT="ſon chef-d’œuure corrõpu le doux &amp; humain na¬"
                    HPOS="409.0"
                    VPOS="2418.0"
                    WIDTH="2434.0"
                    HEIGHT="119.0"
                    WC="0.999443391095037"></String>
          </TextLine>
          <TextLine ID="eSc_line_e9031ae6"
                    TAGREFS="LT8"
                    BASELINE="416 2642 2848 2638" 
                    HPOS="414.0"
                    VPOS="2537.0"
                    WIDTH="2434.0"
                    HEIGHT="131.0">
            <Shape><Polygon POINTS="416 2642 416 2654 1448 2668 1451 2668 1626 2654 1631 2654 1645 2654 2209 2666 2211 2668 2827 2668 2827 2666 2829 2666 2831 2666 2848 2654 2848 2638 2843 2565 2794 2565 2745 2537 2742 2537 2740 2537 2738 2537 2658 2563 2604 2542 2602 2542 2600 2542 2597 2542 2567 2556 2527 2540 2525 2540 2522 2540 2520 2540 2518 2540 2476 2565 2424 2565 2382 2540 2380 2540 2377 2540 2375 2540 2373 2540 2338 2551 2319 2540 2317 2540 2314 2540 2312 2540 2309 2540 2307 2540 2265 2565 2181 2565 2136 2537 2134 2537 2132 2537 2129 2537 2127 2537 2092 2549 2029 2537 2026 2537 2024 2537 2022 2537 1998 2551 1947 2537 1944 2537 1942 2537 1940 2537 1879 2563 1825 2537 1823 2537 1774 2537 1771 2537 1769 2537 1767 2537 1729 2561 1626 2568 1565 2568 1516 2540 1514 2540 1469 2540 1467 2540 1465 2540 1462 2540 1418 2568 1245 2568 1200 2540 1198 2540 1195 2540 1085 2540 1083 2540 1081 2540 1032 2568 959 2568 910 2540 908 2540 849 2540 847 2540 844 2540 798 2563 758 2540 755 2540 753 2540 751 2540 748 2540 692 2554 655 2540 652 2540 650 2540 648 2540 599 2568 414 2568 416 2642"/></Shape>
	    <String CONTENT="turel du Roy Henry, &amp; conduict à la miſerable fin"
                    HPOS="414.0"
                    VPOS="2537.0"
                    WIDTH="2434.0"
                    HEIGHT="131.0"
                    WC="0.9985320091247558"></String>
          </TextLine>
          <TextLine ID="eSc_line_8d74897e"
                    TAGREFS="LT8"
                    BASELINE="421 2778 1217 2769 2841 2773" 
                    HPOS="418.0"
                    VPOS="2671.0"
                    WIDTH="2423.0"
                    HEIGHT="130.0">
            <Shape><Polygon POINTS="421 2778 418 2783 454 2799 456 2799 458 2801 659 2801 659 2799 662 2799 664 2799 688 2785 732 2799 734 2799 737 2799 798 2787 828 2799 830 2799 833 2799 1184 2785 1720 2785 1757 2799 1759 2799 1762 2801 1867 2801 1867 2799 1869 2799 1902 2785 2204 2785 2230 2799 2232 2799 2235 2799 2237 2799 2529 2787 2684 2799 2686 2799 2838 2783 2841 2773 2841 2703 2768 2671 2766 2671 2764 2671 2761 2671 2675 2703 2476 2703 2417 2671 2415 2671 2412 2671 2410 2671 2354 2701 2302 2671 2300 2671 2298 2671 2295 2671 2293 2671 2209 2701 2139 2671 2136 2671 2134 2671 2132 2671 2050 2701 1958 2701 1902 2671 1900 2671 1898 2671 1895 2671 1795 2701 1715 2671 1713 2671 1710 2671 1708 2671 1628 2694 1589 2671 1586 2671 1584 2671 1511 2671 1509 2671 1507 2671 1504 2671 1462 2696 1348 2701 1343 2701 1287 2671 1284 2671 1245 2671 1242 2671 1240 2671 1238 2671 1186 2701 1184 2703 1137 2703 1121 2701 1064 2701 1015 2671 1013 2671 1011 2671 1008 2671 940 2682 872 2671 870 2671 868 2671 865 2671 823 2696 779 2671 777 2671 727 2671 725 2671 723 2671 720 2671 671 2701 596 2701 549 2701 547 2701 472 2671 470 2671 468 2671 465 2671 463 2671 421 2694 421 2778"/></Shape>
	    <String CONTENT="dont il eſt ſorti de ce ſiecle plein de cholere, de"
                    HPOS="418.0"
                    VPOS="2671.0"
                    WIDTH="2423.0"
                    HEIGHT="130.0"
                    WC="0.9924737039734336"></String>
          </TextLine>
          <TextLine ID="eSc_line_927be2e8"
                    TAGREFS="LT8"
                    BASELINE="425 2914 1221 2900 2855 2902" 
                    HPOS="423.0"
                    VPOS="2811.0"
                    WIDTH="2432.0"
                    HEIGHT="126.0">
            <Shape><Polygon POINTS="425 2914 425 2937 676 2921 896 2932 901 2932 903 2932 905 2932 908 2932 926 2921 985 2930 987 2930 1055 2918 1170 2928 1172 2928 1488 2916 2005 2916 2047 2921 2099 2928 2101 2928 2192 2918 2235 2916 2242 2918 2258 2928 2260 2928 2263 2928 2265 2928 2293 2918 2295 2918 2309 2918 2522 2932 2525 2932 2852 2911 2855 2902 2850 2811 2771 2825 2703 2811 2691 2811 2689 2811 2686 2811 2684 2811 2684 2813 2647 2834 2511 2839 1994 2839 1944 2823 1916 2813 1914 2813 1837 2813 1834 2813 1832 2813 1809 2825 1790 2832 1755 2825 1710 2816 1708 2816 1661 2825 1626 2834 1603 2827 1591 2823 1589 2823 1586 2823 1558 2827 1509 2837 1490 2827 1479 2823 1476 2823 1474 2823 1425 2830 1355 2839 1294 2832 1249 2825 1247 2825 1139 2832 1055 2839 1046 2834 1015 2816 1013 2816 1011 2816 1008 2816 917 2827 828 2816 826 2816 730 2839 725 2839 723 2839 685 2816 683 2816 681 2816 568 2816 566 2816 564 2816 512 2841 423 2841 425 2914"/></Shape>
	    <String CONTENT="paſsion &amp; de menaces contre les innocens, par leſ"
                    HPOS="423.0"
                    VPOS="2811.0"
                    WIDTH="2432.0"
                    HEIGHT="126.0"
                    WC="0.9857326429717395"></String>
          </TextLine>
          <TextLine ID="eSc_line_2d060f36"
                    TAGREFS="LT8"
                    BASELINE="423 3038 2864 3031" 
                    HPOS="421.0"
                    VPOS="2932.0"
                    WIDTH="2443.0"
                    HEIGHT="136.0">
            <Shape><Polygon POINTS="423 3038 423 3052 561 3066 564 3066 1022 3054 1179 3068 1181 3068 1259 3049 1266 3049 1268 3049 1301 3066 1303 3066 1305 3068 1411 3068 1411 3066 1413 3066 1474 3049 1479 3049 1532 3049 2010 3061 2012 3061 2232 3047 2258 3047 2260 3047 2281 3059 2284 3059 2515 3063 2518 3063 2614 3047 2616 3047 2618 3047 2675 3063 2677 3063 2679 3063 2682 3063 2745 3047 2862 3047 2864 3031 2855 2932 2780 2963 2735 2963 2677 2935 2672 2932 2670 2932 2668 2932 2665 2932 2661 2935 2614 2961 2551 2939 2548 2939 2546 2939 2544 2939 2492 2963 2424 2963 2382 2939 2370 2932 2368 2932 2328 2932 2326 2932 2324 2932 2309 2939 2270 2963 2136 2963 2085 2944 2052 2932 2050 2932 2047 2932 2045 2932 2017 2944 1989 2958 1965 2947 1949 2935 1947 2935 1944 2935 1832 2935 1830 2935 1827 2935 1804 2949 1776 2963 1745 2949 1715 2935 1713 2935 1710 2935 1603 2951 1535 2961 1514 2951 1472 2935 1469 2935 1387 2935 1385 2935 1383 2935 1380 2935 1348 2956 1331 2965 1270 2965 1249 2956 1195 2937 1193 2937 1191 2937 1188 2937 1123 2958 1097 2965 1067 2958 961 2937 959 2937 957 2937 912 2961 905 2965 889 2961 805 2939 802 2939 800 2939 798 2939 734 2963 732 2965 730 2963 685 2937 683 2937 681 2937 627 2937 624 2937 622 2937 620 2937 571 2968 421 2968 423 3038"/></Shape>
	    <String CONTENT="quelles les feuz, les gibets &amp; eſchafaux eſtoyẽt dreſ"
                    HPOS="421.0"
                    VPOS="2932.0"
                    WIDTH="2443.0"
                    HEIGHT="136.0"
                    WC="0.9858050721663015"></String>
          </TextLine>
          <TextLine ID="eSc_line_0cb4c7c9"
                    TAGREFS="LT8"
                    BASELINE="423 3171 2864 3162" 
                    HPOS="421.0"
                    VPOS="3068.0"
                    WIDTH="2443.0"
                    HEIGHT="131.0">
            <Shape><Polygon POINTS="423 3171 423 3187 678 3199 681 3199 762 3187 784 3185 844 3187 1020 3194 1022 3194 1025 3194 1027 3194 1039 3185 1046 3183 1261 3183 1284 3185 1362 3197 1364 3197 1418 3185 1429 3183 1598 3183 1603 3185 1638 3197 1640 3197 1642 3197 1720 3183 1743 3180 2134 3180 2139 3183 2155 3192 2157 3192 2160 3192 2162 3192 2239 3183 2253 3180 2265 3180 2324 3192 2326 3192 2328 3192 2352 3180 2361 3178 2368 3180 2394 3192 2396 3192 2398 3192 2504 3180 2534 3178 2539 3180 2558 3192 2560 3192 2562 3192 2565 3192 2621 3180 2632 3178 2637 3180 2663 3192 2665 3192 2668 3192 2862 3178 2864 3162 2859 3080 2780 3068 2778 3068 2775 3068 2754 3080 2721 3099 2459 3099 2436 3084 2410 3068 2408 3068 2405 3068 2267 3068 2265 3068 2263 3068 2260 3068 2235 3084 2160 3070 2157 3070 2155 3070 2153 3070 2125 3087 2106 3099 1940 3089 1884 3087 1881 3087 1879 3087 1869 3089 1851 3099 1837 3092 1804 3070 1802 3070 1799 3070 1673 3070 1671 3070 1668 3070 1614 3094 1593 3101 1507 3094 1437 3089 1434 3089 1387 3096 1348 3101 1327 3096 1235 3073 1233 3073 1231 3073 1116 3087 1057 3073 1055 3073 1053 3073 1050 3073 985 3101 982 3103 863 3103 858 3101 837 3092 835 3092 833 3092 830 3092 809 3103 805 3106 421 3106 423 3171"/></Shape>
	    <String CONTENT="lez par tout le Royaume, ſi la main de Dieu n’euſt"
                    HPOS="421.0"
                    VPOS="3068.0"
                    WIDTH="2443.0"
                    HEIGHT="131.0"
                    WC="0.984728022813797"></String>
          </TextLine>
          <TextLine ID="eSc_line_0a9e349c"
                    TAGREFS="LT8"
                    BASELINE="425 3304 1404 3293 2862 3295" 
                    HPOS="423.0"
                    VPOS="3199.0"
                    WIDTH="2439.0"
                    HEIGHT="131.0">
            <Shape><Polygon POINTS="425 3304 425 3311 458 3328 461 3328 463 3330 833 3330 833 3328 952 3316 1029 3325 1032 3325 1034 3325 1060 3314 2462 3323 2464 3323 2466 3323 2469 3323 2492 3309 2525 3321 2527 3321 2529 3321 2862 3307 2862 3295 2859 3230 2623 3230 2569 3199 2567 3199 2527 3199 2525 3199 2522 3199 2436 3230 2185 3230 2111 3201 2108 3201 2106 3201 2104 3201 2040 3230 1989 3201 1987 3201 1902 3201 1900 3201 1898 3201 1851 3227 1813 3215 1811 3215 1809 3215 1729 3230 1486 3201 1483 3201 1481 3201 1420 3227 1231 3204 1228 3204 1226 3204 1163 3232 1128 3218 1125 3218 1123 3218 1121 3218 1071 3230 1025 3204 1022 3204 982 3204 980 3204 978 3204 903 3232 819 3204 816 3204 814 3204 812 3204 718 3232 671 3204 669 3204 667 3204 507 3204 505 3204 503 3204 423 3234 425 3304"/></Shape>
	    <String CONTENT="eſté la plus forte: Puis ſuiuant directement ſon ni¬"
                    HPOS="423.0"
                    VPOS="3199.0"
                    WIDTH="2439.0"
                    HEIGHT="131.0"
                    WC="0.9957134768647967"></String>
          </TextLine>
          <TextLine ID="eSc_line_6a74e231"
                    TAGREFS="LT8"
                    BASELINE="430 3435 1401 3424 2867 3424" 
                    HPOS="428.0"
                    VPOS="3332.0"
                    WIDTH="2439.0"
                    HEIGHT="131.0">
            <Shape><Polygon POINTS="430 3435 430 3445 795 3463 798 3463 800 3463 830 3452 1006 3459 1008 3459 1118 3442 1128 3442 1132 3442 1158 3452 1160 3452 1163 3452 2129 3440 2136 3440 2190 3456 2192 3456 2195 3456 2197 3456 2199 3456 2221 3445 2480 3452 2483 3452 2553 3438 2581 3452 2583 3452 2801 3456 2803 3456 2806 3456 2867 3435 2867 3424 2864 3363 2700 3363 2644 3332 2642 3332 2569 3332 2567 3332 2565 3332 2506 3363 2349 3363 2321 3363 2314 3363 2270 3363 2221 3335 2218 3335 2216 3335 2061 3363 1961 3335 1958 3335 1886 3335 1884 3335 1881 3335 1879 3335 1839 3358 1703 3335 1701 3335 1525 3337 1523 3337 1472 3365 1352 3349 1350 3349 1240 3365 1188 3337 1186 3337 1146 3337 1144 3337 1142 3337 1025 3368 973 3339 971 3339 926 3339 924 3339 922 3339 835 3370 428 3370 430 3435"/></Shape>
	    <String CONTENT="ueau, pendant la ieuneſſe des deux derniers Roys"
                    HPOS="428.0"
                    VPOS="3332.0"
                    WIDTH="2439.0"
                    HEIGHT="131.0"
                    WC="0.9989331314961115"></String>
          </TextLine>
          <TextLine ID="eSc_line_5d18918b"
                    TAGREFS="LT8"
                    BASELINE="432 3564 1544 3555 2871 3559" 
                    HPOS="430.0"
                    VPOS="3466.0"
                    WIDTH="2441.0"
                    HEIGHT="124.0">
            <Shape><Polygon POINTS="432 3564 432 3580 819 3590 821 3590 865 3580 877 3578 903 3580 1006 3590 1008 3590 1099 3578 1135 3576 1802 3576 1816 3576 1928 3590 1930 3590 1991 3576 1996 3576 2017 3576 2270 3585 2272 3585 2387 3573 2403 3573 2405 3573 2427 3585 2429 3585 2431 3585 2668 3573 2679 3573 2682 3573 2721 3585 2724 3585 2726 3585 2869 3571 2871 3559 2869 3496 2808 3496 2806 3494 2754 3466 2752 3466 2698 3466 2696 3466 2693 3466 2628 3491 2623 3496 2520 3496 2513 3491 2490 3480 2487 3480 2485 3480 2483 3480 2450 3491 2436 3494 2352 3489 2218 3482 2216 3482 2118 3487 1949 3498 1860 3498 1834 3484 1799 3468 1797 3468 1795 3468 1668 3482 1549 3496 1514 3482 1511 3482 1509 3482 1507 3482 1483 3491 1462 3480 1444 3468 1441 3468 1439 3468 1392 3468 1390 3468 1387 3468 1385 3468 1366 3480 1345 3491 1315 3477 1287 3468 1284 3468 1160 3468 1158 3468 1156 3468 1139 3477 1128 3484 1114 3477 1102 3468 1099 3468 1097 3468 1039 3468 1036 3468 1034 3468 1032 3468 1020 3475 982 3498 573 3498 526 3470 524 3468 521 3468 519 3468 517 3468 430 3468 432 3564"/></Shape>
	    <String CONTENT="François 2, &amp; Charles ix. il a peruerti tout ordre"
                    HPOS="430.0"
                    VPOS="3466.0"
                    WIDTH="2441.0"
                    HEIGHT="124.0"
                    WC="0.9982671877917122"></String>
          </TextLine>
          <TextLine ID="eSc_line_dc263dd1"
                    TAGREFS="LT8"
                    BASELINE="442 3700 1511 3686 2876 3688" 
                    HPOS="439.0"
                    VPOS="3601.0"
                    WIDTH="2437.0"
                    HEIGHT="129.0">
            <Shape><Polygon POINTS="442 3700 442 3730 578 3711 884 3725 964 3728 966 3728 1018 3723 1177 3704 1638 3704 1888 3711 2080 3716 2082 3716 2085 3716 2104 3709 2115 3704 2129 3707 2167 3718 2169 3718 2171 3718 2174 3718 2211 3707 2225 3702 2232 3707 2244 3714 2246 3714 2249 3714 2251 3714 2328 3704 2359 3702 2363 3704 2389 3718 2391 3718 2394 3718 2396 3718 2427 3707 2574 3721 2576 3721 2794 3702 2845 3711 2848 3711 2850 3711 2876 3697 2876 3688 2871 3625 2122 3627 2120 3627 2073 3601 2071 3601 1893 3601 1891 3601 1888 3601 1827 3627 1797 3613 1795 3613 1792 3613 1706 3627 1633 3601 1631 3601 1628 3601 1554 3604 1551 3604 1521 3620 1493 3606 1490 3606 1488 3606 1486 3606 1483 3606 1460 3620 1427 3611 1425 3611 1422 3611 1420 3611 1380 3625 1338 3604 1336 3604 1254 3604 1252 3604 1249 3604 1186 3625 1109 3613 1107 3613 1104 3613 1029 3632 894 3606 891 3606 889 3606 887 3606 844 3632 727 3632 655 3606 652 3606 580 3606 578 3606 575 3606 526 3632 468 3622 465 3622 463 3622 439 3632 442 3700"/></Shape>
	    <String CONTENT="politicq, &amp; introduit telle confuſion en ce pauure"
                    HPOS="439.0"
                    VPOS="3601.0"
                    WIDTH="2437.0"
                    HEIGHT="129.0"
                    WC="0.9788461637496948"></String>
          </TextLine>
          <TextLine ID="eSc_line_74af7a5c"
                    TAGREFS="LT8"
                    BASELINE="444 3826 1605 3817 2888 3821" 
                    HPOS="442.0"
                    VPOS="3725.0"
                    WIDTH="2446.0"
                    HEIGHT="136.0">
            <Shape><Polygon POINTS="444 3826 444 3840 552 3840 589 3859 592 3859 594 3859 896 3845 954 3859 957 3859 959 3861 1123 3861 1123 3859 1125 3859 1165 3838 1167 3838 1797 3838 1799 3838 1874 3859 1877 3859 1879 3859 1944 3856 1947 3856 1982 3838 1987 3835 2001 3838 2057 3847 2059 3847 2146 3838 2167 3835 2174 3838 2225 3856 2228 3856 2230 3859 2319 3859 2319 3856 2321 3856 2361 3838 2366 3835 2380 3838 2459 3849 2462 3849 2885 3835 2888 3821 2885 3751 2843 3725 2841 3725 2838 3725 2796 3725 2794 3725 2792 3725 2789 3725 2742 3753 2693 3725 2691 3725 2654 3725 2651 3725 2649 3725 2597 3753 2590 3756 2583 3753 2513 3725 2511 3725 2508 3725 2506 3725 2431 3753 2419 3758 2176 3758 2164 3751 2118 3725 2115 3725 2064 3725 2061 3725 2059 3725 2012 3751 2003 3756 1898 3753 1893 3751 1846 3728 1844 3728 1841 3728 1738 3751 1701 3760 1617 3760 1600 3751 1563 3728 1561 3728 1558 3728 1434 3728 1432 3728 1429 3728 1387 3749 1348 3728 1345 3728 1186 3728 1184 3728 1181 3728 1179 3728 1146 3749 1137 3749 1034 3760 603 3760 578 3746 533 3728 531 3728 470 3728 468 3728 465 3728 463 3728 442 3739 444 3826"/></Shape>
	    <String CONTENT="Royaume, qu’il ſemble iceluy eſtre proche de ſa"
                    HPOS="442.0"
                    VPOS="3725.0"
                    WIDTH="2446.0"
                    HEIGHT="136.0"
                    WC="0.9931328385434253"></String>
          </TextLine>
          <TextLine ID="eSc_line_1ffcbf27"
                    TAGREFS="LT8"
                    BASELINE="449 3955 2892 3948" 
                    HPOS="447.0"
                    VPOS="3863.0"
                    WIDTH="2445.0"
                    HEIGHT="124.0">
            <Shape><Polygon POINTS="449 3955 449 3973 725 3973 727 3973 751 3985 753 3985 755 3985 823 3973 828 3973 833 3973 887 3987 889 3987 891 3987 894 3987 896 3987 919 3973 922 3973 1004 3987 1006 3987 1238 3973 1273 3971 1315 3971 1593 3985 1596 3985 1855 3971 1867 3971 1891 3971 2513 3983 2515 3983 2890 3966 2892 3948 2890 3887 2850 3875 2848 3875 2845 3875 2843 3875 2841 3875 2824 3887 2820 3889 2370 3889 2305 3889 2263 3863 2260 3863 2258 3863 2204 3863 2202 3863 2199 3863 2197 3863 2157 3887 2033 3877 2031 3877 1888 3889 1884 3889 1848 3873 1846 3873 1844 3873 1841 3873 1811 3882 1755 3866 1752 3866 1626 3866 1624 3866 1621 3866 1619 3866 1584 3887 1558 3875 1556 3875 1554 3875 1551 3875 1502 3887 1406 3875 1404 3875 1401 3875 1378 3887 1355 3873 1352 3873 1350 3873 1348 3873 1287 3882 1179 3868 1177 3868 1174 3868 1132 3891 1008 3891 940 3868 938 3868 812 3868 809 3868 807 3868 805 3868 765 3891 514 3880 512 3880 447 3894 449 3955"/></Shape>
	    <String CONTENT="ruine. Toutesfois en paſſant outre, &amp; continuant"
                    HPOS="447.0"
                    VPOS="3863.0"
                    WIDTH="2445.0"
                    HEIGHT="124.0"
                    WC="0.9972531162202358"></String>
          </TextLine>
        </TextBlock>
        <TextBlock HPOS="1511.0"
                   VPOS="69.0"
                   WIDTH="179.0"
                   HEIGHT="118.0"
                   ID="block_1"
                   TAGREFS="BT15">
          <Shape><Polygon POINTS="1690 69 1690 187 1511 187 1511 69"/></Shape>
          <TextLine ID="eSc_line_4dde89f2"
                    TAGREFS="LT8"
                    BASELINE="1537 145 1670 140" 
                    HPOS="1527.0"
                    VPOS="70.0"
                    WIDTH="140.0"
                    HEIGHT="112.0">
            <Shape><Polygon POINTS="1632 70 1597 70 1562 70 1548 70 1527 70 1534 143 1534 182 1667 161 1667 136 1657 70 1632 70"/></Shape>
	    <String CONTENT="978"
                    HPOS="1527.0"
                    VPOS="70.0"
                    WIDTH="140.0"
                    HEIGHT="112.0"
                    WC="0.9999965031941732"></String>
          </TextLine>
        </TextBlock>
        <TextBlock HPOS="2520.0"
                   VPOS="3973.0"
                   WIDTH="401.0"
                   HEIGHT="214.0"
                   ID="eSc_textblock_342df57e"
                   TAGREFS="BT17">
          <Shape><Polygon POINTS="2921 4187 2921 3973 2520 3973 2520 4187"/></Shape>
          <TextLine ID="eSc_line_90b53b0d"
                    TAGREFS="LT8"
                    BASELINE="2572 4081 2897 4076" 
                    HPOS="2569.0"
                    VPOS="4008.0"
                    WIDTH="328.0"
                    HEIGHT="122.0">
            <Shape><Polygon POINTS="2572 4081 2572 4097 2609 4111 2611 4111 2614 4111 2698 4100 2726 4125 2726 4128 2728 4128 2731 4128 2733 4130 2806 4130 2806 4128 2808 4128 2810 4128 2810 4125 2834 4102 2897 4093 2897 4076 2892 4022 2738 4008 2735 4008 2733 4008 2731 4008 2710 4022 2656 4011 2654 4011 2651 4011 2649 4011 2635 4022 2614 4008 2611 4008 2609 4008 2607 4008 2604 4008 2569 4022 2572 4081"/></Shape>
	    <String CONTENT="ce qui"
                    HPOS="2569.0"
                    VPOS="4008.0"
                    WIDTH="328.0"
                    HEIGHT="122.0"
                    WC="0.9995729625225067"></String>
          </TextLine>
        </TextBlock>
        <TextBlock HPOS="1303.0"
                   VPOS="4001.0"
                   WIDTH="672.0"
                   HEIGHT="79.0"
                   ID="eSc_textblock_6759a5ef"
                   TAGREFS="BT9">
          <Shape><Polygon POINTS="1975 4080 1975 4001 1303 4001 1303 4080"/></Shape>
        </TextBlock>
      </PrintSpace>
    </Page>
  </Layout>
</alto>
