2977 4210
184 112 2362 131 iniques conditions:entre autres la ceſsion du Du¬

182 238 2357 150 ché de Bourgoigne. Quand il fut queſtion de les

184 376 2360 131 accomplir apres auoir iaict vne ſolemuelle aſſein¬

187 495 2357 148 blee de pluſieurs bons & not ables ſubiects, affin de

187 640 2352 138 faire mettre à execution les loix de paix & capitu¬

180 764 2352 141 lations faictes auec l'Empereur, & deliurer Meſsi¬

177 898 2350 156 eurs ſes enfans qui eſtoyent paſſez en Eſpaigne

170 1029 2352 149 par forme d’oſtage iuſques à l’accompliſſemẽt d’i¬

168 1162 2347 136 ceux,il luy fut virilement reſiſté, meſmes les dele¬

166 1298 2349 142 guez de la hourgoigne s’oppoſerent pour leur in¬

163 1422 2352 152 tereſt, luy declarans qu’il n’eſtoit en la puiſlance

166 1555 2342 143 d’vn ſeul Roy de les demembrer de la couronne

173 1695 2328 143 pour les transterer en mains eſtrangeres, & qu’ils

161 1826 2345 152 n’endureroy ent que l’Empereur y amenaſt ni gar¬

161 1945 2340 148 niſons, ni int roduiliſt ofniciers. Et telle obſtinee in¬

161 2081 2336 150 liltance apporta tant de proffit au Roy, que fina¬

159 2217 2335 149 blement la Bourgoigne ſut rayée de l’appoincte¬

156 2350 2334 140 ment du conſentement de l’Empereur. Qr ie de¬

152 2476 2333 150 mande à noſtre ſophiſte ce qu’il eſtime de tels ſub¬

152 2610 2328 142 iects taut du viuant des Rois Iean & Charles les

156 2741 2317 152 quint & ſixieme que de François qui reſiſtoyent

154 2876 2322 141 aux voluntez & appoinctemens de leurs Princes

152 3007 2324 141 concernans les matieres d’eſtat: eſtoyent ſes ſub¬

149 3136 2320 145 lects infideles ou non? ont ils merité ou demerité?

149 3262 2317 148 ſont-ils dignes des peines de leze Maieſté ou de

147 3400 2322 152 cougratulation & gratification? A ſa reſponſe on

138 3527 2328 159 deſcouurira la maladie du patiẽt. Car ſi ſa propoſi

128 3672 2338 140 tion eſt vraye qu’il ne faut ne contredire, ne repu¬

138 3810 2321 138 gner, ni capituler auec vne Roy, ſur peine de leze

1256 17 165 95 401
