2977 4210
456 168 2396 126 auec luy, puis que telles reliques exercent & tra¬

454 304 2401 117 uaillent encores ce pauure Royaume. Mais ie veux

456 435 2394 116 rentrer aux capitulations licites d’entre les ſubiects

451 558 2399 120 & leur Prince, & monſtrer clairement à nos ROys

449 682 2396 131 que leurs predeceſſeurs ont receu plus de ſeruice,

442 816 2413 121 d’accroiſſement & d’vtilité par les humbles reſi¬

437 944 2418 117 ſtances & raiſonnables remonſtrances de leurs bõs

444 1078 2411 133 & roides ſubiects, que par l’aquieſcement, congra

439 1206 2418 120 tulation & ſubmiſsion ou des flateurs, ou des laſ¬

435 1335 2420 124 ches ſeruiteurs & ſubiects: deſquels les vns n’ont

435 1468 2417 124 en le ſens & ſauoir de bien digerer leurs comman¬

430 1590 2425 122 demens, & entẽdre s’ils eſtoyent iuſtes & faiſables

425 1733 2432 119 ou non: Les autres ont eſté ſi corrompus qu’ils ont

423 1859 2434 129 faict les aueugles en plein midi.Et pour ce faire paſ

418 1985 2432 134 ſant legerement! la difference qui eſt entre le bon

418 2116 2432 131 ſeruiteur & le corrõpu, l’amy & le ſſateur, du pre¬

414 2252 2431 128 mier deſquels on ne reçoit que verité, diſcipline &

411 2383 2432 119 inſtitution: du dernier tenebres obſcurité corru¬

421 2509 2424 136 ption & malheur: toute perſonne bien auiſee iuge

411 2640 2437 129 ta’eſtre à plus grand heur de tomber en la corre¬

409 2776 2441 124 ction & calomnie de ſon ennemy, qu’en la circun¬

409 2907 2429 126 uention & tromperie de l’amy corropu & flateur.

407 3042 2431 122 Car combien que l’ennemy reprenne trop aigre¬

400 3169 2441 119 ment les fautes, toutesfois il les reprend en ſorte

395 3300 2446 128 que nous en tirons quelque vtilité, & craignons de

393 3421 2438 145 faillir & chopper deuãt luy: & en ce faiſant il nous

395 3555 2436 133 retient enbride & office: mais le flateur & corrom

414 3683 2417 136 pu, orne & ampliſie plus les erreurs & vices de ce¬

395 3810 2436 142 lui qu’il flatte, qu’il ne faict ſes vertus & biẽsfaicts,

1582 49 149 117 398

2682 3973 161 101 en
