<?xml version="1.0" encoding="UTF-8"?>
<alto xmlns:xsi="http://www.w3.org/2001/XMLSchema-instance"
      xmlns="http://www.loc.gov/standards/alto/ns-v4#"
      xsi:schemaLocation="http://www.loc.gov/standards/alto/ns-v4# http://www.loc.gov/standards/alto/v4/alto-4-2.xsd">
  <Description>
    <MeasurementUnit>pixel</MeasurementUnit>
    <sourceImageInformation>
      <fileName>page_00006.png</fileName>
      <fileIdentifier>mets//Question_Politique.zip/page_00006.png</fileIdentifier>
    </sourceImageInformation>
  </Description>
  <Tags>
    <OtherTag ID="BT7" LABEL="CustomZone" DESCRIPTION="block type CustomZone"/><OtherTag ID="BT8" LABEL="DamageZone" DESCRIPTION="block type DamageZone"/><OtherTag ID="BT9" LABEL="DigitizationArtefactZone" DESCRIPTION="block type DigitizationArtefactZone"/><OtherTag ID="BT10" LABEL="DropCapitalZone" DESCRIPTION="block type DropCapitalZone"/><OtherTag ID="BT11" LABEL="GraphicZone" DESCRIPTION="block type GraphicZone"/><OtherTag ID="BT12" LABEL="MainZone" DESCRIPTION="block type MainZone"/><OtherTag ID="BT13" LABEL="MarginTextZone" DESCRIPTION="block type MarginTextZone"/><OtherTag ID="BT14" LABEL="MusicZone" DESCRIPTION="block type MusicZone"/><OtherTag ID="BT15" LABEL="NumberingZone" DESCRIPTION="block type NumberingZone"/><OtherTag ID="BT17" LABEL="QuireMarksZone" DESCRIPTION="block type QuireMarksZone"/><OtherTag ID="BT18" LABEL="RunningTitleZone" DESCRIPTION="block type RunningTitleZone"/><OtherTag ID="BT19" LABEL="SealZone" DESCRIPTION="block type SealZone"/><OtherTag ID="BT20" LABEL="StampZone" DESCRIPTION="block type StampZone"/><OtherTag ID="BT21" LABEL="TableZone" DESCRIPTION="block type TableZone"/><OtherTag ID="BT22" LABEL="TitlePageZone" DESCRIPTION="block type TitlePageZone"/><OtherTag ID="BT100001" LABEL="MainZone-Head" DESCRIPTION="block type MainZone-Head"/><OtherTag ID="BT100005" LABEL="MainZone-P" DESCRIPTION="block type MainZone-P"/><OtherTag ID="BT100006" LABEL="MainZone-Continued" DESCRIPTION="block type MainZone-Continued"/>
    <OtherTag ID="LT7" LABEL="CustomLine" DESCRIPTION="line type CustomLine"/><OtherTag ID="LT8" LABEL="DefaultLine" DESCRIPTION="line type DefaultLine"/><OtherTag ID="LT9" LABEL="DropCapitalLine" DESCRIPTION="line type DropCapitalLine"/><OtherTag ID="LT10" LABEL="HeadingLine" DESCRIPTION="line type HeadingLine"/><OtherTag ID="LT11" LABEL="InterlinearLine" DESCRIPTION="line type InterlinearLine"/><OtherTag ID="LT12" LABEL="MusicLine" DESCRIPTION="line type MusicLine"/><OtherTag ID="LT768" LABEL="default" DESCRIPTION="line type default"/>
  </Tags>
  <Layout>
    <Page WIDTH="2977"
          HEIGHT="4210"
          PHYSICAL_IMG_NR="5"
          ID="eSc_dummypage_">
      <PrintSpace HPOS="0"
                  VPOS="0"
                  WIDTH="2977"
                  HEIGHT="4210">
        <TextBlock HPOS="195"
                   VPOS="201"
                   WIDTH="2586"
                   HEIGHT="3795"
                   ID="eSc_textblock_6b925108"
                   TAGREFS="BT100006">
          <Shape><Polygon POINTS="195 201 195 3996 2781 3996 2781 201"/></Shape>
          <TextLine ID="eSc_line_d400d447"
                    TAGREFS="LT8"
                    BASELINE="322 304 2728 287" 
                    HPOS="320"
                    VPOS="191"
                    WIDTH="2408"
                    HEIGHT="157">
            <Shape><Polygon POINTS="322 304 322 348 404 346 407 346 463 320 662 329 664 329 746 318 812 341 821 343 823 343 826 346 901 346 901 343 903 343 905 343 912 339 947 318 1006 315 1188 327 1191 327 1301 315 1338 327 1341 327 1343 327 1345 327 1378 315 1516 327 1528 327 1530 327 1582 325 1736 320 1767 322 1898 336 1900 336 1902 336 1905 336 1933 320 1947 311 1979 318 2001 322 2003 322 2085 315 2167 311 2190 315 2279 334 2281 336 2377 336 2377 334 2380 334 2382 334 2417 313 2644 322 2647 322 2726 304 2728 287 2726 222 2663 194 2661 194 2658 194 2656 194 2572 219 2511 191 2508 191 2427 191 2424 191 2422 191 2356 222 2356 224 2251 224 2087 224 2029 196 2026 196 1963 196 1961 196 1958 196 1956 196 1909 224 1907 226 1731 226 1729 224 1680 198 1678 198 1675 198 1575 210 1539 198 1537 198 1535 198 1532 198 1481 226 1476 229 1212 229 1202 226 1139 201 1137 201 1135 201 1132 201 1085 226 1083 229 1001 233 840 233 830 226 781 203 779 203 777 203 493 205 491 205 461 222 430 205 428 205 355 205 353 205 351 205 348 205 320 224 322 304"/></Shape>
	    <String CONTENT="Auſsi de luy vouloir conſeiller qu’il entrepriſt tel¬"
                    HPOS="320"
                    VPOS="191"
                    WIDTH="2408"
                    HEIGHT="157"
                    WC="0.9824269346471103"></String>
          </TextLine>
          <TextLine ID="eSc_line_5cf1f519"
                    TAGREFS="LT8"
                    BASELINE="325 432 2724 421" 
                    HPOS="322"
                    VPOS="329"
                    WIDTH="2402"
                    HEIGHT="131">
            <Shape><Polygon POINTS="325 432 325 451 1165 449 1167 449 1224 460 1226 460 1282 446 1291 446 1308 446 1408 458 1411 458 1413 458 1446 446 1451 446 1469 446 1647 458 1649 458 1652 458 1675 446 1759 458 1762 458 1965 444 1979 444 1991 444 2108 456 2111 456 2199 444 2235 456 2237 456 2239 456 2242 456 2244 456 2260 442 2265 442 2312 442 2649 453 2651 453 2721 439 2724 421 2719 360 2670 360 2668 357 2621 329 2618 329 2616 329 2614 329 2555 341 2537 329 2534 329 2532 329 2403 329 2401 329 2398 329 2347 357 2328 357 2225 360 2216 357 2155 332 2153 332 2150 332 2036 355 2015 362 1832 362 1820 355 1771 332 1769 332 1767 332 1687 334 1685 334 1649 353 1591 334 1589 334 1586 334 1584 334 1582 334 1549 355 1532 364 1488 364 1469 353 1434 334 1432 334 1429 334 1427 334 1380 353 1359 364 1249 367 1116 367 1092 353 1062 336 1060 336 989 336 987 336 985 336 950 353 926 364 786 369 706 369 676 350 657 339 655 339 652 339 557 339 554 339 552 339 526 350 486 367 421 350 379 339 376 339 374 339 322 348 325 432"/></Shape>
	    <String CONTENT="les actions ciuiles auec l’aide ſupport &amp; conſeil des"
                    HPOS="322"
                    VPOS="329"
                    WIDTH="2402"
                    HEIGHT="131"
                    WC="0.9895795696186569"></String>
          </TextLine>
          <TextLine ID="eSc_line_daf06f34"
                    TAGREFS="LT8"
                    BASELINE="325 561 2738 556" 
                    HPOS="322"
                    VPOS="474"
                    WIDTH="2416"
                    HEIGHT="129">
            <Shape><Polygon POINTS="325 561 325 575 449 591 451 591 561 582 601 601 603 601 606 603 709 603 709 601 711 601 713 601 751 580 791 580 884 601 887 601 889 601 938 577 1097 589 1099 589 1308 587 1310 587 1334 575 1369 591 1371 591 1373 591 1439 584 1528 601 1530 601 1659 598 1785 573 1792 573 1802 573 1902 594 1905 594 1998 582 2029 598 2031 598 2033 598 2036 598 2097 575 2178 573 2202 573 2225 584 2228 584 2230 584 2735 570 2738 556 2733 498 2604 491 2579 474 2576 474 2574 474 2572 474 2356 493 2216 474 2214 474 2211 474 2153 495 2010 484 2008 484 1797 495 1649 474 1647 474 1645 474 1605 495 1434 477 1432 477 1429 477 1380 498 1090 486 1088 486 1085 486 1050 500 521 500 479 477 477 477 386 477 383 477 381 477 322 498 325 561"/></Shape>
	    <String CONTENT="eſtrangers, reiettant celuy des ſiens, ce ſeroit faire"
                    HPOS="322"
                    VPOS="474"
                    WIDTH="2416"
                    HEIGHT="129"
                    WC="0.9893523112491325"></String>
          </TextLine>
          <TextLine ID="eSc_line_68761863"
                    TAGREFS="LT8"
                    BASELINE="322 694 2735 678" 
                    HPOS="320"
                    VPOS="598"
                    WIDTH="2415"
                    HEIGHT="136">
            <Shape><Polygon POINTS="322 694 322 713 484 713 486 713 521 732 524 732 526 734 638 734 638 732 641 732 704 711 711 711 732 711 961 729 964 729 966 729 1029 708 1036 708 1205 708 1207 708 1226 720 1228 720 1231 720 1233 720 1327 708 1350 720 1352 720 1355 720 1451 708 1565 720 1568 720 2024 708 2104 720 2106 720 2108 720 2162 706 2541 713 2544 713 2546 713 2548 713 2572 699 2625 715 2628 715 2630 715 2733 696 2735 678 2731 608 2642 598 2639 598 2637 598 2635 598 2621 608 2597 622 2225 622 2207 612 2188 601 2185 601 2183 601 2111 601 2108 601 2106 601 2104 601 2082 615 2068 622 2054 615 2029 603 2026 603 1958 603 1956 603 1954 603 1951 603 1930 617 1914 626 1139 629 1130 626 1114 617 1111 617 1109 617 1107 617 1104 617 1090 626 1085 629 1074 626 1008 608 1006 608 1004 608 910 629 891 633 730 633 718 631 615 612 613 612 519 626 430 612 428 612 320 633 322 694"/></Shape>
	    <String CONTENT="nauiger vn pilote en mer inconneüe, &amp; manier af¬"
                    HPOS="320"
                    VPOS="598"
                    WIDTH="2415"
                    HEIGHT="136"
                    WC="0.9965852742292443"></String>
          </TextLine>
          <TextLine ID="eSc_line_64e2aca6"
                    TAGREFS="LT8"
                    BASELINE="320 823 2738 813" 
                    HPOS="318"
                    VPOS="729"
                    WIDTH="2420"
                    HEIGHT="122">
            <Shape><Polygon POINTS="320 823 320 839 748 851 751 851 809 839 812 839 814 839 919 851 922 851 1254 837 1275 837 1280 837 1366 851 1369 851 1476 837 1500 849 1502 849 1504 849 1708 839 1881 851 1884 851 1886 851 1912 839 1944 851 1947 851 1949 851 1951 851 1954 851 1975 839 2291 849 2293 849 2295 849 2298 849 2321 834 2541 844 2544 844 2738 830 2738 813 2733 753 2204 750 2167 729 2164 729 2162 729 2073 748 2033 760 1706 760 1685 748 1652 732 1649 732 1584 732 1582 732 1579 732 1577 732 1554 748 1535 757 1500 746 1458 734 1455 734 1289 734 1287 734 1235 746 1184 757 1095 746 1013 734 1011 734 1008 734 973 746 917 764 608 764 582 750 580 750 578 750 512 760 437 743 407 736 404 736 318 741 320 823"/></Shape>
	    <String CONTENT="faires en tenebres &amp; à taſtons, conſequemment"
                    HPOS="318"
                    VPOS="729"
                    WIDTH="2420"
                    HEIGHT="122"
                    WC="0.9972207662851914"></String>
          </TextLine>
          <TextLine ID="eSc_line_1824382f"
                    TAGREFS="LT8"
                    BASELINE="325 956 2731 944" 
                    HPOS="322"
                    VPOS="860"
                    WIDTH="2409"
                    HEIGHT="131">
            <Shape><Polygon POINTS="325 956 325 991 447 972 1097 982 1193 982 1195 982 1209 979 1261 970 1280 979 1296 987 1298 987 1301 989 1387 989 1387 987 1390 987 1425 977 1453 970 1539 975 1710 987 1713 987 1792 972 1827 965 1851 970 1881 979 1884 979 1886 979 1888 979 1891 979 1905 970 1914 965 2008 968 2207 977 2209 977 2314 965 2335 963 2382 963 2700 972 2703 972 2705 972 2731 958 2731 944 2728 877 2700 860 2698 860 2696 860 2635 860 2632 860 2630 860 2572 881 2565 881 2553 881 2466 867 2464 867 2462 867 2459 867 2438 881 2377 881 2235 884 2232 884 2195 863 2192 863 2078 863 2075 863 2073 863 2010 884 2008 884 1951 863 1949 863 1825 863 1823 863 1820 863 1818 863 1781 886 1612 886 1579 886 1577 886 1542 865 1539 865 1537 865 1460 865 1458 865 1455 865 1408 886 1355 877 1352 877 1270 888 1235 867 1233 867 1231 867 1163 867 1160 867 1158 867 1102 888 994 877 992 877 571 891 505 879 503 879 404 891 346 881 344 881 341 881 339 881 322 888 325 956"/></Shape>
	    <String CONTENT="peruertir tout ordre politique. Pareillement ce ſe"
                    HPOS="322"
                    VPOS="860"
                    WIDTH="2409"
                    HEIGHT="131"
                    WC="0.9990288937091827"></String>
          </TextLine>
          <TextLine ID="eSc_line_baeeaa08"
                    TAGREFS="LT8"
                    BASELINE="318 1085 2717 1078" 
                    HPOS="315"
                    VPOS="989"
                    WIDTH="2402"
                    HEIGHT="126">
            <Shape><Polygon POINTS="318 1085 318 1101 751 1115 753 1115 1050 1103 1221 1099 1355 1106 1462 1110 1465 1110 1467 1110 1479 1106 1490 1099 1502 1106 1514 1113 1516 1113 1518 1113 1521 1115 1635 1115 1635 1113 1678 1106 1722 1099 1736 1106 1745 1113 1748 1113 1750 1113 1752 1115 1862 1115 1862 1113 1895 1106 1940 1099 2256 1108 2368 1110 2370 1110 2408 1108 2565 1096 2712 1108 2717 1078 2712 1012 2572 1012 2534 989 2532 989 2529 989 2457 989 2455 989 2452 989 2450 989 2412 1012 2408 1015 2207 1015 2204 1012 2164 989 2162 989 2160 989 2045 989 2043 989 2040 989 2038 989 1998 1012 1752 991 1750 991 1748 991 1745 991 1708 1015 1703 1017 1652 1017 1647 1015 1610 991 1607 991 1605 991 1554 991 1551 991 1549 991 1504 1015 1465 991 1462 991 1460 991 1413 991 1411 991 1408 991 1406 991 1366 1015 1359 1015 1240 1005 1238 1005 1048 1017 1015 1017 1011 1017 947 994 945 994 943 994 940 994 896 1017 894 1017 856 994 854 994 851 994 807 994 805 994 802 994 753 1017 713 994 711 994 709 994 613 994 610 994 608 994 554 1017 491 1005 489 1005 315 1017 318 1085"/></Shape>
	    <String CONTENT="roit offenſer les autres belles &amp; loüables qualitez,"
                    HPOS="315"
                    VPOS="989"
                    WIDTH="2402"
                    HEIGHT="126"
                    WC="0.9910737051154083"></String>
          </TextLine>
          <TextLine ID="eSc_line_9365a66d"
                    TAGREFS="LT8"
                    BASELINE="318 1213 2728 1206" 
                    HPOS="315"
                    VPOS="1132"
                    WIDTH="2413"
                    HEIGHT="119">
            <Shape><Polygon POINTS="318 1213 318 1246 425 1251 428 1251 430 1251 439 1246 465 1232 774 1244 816 1244 819 1244 830 1244 891 1232 1158 1239 1238 1241 1240 1241 1254 1239 1296 1230 1497 1237 1687 1244 1689 1244 1692 1244 1708 1234 1715 1232 1759 1234 1855 1241 1858 1241 1921 1234 1965 1227 1994 1232 2061 1246 2064 1248 2183 1248 2183 1246 2185 1246 2214 1230 2221 1227 2230 1230 2279 1246 2281 1246 2284 1248 2382 1248 2382 1246 2384 1246 2387 1246 2412 1230 2434 1239 2436 1239 2438 1239 2726 1225 2728 1206 2726 1143 2686 1132 2684 1132 2682 1132 2597 1143 2558 1148 2464 1143 2302 1136 2300 1136 2298 1136 2295 1136 2281 1146 2277 1148 2225 1146 2118 1139 2115 1139 1954 1148 1877 1150 1862 1148 1832 1139 1830 1139 1827 1139 1762 1148 1741 1150 1736 1148 1703 1132 1701 1132 1607 1132 1605 1132 1603 1132 1535 1150 1525 1150 1516 1150 1422 1132 1266 1132 1263 1132 1261 1132 1217 1148 1006 1134 1004 1134 898 1153 894 1155 739 1155 615 1155 589 1141 587 1141 585 1141 582 1141 545 1153 475 1136 472 1136 315 1155 318 1213"/></Shape>
	    <String CONTENT="qu’on a accouſtumé d’attribuer reciproquement"
                    HPOS="315"
                    VPOS="1132"
                    WIDTH="2413"
                    HEIGHT="119"
                    WC="0.996992958628613"></String>
          </TextLine>
          <TextLine ID="eSc_line_81ca72de"
                    TAGREFS="LT8"
                    BASELINE="315 1344 2712 1344" 
                    HPOS="315"
                    VPOS="1251"
                    WIDTH="2397"
                    HEIGHT="131">
            <Shape><Polygon POINTS="315 1344 315 1368 695 1379 697 1379 748 1370 760 1368 769 1370 793 1377 795 1377 798 1377 800 1377 814 1370 830 1361 1060 1370 1179 1375 1181 1375 1273 1370 1429 1363 1544 1370 1659 1379 1661 1379 1729 1372 1783 1365 1797 1372 1804 1375 1806 1375 1809 1375 1811 1375 1818 1372 1841 1361 1860 1372 1865 1375 1867 1375 1869 1375 1872 1375 1888 1372 1919 1365 1930 1372 1942 1379 1944 1379 1947 1379 1949 1382 2064 1382 2064 1379 2099 1372 2153 1361 2635 1361 2658 1372 2668 1379 2670 1379 2672 1379 2675 1379 2712 1372 2712 1344 2712 1281 2597 1270 2565 1251 2562 1251 2370 1251 2368 1251 2366 1251 2328 1272 2293 1251 2291 1251 2288 1251 2239 1251 2237 1251 2235 1251 2157 1281 1968 1281 1884 1251 1881 1251 1879 1251 1877 1251 1823 1281 1425 1281 1355 1251 1352 1251 1350 1251 1348 1251 1284 1277 1242 1251 1240 1251 1238 1251 1074 1251 1071 1251 1069 1251 1004 1274 929 1251 926 1251 924 1251 922 1251 868 1281 835 1281 795 1255 793 1255 791 1255 737 1251 734 1251 732 1251 730 1251 685 1279 606 1279 535 1251 533 1251 475 1251 472 1251 470 1251 414 1281 315 1281 315 1344"/></Shape>
	    <String CONTENT="au Roy &amp; à ſes ſubiects: comme de pere &amp; d’ẽfans,"
                    HPOS="315"
                    VPOS="1251"
                    WIDTH="2397"
                    HEIGHT="131"
                    WC="0.9893478213572034"></String>
          </TextLine>
          <TextLine ID="eSc_line_e0197331"
                    TAGREFS="LT8"
                    BASELINE="313 1478 2733 1466" 
                    HPOS="311"
                    VPOS="1379"
                    WIDTH="2422"
                    HEIGHT="138">
            <Shape><Polygon POINTS="313 1478 313 1496 856 1494 861 1494 894 1515 896 1515 898 1515 901 1517 1111 1517 1111 1515 1240 1499 1357 1513 1359 1513 1362 1513 1401 1494 1603 1513 1605 1513 1750 1492 1750 1489 1898 1489 1905 1489 1979 1506 1982 1506 1984 1506 2015 1494 2045 1506 2047 1506 2050 1506 2258 1492 2317 1508 2319 1508 2321 1508 2324 1508 2326 1508 2359 1487 2361 1487 2373 1487 2544 1508 2546 1508 2548 1508 2602 1487 2731 1487 2733 1466 2726 1405 2485 1405 2480 1405 2436 1379 2434 1379 2361 1379 2359 1379 2356 1379 2354 1379 2312 1405 2309 1408 2199 1408 2192 1405 2134 1382 2132 1382 2075 1382 2073 1382 2071 1382 2017 1408 2012 1408 2008 1408 1930 1382 1928 1382 1926 1382 1923 1382 1921 1382 1881 1408 1877 1410 1518 1410 1514 1408 1474 1384 1472 1384 1469 1384 1427 1384 1425 1384 1422 1384 1420 1384 1380 1408 1376 1412 1284 1412 1280 1410 1238 1386 1235 1386 1121 1386 1118 1386 1116 1386 1064 1410 1057 1412 1027 1410 809 1386 807 1386 805 1386 730 1410 727 1410 348 1389 346 1389 344 1389 341 1389 311 1405 313 1478"/></Shape>
	    <String CONTENT="dé tuteur &amp; pupilles, de patron &amp; cliens, de pro¬"
                    HPOS="311"
                    VPOS="1379"
                    WIDTH="2422"
                    HEIGHT="138"
                    WC="0.9807636344432831"></String>
          </TextLine>
          <TextLine ID="eSc_line_ec9c3e19"
                    TAGREFS="LT8"
                    BASELINE="308 1606 2738 1599" 
                    HPOS="306"
                    VPOS="1510"
                    WIDTH="2432"
                    HEIGHT="122">
            <Shape><Polygon POINTS="308 1606 308 1623 1923 1632 1926 1632 2092 1620 2663 1630 2665 1630 2738 1616 2738 1599 2731 1538 2679 1538 2675 1538 2630 1510 2628 1510 2625 1510 2515 1510 2513 1510 2511 1510 2450 1531 2408 1510 2405 1510 2349 1510 2347 1510 2345 1510 2307 1529 2228 1510 2225 1510 2223 1510 2143 1538 2139 1538 2017 1527 2015 1527 1776 1541 1745 1541 1743 1541 1692 1513 1689 1513 1612 1513 1610 1513 1607 1513 1605 1513 1565 1536 1504 1513 1502 1513 1500 1513 1497 1513 1434 1541 1434 1543 1263 1543 1263 1541 1226 1527 1224 1527 1221 1527 1219 1527 1174 1541 1104 1515 1102 1515 1008 1515 1006 1515 1004 1515 938 1543 936 1546 823 1546 821 1543 774 1515 772 1515 769 1515 725 1515 723 1515 720 1515 650 1534 631 1522 629 1522 627 1522 624 1522 622 1522 620 1522 594 1538 493 1538 458 1524 456 1524 454 1524 306 1543 308 1606"/></Shape>
	    <String CONTENT="cureurs &amp; conſtituans, pluſieurs autres de ſembla¬"
                    HPOS="306"
                    VPOS="1510"
                    WIDTH="2432"
                    HEIGHT="122"
                    WC="0.9950577509403229"></String>
          </TextLine>
          <TextLine ID="eSc_line_140ea3f4"
                    TAGREFS="LT8"
                    BASELINE="306 1740 2728 1730" 
                    HPOS="304"
                    VPOS="1641"
                    WIDTH="2424"
                    HEIGHT="129">
            <Shape><Polygon POINTS="306 1740 306 1756 851 1756 861 1756 1046 1770 1048 1770 1050 1770 1053 1770 1078 1756 1635 1765 1638 1765 1640 1765 1666 1754 1673 1754 1855 1768 1858 1768 1860 1768 1907 1754 2099 1765 2101 1765 2181 1751 2202 1749 2265 1751 2443 1761 2445 1761 2726 1749 2728 1730 2724 1667 2394 1641 2391 1641 2389 1641 2338 1662 2326 1669 1795 1669 1774 1658 1745 1644 1743 1644 1689 1644 1687 1644 1685 1644 1682 1644 1661 1658 1640 1669 1584 1658 1572 1655 1570 1655 1568 1655 1561 1658 1509 1672 1420 1660 1418 1660 1275 1672 1219 1655 1191 1646 1188 1646 1121 1646 1118 1646 1116 1646 1102 1653 1067 1672 954 1653 915 1646 912 1646 910 1646 908 1646 901 1651 884 1662 833 1651 814 1648 812 1648 809 1648 800 1651 723 1674 510 1655 507 1655 505 1655 475 1669 435 1648 432 1648 304 1648 306 1740"/></Shape>
	    <String CONTENT="ble trame: leſquelles auſsi ne ſe peuuent conſiderer"
                    HPOS="304"
                    VPOS="1641"
                    WIDTH="2424"
                    HEIGHT="129"
                    WC="0.9979344686636558"></String>
          </TextLine>
          <TextLine ID="eSc_line_16cd5aff"
                    TAGREFS="LT8"
                    BASELINE="304 1868 2728 1864" 
                    HPOS="301"
                    VPOS="1772"
                    WIDTH="2427"
                    HEIGHT="115">
            <Shape><Polygon POINTS="304 1868 304 1887 2726 1885 2728 1864 2724 1798 2485 1772 2483 1772 2480 1772 2478 1772 2438 1798 2434 1800 2279 1800 2274 1798 2176 1772 2174 1772 2171 1772 2169 1772 2167 1772 2125 1798 2122 1800 1769 1800 1767 1798 1720 1772 1717 1772 1666 1772 1664 1772 1661 1772 1584 1798 1514 1772 1511 1772 1509 1772 1507 1772 1504 1772 1469 1796 1429 1775 1427 1775 1252 1775 1249 1775 1247 1775 1245 1775 1214 1793 1181 1775 1179 1775 1116 1775 1114 1775 1111 1775 1067 1800 1062 1803 861 1803 861 1800 809 1775 807 1775 723 1775 720 1775 718 1775 671 1800 592 1775 589 1775 587 1775 585 1775 531 1800 531 1803 301 1803 304 1868"/></Shape>
	    <String CONTENT="entre les Princes &amp; ſubiects, ſinon auec leurs effets:"
                    HPOS="301"
                    VPOS="1772"
                    WIDTH="2427"
                    HEIGHT="115"
                    WC="0.9944090169888956"></String>
          </TextLine>
          <TextLine ID="eSc_line_9b9e89b6"
                    TAGREFS="LT8"
                    BASELINE="301 2002 2728 1992" 
                    HPOS="299"
                    VPOS="1913"
                    WIDTH="2429"
                    HEIGHT="117">
            <Shape><Polygon POINTS="301 2002 301 2016 692 2027 695 2027 697 2027 732 2016 734 2016 842 2030 844 2030 847 2030 905 2013 912 2013 915 2013 931 2025 933 2025 936 2025 938 2025 1046 2018 1135 2030 1137 2030 1139 2030 1195 2013 1198 2013 1245 2027 1247 2027 1249 2027 1429 2013 1453 2027 1455 2027 1458 2027 1460 2030 1589 2030 1589 2027 1591 2027 1638 2011 1640 2011 1642 2011 1664 2025 1666 2025 1668 2025 1879 2027 1881 2027 1884 2027 1886 2027 1907 2016 2113 2023 2115 2023 2199 2009 2207 2009 2211 2009 2253 2020 2256 2020 2258 2020 2377 2009 2384 2009 2387 2009 2443 2025 2445 2025 2448 2025 2525 2013 2553 2023 2555 2023 2558 2023 2560 2023 2593 2009 2663 2025 2665 2025 2668 2025 2728 2006 2728 1992 2721 1931 2366 1931 2363 1931 2333 1913 2331 1913 2328 1913 2246 1913 2244 1913 2242 1913 2239 1913 2209 1931 2207 1934 2082 1934 2078 1934 2057 1920 2054 1920 2052 1920 2050 1920 2047 1920 2045 1920 2024 1934 1867 1934 1692 1934 1633 1915 1631 1915 1514 1915 1511 1915 1509 1915 1448 1936 1444 1936 1434 1936 1364 1924 1362 1924 1217 1936 1207 1936 1205 1936 1167 1922 1165 1922 1163 1922 924 1936 889 1920 887 1920 781 1920 779 1920 777 1920 720 1938 718 1938 713 1938 624 1924 622 1924 549 1936 521 1922 519 1922 517 1922 514 1922 484 1938 482 1938 344 1927 341 1927 339 1927 299 1938 301 2002"/></Shape>
	    <String CONTENT="car tous tels noms ont eſté empruntez de nos a¬"
                    HPOS="299"
                    VPOS="1913"
                    WIDTH="2429"
                    HEIGHT="117"
                    WC="0.999685313552618"></String>
          </TextLine>
          <TextLine ID="eSc_line_7f3a0ba7"
                    TAGREFS="LT8"
                    BASELINE="297 2126 1930 2133 2724 2123" 
                    HPOS="294"
                    VPOS="2044"
                    WIDTH="2430"
                    HEIGHT="117">
            <Shape><Polygon POINTS="297 2126 294 2142 821 2161 823 2161 826 2161 868 2147 1004 2161 1006 2161 1322 2158 1324 2158 1371 2147 1411 2161 1413 2161 1415 2161 2721 2144 2724 2123 2721 2072 2595 2053 2593 2053 2483 2062 2452 2046 2450 2046 2288 2046 2286 2046 2284 2046 2253 2062 2146 2053 2143 2053 2085 2065 2075 2067 2066 2065 2017 2055 2015 2055 2012 2055 2010 2055 1994 2065 1987 2069 1961 2065 1909 2055 1907 2055 1862 2065 1834 2069 1823 2065 1809 2058 1806 2058 1804 2058 1579 2062 1205 2069 1156 2058 1139 2055 1137 2055 1135 2055 1121 2058 1076 2072 844 2072 741 2065 725 2055 702 2044 699 2044 627 2044 624 2044 622 2044 594 2053 559 2069 503 2069 477 2053 461 2044 458 2044 456 2044 454 2044 297 2051 297 2126"/></Shape>
	    <String CONTENT="ctions &amp; negociations communes, pour faire en¬"
                    HPOS="294"
                    VPOS="2044"
                    WIDTH="2430"
                    HEIGHT="117"></String>
          </TextLine>
          <TextLine ID="eSc_line_5e027cf6"
                    TAGREFS="LT8"
                    BASELINE="294 2257 2731 2261" 
                    HPOS="292"
                    VPOS="2165"
                    WIDTH="2439"
                    HEIGHT="129">
            <Shape><Polygon POINTS="294 2257 292 2273 517 2292 519 2292 634 2278 692 2292 695 2292 697 2294 896 2294 896 2292 898 2292 901 2292 924 2278 1109 2292 1111 2292 1114 2292 1116 2292 1139 2278 1172 2289 1174 2289 1177 2289 1268 2278 1294 2289 1296 2289 1298 2289 1584 2282 1649 2294 1652 2294 1722 2282 1926 2294 1928 2294 1930 2294 1989 2280 2728 2280 2731 2261 2728 2198 2609 2196 2560 2168 2558 2168 2480 2168 2478 2168 2476 2168 2410 2193 2302 2196 2281 2196 2279 2196 2190 2168 2188 2168 2125 2168 2122 2168 2120 2168 2068 2196 2047 2196 1832 2184 1830 2184 1769 2196 1762 2196 1759 2196 1703 2168 1701 2168 1699 2168 1696 2168 1617 2191 1577 2168 1575 2168 1572 2168 1511 2165 1408 2165 1406 2165 1404 2165 1401 2165 1371 2184 1298 2165 1296 2165 1294 2165 1291 2165 1240 2193 1238 2196 973 2196 971 2193 919 2165 917 2165 807 2165 805 2165 802 2165 744 2193 741 2196 592 2196 587 2193 538 2165 535 2165 533 2165 531 2165 454 2193 449 2193 294 2193 294 2257"/></Shape>
	    <String CONTENT="tendre aux Princes &amp; ſubiects que telles qualitez"
                    HPOS="292"
                    VPOS="2165"
                    WIDTH="2439"
                    HEIGHT="129"
                    WC="0.9957830273375219"></String>
          </TextLine>
          <TextLine ID="eSc_line_e5965507"
                    TAGREFS="LT8"
                    BASELINE="292 2392 2724 2392" 
                    HPOS="292"
                    VPOS="2306"
                    WIDTH="2432"
                    HEIGHT="119">
            <Shape><Polygon POINTS="292 2392 292 2411 573 2411 615 2425 617 2425 620 2425 622 2425 683 2411 807 2425 809 2425 1130 2411 1736 2411 1762 2423 1764 2423 1767 2423 2246 2411 2473 2425 2476 2425 2724 2409 2724 2392 2724 2331 2394 2331 2328 2306 2326 2306 2324 2306 2321 2306 2274 2329 2195 2329 2118 2306 2115 2306 1961 2306 1958 2306 1956 2306 1954 2306 1916 2329 1858 2329 1816 2306 1813 2306 1811 2306 1745 2306 1743 2306 1628 2329 1589 2306 1586 2306 1584 2306 1462 2306 1460 2306 1458 2306 1455 2306 1413 2331 1327 2331 1284 2306 1282 2306 1280 2306 1198 2306 1195 2306 1193 2306 1191 2306 1151 2329 1104 2315 1102 2315 1099 2315 1097 2315 1071 2329 847 2329 812 2315 809 2315 807 2315 805 2315 802 2315 781 2329 578 2329 535 2306 533 2306 531 2306 470 2306 468 2306 465 2306 463 2306 421 2331 292 2331 292 2392"/></Shape>
	    <String CONTENT="ne doiuent point eſtre oiſiues &amp; infectueuſes, mais"
                    HPOS="292"
                    VPOS="2306"
                    WIDTH="2432"
                    HEIGHT="119"
                    WC="0.99651804858563"></String>
          </TextLine>
          <TextLine ID="eSc_line_496206ca"
                    TAGREFS="LT8"
                    BASELINE="290 2523 2719 2528" 
                    HPOS="287"
                    VPOS="2427"
                    WIDTH="2432"
                    HEIGHT="129">
            <Shape><Polygon POINTS="290 2523 287 2535 327 2554 329 2554 332 2554 767 2542 1001 2551 1004 2551 1006 2551 1008 2551 1027 2540 1095 2554 1097 2554 1099 2554 1151 2540 1153 2540 1165 2540 1504 2551 1507 2551 1572 2542 1624 2556 1626 2556 1628 2556 1631 2556 1675 2542 1837 2542 1839 2542 1881 2556 1884 2556 1886 2556 1975 2542 1984 2542 2714 2544 2719 2528 2717 2441 2410 2430 2408 2430 2405 2430 2384 2441 2352 2460 2221 2460 2188 2441 2162 2430 2160 2430 2087 2430 2085 2430 2082 2430 2054 2441 2019 2460 1867 2460 1834 2441 1809 2430 1806 2430 1682 2430 1680 2430 1678 2430 1652 2444 1621 2458 1032 2458 1011 2444 982 2427 980 2427 978 2427 940 2427 938 2427 936 2427 905 2444 882 2458 655 2458 634 2446 606 2427 603 2427 601 2427 514 2427 512 2427 510 2427 461 2446 435 2455 416 2446 383 2427 381 2427 325 2427 322 2427 320 2427 290 2441 290 2523"/></Shape>
	    <String CONTENT="ſignifiantes, &amp; conuenantes à leurs offices. C’eſt à"
                    HPOS="287"
                    VPOS="2427"
                    WIDTH="2432"
                    HEIGHT="129"
                    WC="0.9819747938050164"></String>
          </TextLine>
          <TextLine ID="eSc_line_7e31bbe7"
                    TAGREFS="LT8"
                    BASELINE="287 2649 2707 2661" 
                    HPOS="285"
                    VPOS="2570"
                    WIDTH="2422"
                    HEIGHT="124">
            <Shape><Polygon POINTS="287 2649 285 2663 308 2678 311 2678 313 2678 524 2680 526 2680 737 2666 769 2666 788 2668 919 2689 922 2689 1153 2673 1221 2668 1242 2673 1305 2692 1308 2692 1310 2692 1465 2678 1488 2692 1490 2692 1493 2692 1495 2694 1612 2694 1612 2692 1614 2692 1647 2680 1668 2671 1724 2671 1741 2680 1750 2687 1752 2687 1755 2687 1757 2687 1759 2687 1762 2687 1771 2680 1788 2673 1895 2673 1949 2682 2010 2694 2012 2694 2061 2685 2120 2673 2572 2673 2703 2692 2707 2661 2705 2600 2604 2579 2602 2579 2141 2593 2075 2596 2003 2593 1795 2584 1792 2584 1790 2584 1759 2591 1741 2596 1729 2591 1713 2584 1710 2584 1708 2584 1422 2589 1209 2591 1167 2586 1099 2577 1097 2577 1095 2577 1062 2584 1034 2591 746 2591 720 2582 676 2570 674 2570 601 2570 599 2570 596 2570 573 2582 554 2591 416 2591 397 2579 383 2570 381 2570 379 2570 376 2570 287 2577 287 2649"/></Shape>
	    <String CONTENT="ſauoir les vns pour regir, procurer, commander,"
                    HPOS="285"
                    VPOS="2570"
                    WIDTH="2422"
                    HEIGHT="124"
                    WC="0.9996334986483797"></String>
          </TextLine>
          <TextLine ID="eSc_line_3299912a"
                    TAGREFS="LT8"
                    BASELINE="287 2783 2721 2783" 
                    HPOS="287"
                    VPOS="2696"
                    WIDTH="2434"
                    HEIGHT="124">
            <Shape><Polygon POINTS="287 2783 287 2801 402 2820 404 2820 613 2809 695 2820 697 2820 793 2806 896 2816 898 2816 957 2804 1083 2820 1085 2820 1179 2804 1394 2804 1429 2820 1432 2820 1434 2820 1596 2804 1757 2816 1759 2816 1820 2806 1895 2820 1898 2820 2244 2806 2410 2820 2412 2820 2721 2801 2721 2783 2721 2708 2639 2696 2637 2696 2635 2696 2611 2708 2581 2724 2387 2724 2347 2708 2317 2696 2314 2696 2209 2696 2207 2696 2204 2696 2183 2708 2155 2724 2104 2724 2026 2708 1954 2696 1951 2696 1949 2696 1909 2708 1867 2724 1399 2724 1376 2710 1355 2696 1352 2696 1350 2696 1240 2696 1238 2696 1235 2696 1233 2696 1209 2710 1195 2720 1001 2722 980 2710 978 2710 975 2710 973 2710 964 2710 919 2720 905 2710 879 2696 877 2696 875 2696 716 2696 713 2696 711 2696 683 2713 662 2724 439 2724 416 2713 379 2696 376 2696 315 2696 313 2696 311 2696 308 2696 287 2708 287 2783"/></Shape>
	    <String CONTENT="ſoigner, ſoliciter, veiller, negocier, fauoriſer, careſ¬"
                    HPOS="287"
                    VPOS="2696"
                    WIDTH="2434"
                    HEIGHT="124"></String>
          </TextLine>
          <TextLine ID="eSc_line_7046bf1a"
                    TAGREFS="LT8"
                    BASELINE="285 2914 2703 2921" 
                    HPOS="283"
                    VPOS="2825"
                    WIDTH="2420"
                    HEIGHT="133">
            <Shape><Polygon POINTS="285 2914 283 2928 484 2944 486 2944 805 2935 828 2935 830 2935 887 2951 889 2951 891 2954 999 2954 999 2951 1001 2951 1046 2937 1064 2932 1179 2939 1329 2947 1331 2947 1413 2942 1502 2935 1607 2944 1659 2947 1661 2947 1664 2947 1671 2944 1694 2935 1755 2944 1811 2954 1813 2954 1926 2947 2066 2937 2094 2949 2113 2956 2115 2956 2118 2956 2120 2956 2148 2949 2167 2944 2178 2949 2192 2956 2195 2956 2197 2958 2370 2958 2370 2956 2373 2956 2382 2951 2405 2937 2522 2937 2698 2954 2703 2921 2703 2860 2630 2830 2628 2830 2625 2830 2499 2844 2476 2830 2473 2830 2471 2830 2363 2830 2361 2830 2359 2830 2293 2855 2258 2855 2181 2858 2111 2855 2075 2853 2038 2830 2036 2830 2033 2830 1979 2830 1977 2830 1975 2830 1930 2853 1919 2858 1542 2858 1523 2848 1462 2827 1460 2827 1343 2827 1341 2827 1338 2827 1336 2827 1305 2846 1273 2827 1270 2827 1181 2827 1179 2827 1177 2827 1139 2846 1128 2851 1097 2846 1074 2841 1071 2841 1048 2844 1004 2853 788 2841 746 2841 744 2841 720 2841 554 2853 531 2841 503 2825 500 2825 498 2825 496 2825 458 2839 432 2851 404 2839 372 2825 369 2825 367 2825 285 2837 285 2914"/></Shape>
	    <String CONTENT="ſer: les auttes pour flechir: obeir, aider, applaudir,"
                    HPOS="283"
                    VPOS="2825"
                    WIDTH="2420"
                    HEIGHT="133"
                    WC="0.9995830787552727"></String>
          </TextLine>
          <TextLine ID="eSc_line_869dcdf5"
                    TAGREFS="LT8"
                    BASELINE="278 3047 2717 3047" 
                    HPOS="278"
                    VPOS="2958"
                    WIDTH="2439"
                    HEIGHT="126">
            <Shape><Polygon POINTS="278 3047 278 3068 533 3068 559 3082 561 3082 564 3082 566 3082 650 3068 978 3068 1008 3082 1011 3082 1013 3082 1118 3068 1282 3082 1284 3084 1420 3084 1420 3082 1422 3082 1425 3082 1444 3070 1472 3082 1474 3082 1476 3084 1834 3084 1834 3082 1994 3068 2036 3080 2038 3080 2040 3080 2333 3068 2637 3080 2639 3080 2717 3066 2717 3047 2717 2989 2567 2982 2529 2958 2527 2958 2525 2958 2443 2958 2441 2958 2438 2958 2436 2958 2391 2986 2389 2986 2375 2986 2265 2972 2263 2972 2157 2984 2134 2986 2129 2984 2087 2958 2085 2958 2082 2958 2080 2958 1958 2984 1951 2984 1949 2984 1905 2958 1902 2958 1769 2958 1767 2958 1764 2958 1708 2982 1694 2989 1336 2989 1322 2979 1282 2958 1280 2958 1277 2958 1275 2958 1205 2979 1202 2979 1200 2979 1153 2958 1151 2958 1085 2958 1083 2958 1081 2958 1078 2958 1046 2977 1029 2989 744 2989 716 2977 669 2958 667 2958 610 2958 608 2958 606 2958 571 2975 547 2986 404 2982 393 2975 367 2958 365 2958 362 2958 360 2958 278 2972 278 3047"/></Shape>
	    <String CONTENT="ſuiure, honorer, ſoulager, amplifier &amp; autres ſem¬"
                    HPOS="278"
                    VPOS="2958"
                    WIDTH="2439"
                    HEIGHT="126"
                    WC="0.98873242020607"></String>
          </TextLine>
          <TextLine ID="eSc_line_354336ba"
                    TAGREFS="LT8"
                    BASELINE="280 3180 2712 3178" 
                    HPOS="278"
                    VPOS="3089"
                    WIDTH="2434"
                    HEIGHT="129">
            <Shape><Polygon POINTS="280 3180 280 3194 475 3206 477 3206 751 3197 819 3194 828 3197 898 3215 901 3215 903 3218 1041 3218 1041 3215 1043 3215 1111 3197 1121 3194 1128 3197 1149 3206 1151 3206 1153 3206 1308 3197 1355 3194 1385 3197 1500 3208 1502 3208 1554 3197 1565 3194 1572 3197 1607 3213 1610 3213 1612 3213 1727 3199 1802 3215 1804 3215 1970 3201 2153 3215 2155 3215 2242 3199 2340 3215 2342 3215 2345 3215 2347 3215 2373 3199 2710 3197 2712 3178 2707 3117 2291 3117 2277 3113 2209 3089 2207 3089 2204 3089 2111 3110 2082 3117 1764 3117 1745 3106 1722 3094 1720 3094 1717 3094 1715 3094 1673 3106 1671 3106 1668 3106 1640 3089 1638 3089 1635 3089 1572 3103 1523 3117 1277 3117 1238 3101 1207 3089 1205 3089 1121 3089 1118 3089 1116 3089 1114 3089 1097 3099 1074 3113 1039 3099 1025 3094 1022 3094 1020 3094 1018 3094 1004 3099 952 3115 849 3096 805 3089 706 3089 704 3089 702 3089 690 3094 652 3117 599 3117 559 3094 549 3089 547 3089 545 3089 278 3089 280 3180"/></Shape>
	    <String CONTENT="blables effets, que les grans &amp; les petits, les pauures"
                    HPOS="278"
                    VPOS="3089"
                    WIDTH="2434"
                    HEIGHT="129"
                    WC="0.9976560733535073"></String>
          </TextLine>
          <TextLine ID="eSc_line_df44095a"
                    TAGREFS="LT8"
                    BASELINE="278 3309 2712 3316" 
                    HPOS="276"
                    VPOS="3220"
                    WIDTH="2436"
                    HEIGHT="131">
            <Shape><Polygon POINTS="278 3309 276 3323 369 3339 372 3339 374 3339 400 3328 503 3339 505 3339 657 3332 681 3344 683 3344 685 3344 767 3330 840 3344 842 3344 1048 3328 1104 3339 1107 3339 1371 3335 1392 3346 1394 3346 1397 3346 1399 3346 1582 3330 1989 3330 2071 3349 2073 3351 2293 3351 2293 3349 2405 3332 2525 3349 2527 3349 2529 3349 2560 3332 2710 3330 2712 3316 2710 3248 2651 3248 2649 3246 2614 3225 2611 3225 2609 3225 2553 3225 2551 3225 2548 3225 2508 3246 2506 3248 2466 3248 2464 3246 2424 3225 2422 3225 2305 3225 2302 3225 2300 3225 2242 3246 2237 3248 2104 3248 2097 3244 2066 3225 2064 3225 2061 3225 2005 3225 2003 3225 2001 3225 1965 3244 1961 3246 1867 3244 1628 3234 1626 3234 1561 3241 1537 3244 1532 3241 1502 3222 1500 3222 1497 3222 1495 3222 1493 3222 1429 3241 1420 3244 1413 3241 1373 3222 1371 3222 1369 3222 1366 3222 1319 3237 1282 3222 1280 3222 1277 3222 1275 3222 1247 3237 1174 3222 1172 3222 1170 3222 1137 3239 1128 3244 819 3244 809 3239 781 3220 779 3220 777 3220 774 3220 688 3237 667 3241 648 3237 582 3220 580 3220 533 3220 531 3220 528 3220 498 3237 486 3244 404 3244 393 3237 367 3220 365 3220 362 3220 360 3220 278 3234 278 3309"/></Shape>
	    <String CONTENT="&amp; riches, les peres &amp; fils, les tuteurs &amp; pupilles, les"
                    HPOS="276"
                    VPOS="3220"
                    WIDTH="2436"
                    HEIGHT="131"
                    WC="0.986741368337111"></String>
          </TextLine>
          <TextLine ID="eSc_line_094e1614"
                    TAGREFS="LT8"
                    BASELINE="269 3438 2712 3449" 
                    HPOS="266"
                    VPOS="3351"
                    WIDTH="2446"
                    HEIGHT="129">
            <Shape><Polygon POINTS="269 3438 266 3454 304 3468 306 3468 308 3468 402 3459 505 3470 507 3470 573 3456 758 3475 760 3475 912 3459 1088 3475 1090 3475 1238 3463 1259 3477 1261 3477 1263 3477 1266 3480 1376 3480 1376 3477 1378 3477 1422 3461 1872 3461 1949 3477 1951 3477 1954 3477 1989 3463 2707 3463 2712 3449 2712 3372 2602 3360 2600 3360 2597 3360 2576 3372 2560 3382 2401 3382 2356 3372 2307 3360 2169 3358 2167 3358 2164 3358 2136 3372 2115 3384 1994 3384 1975 3372 1951 3358 1949 3358 1947 3358 1888 3358 1886 3358 1884 3358 1844 3372 1816 3382 1792 3372 1785 3370 1783 3370 1781 3370 1614 3372 1252 3379 1238 3372 1202 3353 1200 3353 1139 3353 1137 3353 1135 3353 1132 3353 1099 3372 1090 3379 760 3379 734 3375 601 3351 599 3351 596 3351 594 3351 557 3375 552 3377 454 3377 449 3375 411 3351 409 3351 407 3351 334 3351 332 3351 329 3351 269 3372 269 3438"/></Shape>
	    <String CONTENT="cliens &amp; patrons, les procureurs &amp; conſtituans ſe"
                    HPOS="266"
                    VPOS="3351"
                    WIDTH="2446"
                    HEIGHT="129"
                    WC="0.9987221250728685"></String>
          </TextLine>
          <TextLine ID="eSc_line_4acdf7c5"
                    TAGREFS="LT8"
                    BASELINE="271 3566 2710 3580" 
                    HPOS="269"
                    VPOS="3487"
                    WIDTH="2441"
                    HEIGHT="119">
            <Shape><Polygon POINTS="271 3566 269 3580 327 3597 329 3597 332 3597 334 3597 358 3587 688 3599 690 3599 1034 3587 1081 3601 1083 3601 1085 3601 1228 3590 1275 3601 1277 3601 1280 3601 1476 3590 2010 3606 2012 3606 2143 3594 2352 3606 2354 3606 2707 3594 2710 3580 2710 3517 2675 3498 2672 3498 2670 3498 2548 3515 2520 3520 2497 3515 2415 3498 2412 3498 2228 3515 2176 3517 2162 3513 2122 3498 2120 3498 2118 3498 2054 3513 2031 3517 2008 3513 1956 3501 1954 3501 1804 3510 1764 3513 1759 3510 1734 3494 1731 3494 1729 3494 1647 3494 1645 3494 1642 3494 1600 3510 1584 3515 1521 3508 1399 3496 1397 3496 1315 3508 1270 3513 1118 3505 1001 3501 999 3501 908 3503 769 3510 758 3503 734 3489 732 3489 730 3489 727 3489 652 3503 617 3510 414 3510 400 3501 376 3487 374 3487 372 3487 369 3487 271 3498 271 3566"/></Shape>
	    <String CONTENT="doiuent les vns aux autres: &amp; partant ne ſe peut"
                    HPOS="269"
                    VPOS="3487"
                    WIDTH="2441"
                    HEIGHT="119"
                    WC="0.9927252779404322"></String>
          </TextLine>
          <TextLine ID="eSc_line_d540937f"
                    TAGREFS="LT8"
                    BASELINE="271 3695 2710 3709" 
                    HPOS="269"
                    VPOS="3613"
                    WIDTH="2441"
                    HEIGHT="133">
            <Shape><Polygon POINTS="271 3695 269 3709 325 3725 327 3725 329 3725 407 3716 498 3728 500 3728 503 3728 505 3728 524 3716 681 3739 683 3739 964 3718 1022 3730 1025 3730 1027 3730 1029 3730 1053 3716 1081 3730 1083 3730 1085 3730 1212 3723 1268 3742 1270 3742 1273 3742 1486 3725 1537 3737 1539 3737 1542 3737 1710 3721 1788 3732 1790 3732 2005 3723 2050 3746 2052 3746 2054 3746 2192 3725 2707 3723 2710 3709 2707 3651 2424 3636 2422 3636 2333 3646 2309 3648 2305 3646 2279 3629 2277 3629 2274 3629 2272 3629 2199 3646 2190 3646 2160 3646 2005 3634 2003 3634 1933 3643 1902 3646 1893 3643 1841 3620 1839 3620 1781 3620 1778 3620 1776 3620 1724 3641 1717 3643 1710 3641 1659 3620 1657 3620 1521 3620 1518 3620 1516 3620 1486 3634 1455 3618 1453 3618 1451 3618 1341 3636 1315 3643 1118 3643 1107 3636 1069 3615 1067 3615 973 3615 971 3615 968 3615 966 3615 936 3634 926 3639 919 3634 882 3615 879 3615 877 3615 875 3615 814 3634 791 3639 524 3639 512 3629 503 3625 500 3625 498 3625 496 3625 456 3629 411 3636 400 3629 372 3613 369 3613 367 3613 365 3613 271 3627 271 3695"/></Shape>
	    <String CONTENT="douter que les Princes &amp; ſubiects n’ayent enſem¬"
                    HPOS="269"
                    VPOS="3613"
                    WIDTH="2441"
                    HEIGHT="133"
                    WC="0.9953969419002533"></String>
          </TextLine>
          <TextLine ID="eSc_line_b965c946"
                    TAGREFS="LT8"
                    BASELINE="262 3826 2691 3849" 
                    HPOS="259"
                    VPOS="3742"
                    WIDTH="2432"
                    HEIGHT="142">
            <Shape><Polygon POINTS="262 3826 259 3840 751 3868 753 3868 1064 3852 1167 3847 1193 3854 1263 3873 1266 3873 1268 3875 1385 3875 1385 3873 1387 3873 1420 3856 1429 3852 1469 3856 1544 3868 1547 3868 1605 3859 1640 3854 1860 3854 1905 3863 1933 3868 1935 3868 1937 3868 1956 3863 1982 3856 2012 3863 2068 3880 2071 3880 2073 3882 2146 3882 2146 3880 2148 3880 2150 3880 2171 3866 2190 3856 2239 3868 2249 3868 2251 3868 2298 3868 2611 3861 2635 3873 2654 3884 2656 3884 2658 3884 2661 3884 2663 3884 2689 3873 2691 3849 2691 3789 2623 3772 2621 3772 2618 3772 2515 3784 2419 3763 2417 3763 2415 3763 2412 3763 2394 3774 2373 3760 2370 3760 2368 3760 2298 3760 2295 3760 2293 3760 2253 3779 2228 3767 2225 3767 2223 3767 2221 3767 2178 3779 2169 3781 2162 3779 2129 3765 2127 3765 2125 3765 2033 3777 1991 3781 1982 3774 1951 3756 1949 3756 1947 3756 1869 3756 1867 3756 1865 3756 1862 3756 1834 3772 1823 3779 1680 3770 1577 3763 1575 3763 1554 3767 1511 3777 1474 3765 1451 3758 1448 3758 1446 3758 1418 3765 1373 3774 1158 3774 1137 3760 1135 3760 1132 3760 1130 3760 1022 3770 985 3756 964 3746 961 3746 959 3746 896 3753 851 3758 816 3751 784 3746 781 3746 779 3746 777 3746 769 3751 741 3767 650 3756 648 3756 645 3756 643 3756 622 3770 505 3770 421 3765 383 3744 383 3742 381 3742 379 3742 262 3742 262 3826"/></Shape>
	    <String CONTENT="blement pluſieurs negotiations &amp; capitulations,"
                    HPOS="259"
                    VPOS="3742"
                    WIDTH="2432"
                    HEIGHT="142"
                    WC="0.9987434554607311"></String>
          </TextLine>
          <TextLine ID="eSc_line_dcd43917"
                    TAGREFS="LT8"
                    BASELINE="257 3955 2705 3976" 
                    HPOS="255"
                    VPOS="3877"
                    WIDTH="2450"
                    HEIGHT="185">
            <Shape><Polygon POINTS="257 3955 255 3969 346 3987 348 3987 475 3973 601 3994 603 3994 971 3987 1046 4027 1048 4027 1050 4027 1053 4027 1142 3990 1289 4055 1291 4055 1888 4062 1891 4062 2033 4041 2036 4041 2120 3994 2160 4004 2162 4004 2164 4004 2331 3990 2349 4001 2352 4001 2354 4001 2356 4001 2703 3990 2705 3976 2705 3915 2628 3894 2625 3894 2623 3894 2483 3908 2324 3889 2321 3889 2024 3908 2017 3908 1982 3887 1979 3887 1977 3887 1886 3884 1884 3884 1881 3884 1844 3905 1692 3905 1617 3882 1614 3882 1612 3882 1486 3903 1444 3882 1441 3882 1439 3882 1280 3901 1092 3901 938 3901 936 3898 901 3877 898 3877 896 3877 814 3877 812 3877 809 3877 769 3896 451 3884 449 3884 320 3894 315 3894 285 3880 283 3880 280 3880 278 3880 257 3889 257 3955"/></Shape>
	    <String CONTENT="tant naturelles que ciuiles: &amp; qui dira autrement:"
                    HPOS="255"
                    VPOS="3877"
                    WIDTH="2450"
                    HEIGHT="185"></String>
          </TextLine>
        </TextBlock>
        <TextBlock HPOS="1479.0"
                   VPOS="97.0"
                   WIDTH="270.0"
                   HEIGHT="123.0"
                   ID="eSc_textblock_051da189"
                   TAGREFS="BT15">
          <Shape><Polygon POINTS="1479 97 1479 220 1749 220 1749 97"/></Shape>
          <TextLine ID="eSc_line_26a4f2c5"
                    TAGREFS="LT8"
                    BASELINE="1514 180 1673 170" 
                    HPOS="1509.0"
                    VPOS="95.0"
                    WIDTH="164.0"
                    HEIGHT="110.0">
            <Shape><Polygon POINTS="1624 98 1600 98 1577 95 1563 114 1509 116 1514 180 1516 205 1561 187 1575 196 1582 203 1584 203 1586 203 1589 203 1591 203 1593 203 1593 201 1605 191 1614 182 1673 180 1673 170 1666 107 1628 98 1624 98"/></Shape>
	    <String CONTENT="360"
                    HPOS="1509.0"
                    VPOS="95.0"
                    WIDTH="164.0"
                    HEIGHT="110.0"
                    WC="0.9999955892562866"></String>
          </TextLine>
        </TextBlock>
        <TextBlock HPOS="1316.0"
                   VPOS="3992.0"
                   WIDTH="607.0"
                   HEIGHT="142.0"
                   ID="eSc_textblock_92dc1c26"
                   TAGREFS="BT9">
          <Shape><Polygon POINTS="1923 4134 1911 3992 1316 4002 1316 4134"/></Shape>
          <TextLine ID="eSc_line_91d2608e"
                    TAGREFS="LT8"
                    BASELINE="1336 4091 1956 4091" 
                    HPOS="1334"
                    VPOS="4006"
                    WIDTH="621"
                    HEIGHT="98">
            <Shape><Polygon POINTS="1334 4090 1334 4104 1955 4104 1955 4090 1951 4048 1590 4048 1562 4020 1548 4010 1548 4006 1544 4006 1541 4006 1334 4006 1334 4090"/></Shape>
	    <String CONTENT="Digitized by Google"
                    HPOS="1334"
                    VPOS="4006"
                    WIDTH="621"
                    HEIGHT="98"></String>
          </TextLine>
        </TextBlock>
        <TextBlock HPOS="2454.0"
                   VPOS="4001.0"
                   WIDTH="345.0"
                   HEIGHT="179.0"
                   ID="eSc_textblock_faa2c61b"
                   TAGREFS="BT17">
          <Shape><Polygon POINTS="2799 4180 2799 4001 2454 4001 2463 4177"/></Shape>
          <TextLine ID="eSc_line_7a9a7533"
                    TAGREFS="LT8"
                    BASELINE="2513 4104 2728 4104" 
                    HPOS="2513.0"
                    VPOS="3997.0"
                    WIDTH="215.0"
                    HEIGHT="126.0">
            <Shape><Polygon POINTS="2513 4104 2513 4123 2728 4123 2728 4104 2728 4020 2668 3997 2665 3997 2663 3997 2661 3997 2658 3997 2623 4020 2548 3997 2546 3997 2544 3997 2541 3997 2539 3997 2513 4013 2513 4104"/></Shape>
	    <String CONTENT="il ſe"
                    HPOS="2513.0"
                    VPOS="3997.0"
                    WIDTH="215.0"
                    HEIGHT="126.0"
                    WC="0.9963364124298095"></String>
          </TextLine>
        </TextBlock>
      </PrintSpace>
    </Page>
  </Layout>
</alto>
