2977 4210
409 154 2446 175 eſté priuez de leurs puiſſances, & ſpoliez de leurs

402 297 2460 170 Empires par leurs peuples, les autres tuez & meur¬

404 430 2460 168 tris cruellement par leurs ſubiects, voire domeſti¬

407 558 2455 178 ques femmes & enfans. Toutes-fois ie ne veux que

400 687 2459 176 noſtre remueur d’eſtat penſe que nous ſoyons ſans

402 823 2460 159 exemples domeſtiques de la generoſité des Fran¬

400 975 2455 140 çois pour extirper les tyrannies: car nous en auons

400 1082 2462 169 de frequens, non ſeulement comparables à ceux

395 1213 2462 173 des anciens Grecs & Romains, mais auſsi prefera¬

390 1349 2467 171 bles: car ils n’ont aucunement attendu que les ty¬

388 1485 2471 168 rannies ayent eſté formees, mais les ont ſuffoquees

388 1602 2474 184 dés leur naiſſance, comme bons medecins & pre¬

383 1751 2476 169 uoyans politics: ainſi qu’il eſt clairement repreſen

386 1864 2473 184 té par les vices de Childeric & Theodoric pre¬

379 2013 2480 169 miers de ce nom: leſquels pour les impudicit ez

383 2142 2474 168 qu’ils commençoyent licentieuſement à commet¬

379 2273 2483 175 tre enuers les femmes de leurs ſubiects, furent chaſ

374 2395 2481 187 ſez & priuez de leur Royaume: & combien que

376 2540 2474 166 quelque temps apres, ayans mis de l’eau en leur

381 2666 2471 192 vin (comme on dict en prouerbe) ils ayent eſté rap

381 2799 2476 173 pellez par l’interceſsion de leurs amis, toutesfois

367 2942 2488 157 ils receurent ceſte ſaignee comme par purgation

362 3070 2495 169 meriroire. Mais Childeric ſecond fut recompenſé

376 3204 2472 166 par vn plus griefloyer, ayant eſté tué auec ſa fem¬

360 3335 2462 175 me enceincte: par Bodelle gentilhomme de cour,

372 3463 2469 166 pour la cruauté commiſe enuers lui, de l’auoir faict

358 3606 2485 147 fouetter ignominieuſement de verges, ſans aucto¬

365 3723 2471 164 rité de iuſtice. Il s’en pourroit reciter d’autres des

365 3849 2478 199 Roys poſez en monaſtere pour meſme cauſe:mais

1555 84 182 101 396

1256 3983 225 103 Dioûred

2537 4043 306 103 ie les
