2977 4210
365 161 2401 133 toute ſa ſequelle, a mis iceux ſubiects en deſeſpoir

367 301 2408 122 & contrainct de prendre les armes, ſon frere imita

369 430 2409 124 teur de Bertaire y eſt mort: il reſle ce qui eſt diffe¬

372 561 2415 133 rent du paſſé, que bertaire n’auoit point de force

372 687 2417 138 ſchiſmatique qui peuſt nourrir ſa querelle, ſa ſecte

381 823 2401 138 & ſon parti apres ſa mort. Voila pourquoy les

381 963 2415 112 pauures bannis ne peuuent obteuir reconciliation

386 1089 2406 106 auec leur Prince, comme firent les banis eſtans en

386 1211 2410 129 Auſtraſie. O miſerable conſeil qui met & nourrit

386 1347 2410 121 en diſcorde le Prince auec ſes ſubiects, le pere auec

388 1480 2415 122 les enfans, les tuteurs & curateurs auec leurs pupil

390 1609 2413 121 les & mineurs. encores plus miſerable d’aimer mi¬

390 1742 2413 119 eux voir la ſubuerſion d’vn ſi ample & ancien

390 1873 2416 129 Royaume, que de permettre qu’vn ieune Roy ſe

390 1997 2420 131 fouſmette à la raiſon, ne qu’il ait comnpaſsion de

397 2128 2413 129 ſoymeſme, de ſa mere; ſes freres, ſon eſtat & de ſes

390 2259 2427 131 ſubiects: le voulant des ceſte grande ieuneſſe diſci¬

397 2397 2418 133 pliner à vne extreme tyranme, pour le rendre mi¬

390 2526 2427 123 ſerable tous les iours de ſa ve? Mais pourquoy

400 2656 2429 124 veut-on defendre au Prince d’ouyr ſon pauure &

390 2785 2434 133 humble ſubiect en ſes requeſtés, & de capituler a¬

397 2921 2448 138 uec luy: veu qu’on luy permet & conſeille de capi¬

390 3061 2458 119 tuler auec ſon ennemy, qui ne demande que la ruine

400 3180 2450 131 de ſonpays, de ſon honneur & eſtats? Lequel eſt le

400 3318 2457 124 plus raiſonnable ou de s’accorder auec ſon enne¬

393 3447 2474 129 my demandant choſes iniques, ou auec ſes ſub¬

397 3578 2474 136 iects, ſes enfans, ſes pupilles; qui ſupplient & re¬

400 3711 2483 129 quierent choſes raiſonnables?? te croy qu’il n’y a

418 3845 2470 142 perſonne de ſain iugement qui ne: conſente plai¬

1516 77 165 84 410

2614 3959 295 134 ſtoſt
