2977 4210
351.0 173.0 2410.0 107.0 ces articles: d'autre coſté il ſe trouuera faux inuen¬

358.0 311.0 2410.0 124.0 teur de friuoles propoſitiõs, corrupteur de meurs

360.0 437.0 2418.0 129.0 publiques, & ſemeur de zizanie. Mais pour faire

355.0 573.0 2420.0 116.0 entendre qu’en moindre choſe nos Princes ont eu

355.0 701.0 2416.0 129.0 leurs comportemens ſi doux & temperez, qu’ils

355.0 830.0 2416.0 121.0 les ont tous reduits à la regle d’humanité & de rai¬

355.0 965.0 2416.0 117.0 ſon: nous auons par ordonnance fixe & inuiola¬

365.0 1094.0 2406.0 129.0 ble, que le Roy ne peut deſtituer ſes officiers que

365.0 1220.0 2408.0 141.0 par forfaiture, de laquelle s’enſuiue iugement legi¬

360.0 1365.0 2427.0 117.0 Lime: tellement qu’il ny a que trois cas de vacation

358.0 1487.0 2429.0 126.0 d’offices, mort, reſignation & forfaiture. Et au cas

360.0 1616.0 2422.0 133.0 que le Roy par puiſſance abſolue vouluſt priuer

367.0 1749.0 2418.0 119.0 vne perſonne de ſon office: les Cours ſouueraines

369.0 1875.0 2425.0 120.0 y ont touſiours reſiſté, & maint enu l’officier en ſa

360.0 2009.0 2434.0 142.0 charge, & empeſché qu’autre ne fuſt pourueu en

362.0 2144.0 2427.0 124.0 icelle. Et toutes-fois il n’y a choſe qui plus ſoit an¬

360.0 2273.0 2436.0 129.0 nexee à l’authorité du Prince que la prouiſion de

365.0 2404.0 2427.0 136.0 ſes magiſtrats. Et s’il permet qu’en ceſt endroit on

367.0 2542.0 2425.0 126.0 reſiſte à ſes volontez, & qu’on capitule auec luy: ce

362.0 2668.0 2434.0 129.0 n’eſt pas qu’il trouue deſraiſonnables les iuſtes

365.0 2801.0 2436.0 136.0 capitulations de ſes ſubiects. I'adiouſte qu’il y a peu

365.0 2937.0 2431.0 124.0 de bonnes villes au Royaume de France qui n’a¬

374.0 3080.0 2429.0 121.0 yent lettres patentes de priuileges & prerogatiues

367.0 3201.0 2427.0 129.0 à eux concedecs par les Roys, partie liberalement,

372.0 3342.0 2436.0 117.0 partie contractuellement, & par capitulations. Les

369.0 3475.0 2444.0 119.0 hiſtoires en donnẽt teſmoignages d’aucunes, com¬

367.0 3594.0 2450.0 131.0 me de la Rochelle, qui ſe retira de la puiſſance de

379.0 3728.0 2438.0 135.0 l’Angloys pour ſe ſoumettre aux Françoys, & mo

395.0 3866.0 2429.0 128.0 yenant que les habitans ſeroyẽt conſeruez en tou¬

1448.0 56.0 169.0 114.0 380

2668.0 4008.0 161.0 92.0 tes
