2977 4210
189.0 149.0 2448.0 145.0 ſtoſt priuation d’eſtats & la mort, que de publier

210.0 294.0 2432.0 127.0 vne ordonnance qu’il vouloit faire auctoriſer par

210.0 416.0 2425.0 138.0 force: combien qu’il ait eſté le Roy le plus entier,

224.0 549.0 2427.0 140.0 difficile & auſtere, qui ait regne depuis Pepin: &

229.0 687.0 2415.0 129.0 pource le Roy ſut contrainct d’en paſſer par leur

212.0 813.0 2430.0 136.0 aduis. Or ie voudroy qu’à preſent noſtre parado¬

208.0 954.0 2436.0 133.0 xeur nous diſt ſi ces grands perſonnages & gens

205.0 1087.0 2444.0 119.0 de foy ſincere, qui aiment mieux ſouffrir la mort

208.0 1211.0 2434.0 138.0 que ſous leur approbatiõ il ſe publie quelque cho

208.0 1344.0 2434.0 131.0 ſe tyrannique, ſont rebelles au Roy, & conuaincus

224.0 1475.0 2432.0 113.0 de crime de leze Maieſté. Et toutesfois ils cotredi

215.0 1606.0 2432.0 124.0 ſent à ſes volontez, ils s’oppoſent a ſon auctorité,

217.0 1730.0 2432.0 141.0 & (ſelon ſon auis ) ils abbaiſſent ſa grandeur, ils di¬

215.0 1868.0 2436.0 131.0 minuent ſa Maieſté, ils capitulent auec luy, & luy di

215.0 2002.0 2436.0 128.0 ſent vous pouuez faire telle choſe & telle, mais nõ

215.0 2128.0 2441.0 131.0 telle & telle: voire des affaires d’eſtat, de police, de

219.0 2261.0 2435.0 136.0 grãdeur & de ſon ſceptre. Or eſt-il beſoing qu’vn

219.0 2397.0 2442.0 143.0 Roy, cognoiſſant à l’entour de luy telles gens, &

219.0 2526.0 2439.0 149.0 tel ordre de perſonnages, ne fleſchiſſans qu’à la

227.0 2659.0 2427.0 131.0 vertu, s’eſtime bienheureux, & die comme Theo

224.0 2792.0 2439.0 147.0 pompe Roy de Sparte, que par le moyen de tels

222.0 2923.0 2441.0 133.0 correcteurs & emendateurs des deſordonnees vo¬

219.0 3061.0 2437.0 124.0 lontez des flateurs qui ſont à l’entour de luy,

219.0 3190.0 2449.0 138.0 ſon Royaume en ſera plus ſeur, plus long, plus

227.0 3311.0 2443.0 155.0 perdurable, & aſſeuré à luy & à ſa poſterité. Tou¬

224.0 3454.0 2455.0 119.0 tesfois tel conſeil n’eſt aucunemẽt ſelon l’intentiõ

227.0 3592.0 2459.0 124.0 du corrupteur de nos meurs: car il ne veut conſen¬

234.0 3716.0 2459.0 143.0 tir qu’aucun opine que ſe lon l'appetit du Roy. Et

245.0 3831.0 2460.0 149.0 de faict du viuãt du feu Roy Hẽry deuxieſme il ſe

1376.0 59.0 179.0 105.0 375

2216.0 3966.0 119.0 54.0 ..0.

2080.0 4001.0 276.0 99.0 à 1III
