<?xml version="1.0" encoding="UTF-8"?>
<alto xmlns:xsi="http://www.w3.org/2001/XMLSchema-instance"
      xmlns="http://www.loc.gov/standards/alto/ns-v4#"
      xsi:schemaLocation="http://www.loc.gov/standards/alto/ns-v4# http://www.loc.gov/standards/alto/v4/alto-4-2.xsd">
  <Description>
    <MeasurementUnit>pixel</MeasurementUnit>
    <sourceImageInformation>
      <fileName>page_00019.png</fileName>
      <fileIdentifier>mets//Question_Politique.zip/page_00019.png</fileIdentifier>
    </sourceImageInformation>
  </Description>
  <Tags>
    <OtherTag ID="BT7" LABEL="CustomZone" DESCRIPTION="block type CustomZone"/><OtherTag ID="BT8" LABEL="DamageZone" DESCRIPTION="block type DamageZone"/><OtherTag ID="BT9" LABEL="DigitizationArtefactZone" DESCRIPTION="block type DigitizationArtefactZone"/><OtherTag ID="BT10" LABEL="DropCapitalZone" DESCRIPTION="block type DropCapitalZone"/><OtherTag ID="BT11" LABEL="GraphicZone" DESCRIPTION="block type GraphicZone"/><OtherTag ID="BT12" LABEL="MainZone" DESCRIPTION="block type MainZone"/><OtherTag ID="BT13" LABEL="MarginTextZone" DESCRIPTION="block type MarginTextZone"/><OtherTag ID="BT14" LABEL="MusicZone" DESCRIPTION="block type MusicZone"/><OtherTag ID="BT15" LABEL="NumberingZone" DESCRIPTION="block type NumberingZone"/><OtherTag ID="BT17" LABEL="QuireMarksZone" DESCRIPTION="block type QuireMarksZone"/><OtherTag ID="BT18" LABEL="RunningTitleZone" DESCRIPTION="block type RunningTitleZone"/><OtherTag ID="BT19" LABEL="SealZone" DESCRIPTION="block type SealZone"/><OtherTag ID="BT20" LABEL="StampZone" DESCRIPTION="block type StampZone"/><OtherTag ID="BT21" LABEL="TableZone" DESCRIPTION="block type TableZone"/><OtherTag ID="BT22" LABEL="TitlePageZone" DESCRIPTION="block type TitlePageZone"/><OtherTag ID="BT100001" LABEL="MainZone-Head" DESCRIPTION="block type MainZone-Head"/><OtherTag ID="BT100005" LABEL="MainZone-P" DESCRIPTION="block type MainZone-P"/><OtherTag ID="BT100006" LABEL="MainZone-Continued" DESCRIPTION="block type MainZone-Continued"/>
    <OtherTag ID="LT7" LABEL="CustomLine" DESCRIPTION="line type CustomLine"/><OtherTag ID="LT8" LABEL="DefaultLine" DESCRIPTION="line type DefaultLine"/><OtherTag ID="LT9" LABEL="DropCapitalLine" DESCRIPTION="line type DropCapitalLine"/><OtherTag ID="LT10" LABEL="HeadingLine" DESCRIPTION="line type HeadingLine"/><OtherTag ID="LT11" LABEL="InterlinearLine" DESCRIPTION="line type InterlinearLine"/><OtherTag ID="LT12" LABEL="MusicLine" DESCRIPTION="line type MusicLine"/><OtherTag ID="LT768" LABEL="default" DESCRIPTION="line type default"/>
  </Tags>
  <Layout>
    <Page WIDTH="2977"
          HEIGHT="4210"
          PHYSICAL_IMG_NR="18"
          ID="eSc_dummypage_">
      <PrintSpace HPOS="0"
                  VPOS="0"
                  WIDTH="2977"
                  HEIGHT="4210">
        <TextBlock HPOS="1328.0"
                   VPOS="68.0"
                   WIDTH="189.0"
                   HEIGHT="106.0"
                   ID="block_1"
                   TAGREFS="BT15">
          <Shape><Polygon POINTS="1517 68 1517 174 1328 174 1328 68"/></Shape>
          <TextLine ID="eSc_line_402521a6"
                    TAGREFS="LT8"
                    BASELINE="1341 147 1490 147" 
                    HPOS="1341"
                    VPOS="65"
                    WIDTH="149"
                    HEIGHT="105">
            <Shape><Polygon POINTS="1341 147 1341 170 1490 161 1490 147 1488 65 1341 74 1341 147"/></Shape>
	    <String CONTENT="373"
                    HPOS="1341"
                    VPOS="65"
                    WIDTH="149"
                    HEIGHT="105"
                    WC="0.9999679724375407"></String>
          </TextLine>
        </TextBlock>
        <TextBlock HPOS="147"
                   VPOS="164"
                   WIDTH="2535"
                   HEIGHT="3830"
                   ID="eSc_textblock_644601c3"
                   TAGREFS="BT100006">
          <Shape><Polygon POINTS="2652 187 2682 3968 147 3994 173 164"/></Shape>
          <TextLine ID="eSc_line_5b1eda3f"
                    TAGREFS="LT8"
                    BASELINE="163 257 2625 261" 
                    HPOS="161"
                    VPOS="163"
                    WIDTH="2464"
                    HEIGHT="136">
            <Shape><Polygon POINTS="2618 168 2501 168 2499 168 2497 168 2494 168 2455 191 2333 180 2331 180 2190 194 2108 168 2106 168 1956 168 1954 168 1951 168 1902 196 1778 196 1710 168 1708 168 1624 168 1621 168 1619 168 1572 194 1434 194 1319 180 1317 180 1315 180 1273 194 1125 194 1095 177 1092 177 1090 177 1088 177 1085 177 1064 189 894 189 856 166 854 166 851 166 777 166 774 166 772 166 709 194 287 194 238 166 236 166 163 163 163 257 161 275 589 275 610 287 613 287 615 287 617 287 620 287 648 273 650 273 833 273 837 273 870 294 872 294 875 294 877 294 1102 273 1123 273 1132 273 1174 285 1177 285 1179 285 1481 275 1528 290 1530 290 1532 290 1687 283 1710 297 1713 297 1715 297 1717 299 1895 299 1895 297 1898 297 1933 278 2022 294 2024 294 2101 278 2239 287 2242 287 2499 275 2565 290 2567 290 2569 290 2623 273 2625 261 2623 168 2618 168"/></Shape>
	    <String CONTENT="ils en accordoyent aucuns au Roy, &amp; les autres ils"
                    HPOS="161"
                    VPOS="163"
                    WIDTH="2464"
                    HEIGHT="136"
                    WC="0.9953718507289886"></String>
          </TextLine>
          <TextLine ID="eSc_line_f87e9299"
                    TAGREFS="LT8"
                    BASELINE="173 390 2621 390" 
                    HPOS="173"
                    VPOS="299"
                    WIDTH="2448"
                    HEIGHT="126">
            <Shape><Polygon POINTS="173 390 173 406 737 406 772 423 774 423 777 423 872 411 1050 423 1053 423 1137 406 1139 406 1434 406 1437 406 1476 421 1479 421 1481 421 1909 406 1935 406 1965 423 1968 423 1970 425 2146 425 2146 423 2148 423 2195 409 2314 421 2317 421 2382 406 2384 406 2387 406 2431 421 2434 421 2436 421 2520 411 2586 423 2588 423 2590 423 2621 406 2621 390 2621 329 2366 329 2361 325 2300 299 2298 299 2295 299 2293 299 2237 325 2230 329 1977 329 1963 322 1923 299 1921 299 1919 299 1818 320 1781 329 1603 329 1582 318 1549 299 1547 299 1441 299 1439 299 1437 299 1385 315 1348 327 1319 315 1287 299 1284 299 1207 299 1205 299 1202 299 1200 299 1177 313 1165 320 1149 313 1144 311 1142 311 1139 311 1137 311 1130 313 1088 327 992 313 989 313 795 327 760 308 741 299 739 299 681 299 678 299 676 299 650 308 603 325 554 306 533 299 531 299 362 299 360 299 358 299 355 299 348 304 311 327 266 327 224 304 215 299 212 299 210 299 173 301 173 390"/></Shape>
	    <String CONTENT="les diſcordoyent, c’eſtoit à la verité capituler auec"
                    HPOS="173"
                    VPOS="299"
                    WIDTH="2448"
                    HEIGHT="126"
                    WC="0.9873348853804849"></String>
          </TextLine>
          <TextLine ID="eSc_line_5bfa5d9a"
                    TAGREFS="LT8"
                    BASELINE="187 519 2628 523" 
                    HPOS="184"
                    VPOS="430"
                    WIDTH="2444"
                    HEIGHT="121">
            <Shape><Polygon POINTS="187 519 184 535 201 547 203 547 205 547 208 547 1345 537 1415 549 1418 549 1923 540 1994 551 1996 551 2625 537 2628 523 2628 460 2567 432 2565 432 2562 432 2424 458 2419 460 2307 460 2302 458 2258 432 2256 432 2207 432 2204 432 2202 432 2160 456 2155 458 2146 456 2059 432 2057 432 2003 432 2001 432 1998 432 1944 453 1933 458 1919 453 1851 432 1848 432 1612 432 1610 432 1607 432 1568 451 1549 458 1217 449 1083 444 1081 444 1055 446 964 456 903 453 889 444 865 430 863 430 861 430 800 430 798 430 795 430 769 444 746 458 528 458 500 442 479 430 477 430 421 430 418 430 416 430 393 439 358 458 280 458 248 439 231 430 229 430 227 430 187 437 187 519"/></Shape>
	    <String CONTENT="leur Prince: &amp; pour auoir ainſi diſcordé, &amp; rendu"
                    HPOS="184"
                    VPOS="430"
                    WIDTH="2444"
                    HEIGHT="121"
                    WC="0.9899887335300446"></String>
          </TextLine>
          <TextLine ID="eSc_line_324ce90c"
                    TAGREFS="LT8"
                    BASELINE="196 650 2625 654" 
                    HPOS="194"
                    VPOS="558"
                    WIDTH="2431"
                    HEIGHT="134">
            <Shape><Polygon POINTS="196 650 194 666 217 680 219 680 222 680 224 680 315 668 447 687 449 687 650 668 975 668 1090 687 1092 689 1198 689 1198 687 1200 687 1254 671 1429 671 1481 685 1483 685 1486 685 1561 671 1598 685 1600 685 1603 685 1771 671 1790 682 1792 682 1795 682 1797 682 1905 673 2043 689 2045 689 2171 671 2202 685 2204 685 2207 685 2209 685 2232 673 2298 682 2300 682 2302 682 2305 682 2324 671 2356 689 2359 689 2361 692 2455 692 2455 689 2623 668 2625 654 2625 589 2590 573 2588 573 2586 573 2583 573 2537 587 2286 587 2284 584 2244 561 2242 561 2239 561 2237 561 2235 561 2162 580 2132 561 2129 561 2127 561 2068 561 2066 561 2064 561 2061 561 2031 580 1979 561 1977 561 1975 561 1972 561 1921 582 1905 589 1666 589 1649 577 1621 561 1619 561 1617 561 1614 561 1612 561 1563 577 1547 582 1537 577 1511 561 1509 561 1507 561 1462 561 1460 561 1458 561 1432 575 1408 587 1266 587 1245 573 1242 573 1240 573 1238 573 1221 573 1109 584 1088 573 1083 568 1081 568 1078 568 1076 568 1046 573 957 584 931 570 910 558 908 558 765 558 762 558 760 558 758 558 744 568 716 584 681 568 662 558 659 558 580 558 578 558 575 558 561 566 526 584 439 584 407 566 397 558 395 558 393 558 329 558 327 558 325 558 322 558 315 563 283 582 248 563 238 558 236 558 234 558 196 561 196 650"/></Shape>
	    <String CONTENT="le Roy flexible au point de la verité, ils ſeroyent"
                    HPOS="194"
                    VPOS="558"
                    WIDTH="2431"
                    HEIGHT="134"
                    WC="0.9744639889552043"></String>
          </TextLine>
          <TextLine ID="eSc_line_df30a585"
                    TAGREFS="LT8"
                    BASELINE="203 783 2621 790" 
                    HPOS="201"
                    VPOS="696"
                    WIDTH="2420"
                    HEIGHT="120">
            <Shape><Polygon POINTS="203 783 201 795 238 813 241 813 243 813 332 802 428 811 430 811 432 811 435 811 454 799 482 811 484 811 486 811 830 799 896 813 898 813 1364 802 1392 816 1394 816 1397 816 1708 802 1975 813 1977 813 2045 804 2071 816 2073 816 2075 816 2618 802 2621 790 2621 722 2583 701 2581 701 2579 701 2506 701 2504 701 2501 701 2431 725 2427 727 2174 727 2167 722 2132 701 2129 701 2127 701 2068 701 2066 701 2064 701 2061 701 2026 722 2019 725 1781 725 1776 720 1731 699 1729 699 1664 699 1661 699 1659 699 1610 720 1603 722 1373 722 1369 720 1331 699 1329 699 1238 699 1235 699 1233 699 1193 718 1186 722 1104 718 968 711 966 711 964 711 936 718 924 720 915 718 856 696 854 696 851 696 732 718 706 722 341 722 329 715 299 696 297 696 294 696 292 696 203 713 203 783"/></Shape>
	    <String CONTENT="donc atteincts par noſtre paradoxcur de crime de"
                    HPOS="201"
                    VPOS="696"
                    WIDTH="2420"
                    HEIGHT="120"
                    WC="0.9962300236026446"></String>
          </TextLine>
          <TextLine ID="eSc_line_dd7881c1"
                    TAGREFS="LT8"
                    BASELINE="191 914 2621 919" 
                    HPOS="189"
                    VPOS="818"
                    WIDTH="2432"
                    HEIGHT="131">
            <Shape><Polygon POINTS="191 914 189 933 205 944 208 944 210 944 212 944 339 933 421 944 423 944 425 944 451 933 587 944 589 944 849 933 908 944 910 944 912 944 947 933 989 947 992 947 994 947 1336 933 1338 933 1341 933 1359 944 1362 944 1364 944 1366 944 1607 937 1631 949 1633 949 1635 949 1741 935 1921 947 1923 947 2167 937 2190 949 2192 949 2195 949 2618 933 2621 919 2618 851 2480 851 2480 849 2422 820 2419 820 2417 820 2335 837 2270 820 2267 820 2265 820 2263 820 2214 849 2209 851 1944 851 1937 846 1895 820 1893 820 1891 820 1888 820 1886 820 1827 846 1818 849 1811 846 1748 820 1745 820 1687 820 1685 820 1682 820 1631 844 1621 849 1586 844 1404 818 1401 818 1399 818 1317 842 1303 846 1294 842 1238 818 1235 818 1233 818 1231 818 1170 842 1158 849 978 849 966 842 924 818 922 818 919 818 835 830 704 818 702 818 699 818 662 839 645 849 589 849 573 839 535 818 533 818 531 818 477 830 421 818 418 818 416 818 381 837 362 849 285 849 266 837 236 818 234 818 231 818 229 818 227 818 191 834 191 914"/></Shape>
	    <String CONTENT="leze Maieſté. Or que les Eſtats, Parlemens, &amp; Pairs"
                    HPOS="189"
                    VPOS="818"
                    WIDTH="2432"
                    HEIGHT="131"
                    WC="0.9836724125421964"></String>
          </TextLine>
          <TextLine ID="eSc_line_071ddf02"
                    TAGREFS="LT8"
                    BASELINE="184 1052 2616 1047" 
                    HPOS="182"
                    VPOS="951"
                    WIDTH="2434"
                    HEIGHT="117">
            <Shape><Polygon POINTS="184 1052 184 1068 2614 1066 2616 1047 2611 987 2249 987 2244 984 2221 972 2218 972 2216 972 2057 982 2008 984 2001 982 1937 951 1935 951 1851 951 1848 951 1846 951 1792 979 1788 982 1781 979 1678 951 1675 951 1673 951 1671 951 1668 951 1621 979 1619 982 1530 984 1516 979 1448 951 1446 951 1444 951 1441 951 1378 977 1357 989 1001 989 980 975 940 954 938 954 800 954 798 954 795 954 755 975 753 975 720 954 718 954 716 954 622 954 620 954 617 954 573 972 557 979 542 972 496 954 493 954 301 954 299 954 297 954 262 970 259 972 255 970 208 954 205 954 203 954 201 954 198 954 182 963 184 1052"/></Shape>
	    <String CONTENT="le fiſſent, il eſt bien accordant à raiſon: autrement"
                    HPOS="182"
                    VPOS="951"
                    WIDTH="2434"
                    HEIGHT="117"
                    WC="0.9983181578141672"></String>
          </TextLine>
          <TextLine ID="eSc_line_b9274751"
                    TAGREFS="LT8"
                    BASELINE="180 1185 2623 1181" 
                    HPOS="177"
                    VPOS="1085"
                    WIDTH="2446"
                    HEIGHT="126">
            <Shape><Polygon POINTS="180 1185 180 1199 676 1211 678 1211 681 1211 720 1199 723 1199 1130 1199 1291 1199 1338 1211 1341 1211 1343 1211 1474 1199 2045 1209 2047 1209 2050 1209 2094 1197 2113 1209 2115 1209 2118 1209 2120 1211 2597 1211 2597 1209 2600 1209 2602 1209 2623 1195 2623 1181 2618 1115 2349 1115 2345 1113 2295 1085 2293 1085 2291 1085 2288 1085 2218 1110 2141 1085 2139 1085 2136 1085 2134 1085 2132 1085 2089 1110 2082 1115 1713 1115 1703 1108 1664 1085 1661 1085 1659 1085 1565 1085 1563 1085 1561 1085 1518 1108 1511 1113 1502 1108 1465 1085 1462 1085 1460 1085 1458 1085 1364 1087 1362 1087 1327 1106 1308 1117 1245 1117 1226 1106 1195 1087 1193 1087 1191 1087 1188 1087 1186 1087 1130 1106 1116 1110 1102 1106 1057 1087 1055 1087 905 1087 903 1087 901 1087 856 1103 833 1115 739 1115 634 1110 622 1103 596 1087 594 1087 592 1087 514 1087 512 1087 510 1087 484 1101 479 1103 475 1101 456 1094 454 1094 451 1094 449 1094 428 1101 393 1115 367 1101 365 1101 362 1101 360 1101 351 1101 290 1108 276 1101 255 1087 252 1087 250 1087 248 1087 177 1099 180 1185"/></Shape>
	    <String CONTENT="il n’euſt point fallu les aſſeinbler, mais ſeulement"
                    HPOS="177"
                    VPOS="1085"
                    WIDTH="2446"
                    HEIGHT="126"
                    WC="0.9912055730819702"></String>
          </TextLine>
          <TextLine ID="eSc_line_9de326bd"
                    TAGREFS="LT8"
                    BASELINE="182 1316 2618 1309" 
                    HPOS="180"
                    VPOS="1220"
                    WIDTH="2438"
                    HEIGHT="134">
            <Shape><Polygon POINTS="182 1316 182 1330 489 1330 493 1330 526 1351 528 1351 531 1351 533 1354 615 1354 615 1351 711 1330 716 1330 884 1330 889 1330 989 1351 992 1351 994 1351 1074 1330 1083 1328 1102 1330 1177 1340 1179 1340 1181 1340 1200 1330 1205 1328 1221 1330 1298 1340 1301 1340 1303 1340 1329 1330 1334 1328 1357 1330 1486 1340 1488 1340 1551 1330 1577 1342 1579 1342 1582 1342 1584 1342 1586 1342 1607 1328 1610 1328 1612 1328 1645 1342 1647 1342 1649 1342 1757 1328 1767 1328 1778 1328 1905 1347 1907 1347 2059 1330 2085 1342 2087 1342 2089 1342 2092 1342 2139 1330 2445 1347 2448 1347 2450 1347 2452 1347 2485 1328 2487 1326 2487 1328 2508 1340 2511 1340 2513 1340 2515 1340 2616 1326 2618 1309 2616 1244 2574 1220 2572 1220 2569 1220 2506 1220 2504 1220 2501 1220 2438 1246 2239 1246 2197 1220 2195 1220 2192 1220 2071 1220 2068 1220 2066 1220 2064 1220 2022 1246 1895 1246 1853 1220 1851 1220 1848 1220 1806 1220 1804 1220 1802 1220 1738 1241 1696 1223 1694 1223 1579 1223 1577 1223 1575 1223 1537 1244 1420 1246 1343 1223 1341 1223 1338 1223 1336 1223 1289 1248 1188 1248 1146 1223 1144 1223 1142 1223 1097 1223 1095 1223 964 1248 800 1225 798 1225 795 1225 748 1248 554 1248 514 1227 512 1227 510 1227 507 1227 505 1227 482 1241 353 1232 351 1232 180 1251 182 1316"/></Shape>
	    <String CONTENT="mettre par eſcript la volonté du Roy: Mais qu’ils"
                    HPOS="180"
                    VPOS="1220"
                    WIDTH="2438"
                    HEIGHT="134"
                    WC="0.9894602990150452"></String>
          </TextLine>
          <TextLine ID="eSc_line_b50bf72d"
                    TAGREFS="LT8"
                    BASELINE="180 1447 2628 1443" 
                    HPOS="177"
                    VPOS="1344"
                    WIDTH="2451"
                    HEIGHT="136">
            <Shape><Polygon POINTS="180 1447 180 1464 870 1461 903 1464 1043 1473 1046 1473 1172 1461 1188 1461 1191 1461 1212 1473 1214 1473 1217 1473 1219 1473 1240 1464 1561 1478 1563 1478 1565 1478 1605 1461 1635 1478 1638 1478 1640 1480 1748 1480 1748 1478 1846 1461 2015 1475 2017 1478 2286 1478 2286 1475 2288 1475 2324 1464 2455 1478 2457 1478 2625 1457 2628 1443 2625 1361 2569 1344 2567 1344 2565 1344 2562 1344 2534 1361 2515 1370 2497 1361 2471 1347 2469 1347 2466 1347 2464 1347 2462 1347 2441 1361 2412 1377 2214 1377 2185 1361 2160 1344 2157 1344 2155 1344 2153 1344 2057 1358 2019 1344 2017 1344 2015 1344 2012 1344 1972 1361 1940 1375 1912 1361 1879 1344 1877 1344 1874 1344 1872 1344 1869 1344 1841 1361 1816 1377 1703 1377 1675 1361 1647 1347 1645 1347 1642 1347 1640 1347 1614 1361 1586 1377 1394 1379 1355 1379 1324 1361 1296 1347 1294 1347 1291 1347 1289 1347 1249 1361 1207 1377 1083 1377 1057 1363 1034 1347 1032 1347 1029 1347 954 1347 952 1347 950 1347 947 1347 922 1363 901 1375 879 1363 851 1347 849 1347 800 1347 798 1347 795 1347 765 1363 751 1370 737 1363 711 1347 709 1347 706 1347 641 1347 638 1347 636 1347 594 1363 557 1377 524 1363 489 1347 486 1347 306 1347 304 1347 301 1347 271 1363 257 1372 241 1363 210 1347 208 1347 205 1347 203 1347 177 1358 180 1447"/></Shape>
	    <String CONTENT="le fiſſent il eſt aſſez teſmoigné par les hiſtoires, leſ¬"
                    HPOS="177"
                    VPOS="1344"
                    WIDTH="2451"
                    HEIGHT="136"
                    WC="0.9776657048998207"></String>
          </TextLine>
          <TextLine ID="eSc_line_9cbba149"
                    TAGREFS="LT8"
                    BASELINE="187 1574 2625 1578" 
                    HPOS="184"
                    VPOS="1489"
                    WIDTH="2441"
                    HEIGHT="129">
            <Shape><Polygon POINTS="187 1574 184 1611 290 1613 292 1613 294 1613 304 1611 379 1592 786 1602 788 1602 861 1590 891 1604 894 1604 896 1604 1322 1592 1341 1602 1359 1613 1362 1613 1364 1613 1458 1616 1460 1616 1462 1616 1465 1616 1490 1602 1504 1592 1642 1599 1788 1606 1790 1606 1792 1606 1813 1597 1825 1592 1834 1597 1848 1606 1851 1606 1853 1606 1855 1606 1928 1599 2092 1616 2094 1616 2097 1616 2136 1595 2141 1592 2150 1595 2188 1606 2190 1606 2192 1606 2321 1592 2338 1592 2340 1592 2361 1606 2363 1606 2366 1606 2368 1606 2448 1597 2478 1616 2480 1616 2483 1616 2485 1618 2562 1618 2562 1616 2565 1616 2623 1590 2625 1578 2623 1517 2499 1517 2499 1515 2441 1492 2438 1492 2335 1492 2333 1492 2331 1492 2267 1513 2228 1492 2225 1492 2174 1492 2171 1492 2169 1492 2097 1515 2094 1517 1881 1517 1879 1515 1823 1492 1820 1492 1759 1492 1757 1492 1755 1492 1713 1515 1708 1515 1561 1515 1542 1515 1516 1501 1514 1501 1511 1501 1509 1501 1467 1515 1460 1515 1439 1515 1296 1501 1294 1501 1291 1501 1242 1513 1179 1489 1177 1489 1034 1489 1032 1489 1029 1489 966 1513 964 1515 552 1515 547 1513 468 1489 465 1489 381 1489 379 1489 376 1489 374 1489 337 1513 332 1513 187 1513 187 1574"/></Shape>
	    <String CONTENT="quelles nous certifient qu’en tel temps les Roys"
                    HPOS="184"
                    VPOS="1489"
                    WIDTH="2441"
                    HEIGHT="129"
                    WC="0.9976345921556155"></String>
          </TextLine>
          <TextLine ID="eSc_line_0ed83d7c"
                    TAGREFS="LT8"
                    BASELINE="191 1712 2625 1707" 
                    HPOS="189"
                    VPOS="1613"
                    WIDTH="2436"
                    HEIGHT="138">
            <Shape><Polygon POINTS="191 1712 191 1726 425 1726 430 1726 468 1749 470 1749 472 1749 475 1751 531 1751 531 1749 533 1749 571 1728 685 1726 734 1726 737 1726 793 1749 795 1749 798 1751 903 1751 903 1749 905 1749 936 1733 1043 1740 1046 1740 1130 1726 1132 1726 1247 1749 1249 1751 1350 1751 1350 1749 1352 1749 1399 1726 1448 1723 1495 1723 1511 1723 1600 1735 1603 1735 1984 1728 2111 1742 2113 1742 2277 1730 2354 1747 2356 1749 2485 1749 2485 1747 2487 1747 2551 1723 2623 1723 2625 1707 2621 1644 2272 1644 2270 1641 2218 1613 2216 1613 2122 1613 2120 1613 2118 1613 2115 1613 2068 1641 2015 1613 2012 1613 1923 1613 1921 1613 1919 1613 1916 1613 1869 1641 1867 1644 1802 1644 1799 1641 1748 1613 1745 1613 1673 1613 1671 1613 1668 1613 1617 1641 1549 1613 1547 1613 1544 1613 1542 1613 1486 1627 1439 1613 1437 1613 1434 1613 1432 1613 1429 1613 1380 1641 1378 1644 1376 1641 1315 1616 1312 1616 1259 1616 1256 1616 1254 1616 1205 1641 1200 1644 1195 1641 1132 1616 1130 1616 1128 1616 1125 1616 1027 1641 1018 1644 872 1644 870 1641 819 1616 816 1616 748 1616 746 1616 744 1616 671 1641 669 1644 423 1644 416 1641 388 1632 386 1632 383 1632 278 1641 248 1644 241 1641 210 1630 208 1630 205 1630 203 1630 201 1630 189 1634 191 1712"/></Shape>
	    <String CONTENT="portoyent ſi grand reſpect à telles aſſemblees, qu’¬"
                    HPOS="189"
                    VPOS="1613"
                    WIDTH="2436"
                    HEIGHT="138"
                    WC="0.9846942627205039"></String>
          </TextLine>
          <TextLine ID="eSc_line_5fbc1897"
                    TAGREFS="LT8"
                    BASELINE="189 1843 2625 1843" 
                    HPOS="189"
                    VPOS="1765"
                    WIDTH="2436"
                    HEIGHT="124">
            <Shape><Polygon POINTS="189 1843 189 1859 236 1873 238 1873 241 1873 243 1873 294 1859 301 1859 557 1859 650 1859 699 1887 702 1887 704 1889 772 1889 772 1887 774 1887 830 1861 912 1861 964 1887 966 1887 968 1889 1102 1889 1102 1887 1104 1887 1107 1887 1139 1866 1238 1859 1249 1859 1254 1859 1301 1871 1303 1871 1305 1871 1596 1861 1671 1887 1673 1887 1675 1889 1813 1889 1813 1887 1816 1887 1874 1859 2012 1859 2104 1887 2106 1887 2108 1887 2111 1887 2195 1866 2279 1887 2281 1887 2284 1889 2373 1889 2373 1887 2375 1887 2412 1868 2469 1875 2471 1875 2625 1857 2625 1843 2625 1782 2595 1765 2593 1765 2434 1765 2431 1765 2429 1765 2396 1784 2242 1784 2239 1782 2216 1770 2214 1770 2211 1770 2209 1770 2174 1782 2171 1784 1256 1784 1245 1777 1221 1765 1219 1765 1217 1765 1163 1777 1132 1782 1085 1777 1036 1770 1034 1770 1032 1770 1029 1770 1022 1775 1008 1782 189 1772 189 1843"/></Shape>
	    <String CONTENT="ils n’entreprenoyent aucunes guerres, ne publi¬"
                    HPOS="189"
                    VPOS="1765"
                    WIDTH="2436"
                    HEIGHT="124"
                    WC="0.9954510724290888"></String>
          </TextLine>
          <TextLine ID="eSc_line_a50325ec"
                    TAGREFS="LT8"
                    BASELINE="187 1976 2623 1971" 
                    HPOS="184"
                    VPOS="1887"
                    WIDTH="2439"
                    HEIGHT="124">
            <Shape><Polygon POINTS="187 1976 187 1990 236 2011 238 2011 241 2011 428 1990 439 1990 456 1990 648 2002 650 2002 652 2002 676 1990 678 1990 1132 1990 1200 1990 1303 2004 1305 2004 1514 1990 1624 2009 1626 2009 1628 2009 1710 1988 1715 1988 1720 1988 1823 2009 1825 2011 1937 2011 1937 2009 1940 2009 1982 1990 2160 2009 2162 2009 2328 1992 2548 2004 2551 2004 2553 2004 2623 1985 2623 1971 2618 1913 2132 1913 2068 1887 2066 1887 1998 1887 1996 1887 1994 1887 1930 1913 1755 1913 1713 1894 1710 1894 1708 1894 1600 1910 1542 1887 1539 1887 1406 1887 1404 1887 1256 1889 1144 1915 1015 1915 968 1889 966 1889 910 1889 908 1889 905 1889 858 1913 727 1896 725 1896 500 1913 461 1894 458 1894 456 1894 259 1913 217 1901 215 1901 212 1901 210 1901 184 1913 187 1976"/></Shape>
	    <String CONTENT="oyent aucunes loix ou Edicts, n’impoſoyent aucu¬"
                    HPOS="184"
                    VPOS="1887"
                    WIDTH="2439"
                    HEIGHT="124"
                    WC="0.9982629256943861"></String>
          </TextLine>
          <TextLine ID="eSc_line_3b0fc9c5"
                    TAGREFS="LT8"
                    BASELINE="184 2112 2611 2105" 
                    HPOS="182"
                    VPOS="2023"
                    WIDTH="2429"
                    HEIGHT="114">
            <Shape><Polygon POINTS="184 2112 184 2126 849 2135 851 2135 1109 2123 1139 2123 1149 2123 1235 2137 1238 2137 1240 2137 1263 2126 1355 2135 1357 2135 1474 2123 1476 2123 1479 2123 1799 2137 1802 2137 1804 2137 1846 2121 1848 2121 1858 2121 2001 2135 2003 2135 2146 2123 2249 2133 2251 2133 2253 2133 2256 2133 2274 2121 2305 2133 2307 2133 2309 2135 2480 2135 2480 2133 2483 2133 2485 2133 2504 2121 2583 2133 2586 2133 2588 2133 2590 2133 2611 2119 2611 2105 2607 2044 1884 2032 1881 2032 1689 2044 1610 2030 1607 2030 1525 2044 1268 2023 1266 2023 1263 2023 1261 2023 1226 2044 1163 2032 1160 2032 954 2041 924 2025 922 2025 835 2025 833 2025 830 2025 828 2025 807 2039 784 2025 781 2025 779 2025 702 2025 699 2025 697 2025 695 2025 667 2044 578 2046 503 2027 500 2027 498 2027 447 2037 346 2025 344 2025 341 2025 308 2041 217 2037 215 2037 212 2037 182 2046 184 2112"/></Shape>
	    <String CONTENT="nes leuees de deniers, &amp; n’entreprenoyent autres"
                    HPOS="182"
                    VPOS="2023"
                    WIDTH="2429"
                    HEIGHT="114"
                    WC="0.9909037066002687"></String>
          </TextLine>
          <TextLine ID="eSc_line_8e1ac452"
                    TAGREFS="LT8"
                    BASELINE="182 2242 2618 2238" 
                    HPOS="180"
                    VPOS="2147"
                    WIDTH="2438"
                    HEIGHT="133">
            <Shape><Polygon POINTS="182 2242 182 2257 297 2268 299 2268 507 2259 552 2257 554 2259 587 2278 589 2278 592 2278 594 2280 758 2280 758 2278 851 2259 861 2257 863 2259 879 2268 882 2268 884 2268 887 2268 889 2268 908 2259 915 2257 1308 2257 1319 2259 1385 2273 1387 2273 1390 2273 1425 2259 1427 2259 1479 2275 1481 2275 1483 2275 1589 2259 1621 2254 1755 2254 1764 2259 1797 2275 1799 2275 1802 2278 1898 2278 1898 2275 1900 2275 1933 2259 1935 2259 1944 2259 2099 2275 2101 2278 2202 2278 2202 2275 2270 2259 2293 2254 2319 2259 2368 2268 2370 2268 2429 2259 2466 2254 2504 2259 2586 2271 2588 2271 2590 2271 2618 2259 2618 2238 2616 2175 2560 2147 2558 2147 2555 2147 2553 2147 2466 2175 2405 2175 2356 2147 2354 2147 2352 2147 2349 2147 2272 2172 2209 2158 2207 2158 2204 2158 2160 2172 2106 2147 2104 2147 1954 2147 1951 2147 1949 2147 1893 2175 1752 2175 1703 2147 1701 2147 1624 2147 1621 2147 1619 2147 1570 2175 1479 2175 1404 2147 1401 2147 1399 2147 1301 2149 1298 2149 1235 2175 1160 2156 1158 2156 1156 2156 1153 2156 1081 2175 945 2163 943 2163 940 2163 912 2175 884 2163 882 2163 879 2163 819 2177 512 2177 456 2149 454 2149 381 2149 379 2149 376 2149 332 2170 297 2149 294 2149 292 2149 238 2149 236 2149 234 2149 180 2175 182 2242"/></Shape>
	    <String CONTENT="choſes appartenantes à la police publique ſans le"
                    HPOS="180"
                    VPOS="2147"
                    WIDTH="2438"
                    HEIGHT="133"
                    WC="0.9996807193756103"></String>
          </TextLine>
          <TextLine ID="eSc_line_10f9f9a5"
                    TAGREFS="LT8"
                    BASELINE="182 2378 2621 2373" 
                    HPOS="180"
                    VPOS="2280"
                    WIDTH="2441"
                    HEIGHT="124">
            <Shape><Polygon POINTS="182 2378 182 2388 208 2402 210 2402 212 2402 215 2402 252 2390 376 2399 379 2399 381 2399 402 2388 404 2388 409 2388 482 2402 484 2402 486 2402 519 2388 521 2388 554 2388 905 2399 908 2399 1116 2390 1163 2402 1165 2402 1167 2402 1245 2388 1249 2388 1254 2388 1362 2399 1364 2399 1366 2399 1369 2399 1387 2388 1390 2385 1975 2385 1982 2388 2017 2399 2019 2399 2450 2404 2452 2404 2618 2385 2621 2373 2616 2310 1954 2310 1940 2301 1928 2296 1926 2296 1923 2296 1893 2301 1858 2308 1802 2301 1731 2292 1729 2292 1727 2292 1724 2292 1713 2299 1701 2306 1664 2299 1561 2280 1558 2280 1556 2280 1502 2296 1469 2308 1355 2303 1343 2296 1322 2282 1319 2282 1317 2282 1315 2282 1240 2294 1209 2282 1207 2282 903 2282 901 2282 898 2282 879 2292 840 2310 564 2299 561 2299 559 2299 557 2299 538 2310 498 2287 489 2282 486 2282 425 2282 423 2282 421 2282 418 2282 414 2287 376 2308 313 2310 248 2285 241 2282 238 2282 236 2282 180 2282 182 2378"/></Shape>
	    <String CONTENT="bon &amp; meur cõſeil de l’vne des trois compaignies"
                    HPOS="180"
                    VPOS="2280"
                    WIDTH="2441"
                    HEIGHT="124"
                    WC="0.9831863021364018"></String>
          </TextLine>
          <TextLine ID="eSc_line_5167212e"
                    TAGREFS="LT8"
                    BASELINE="187 2507 2621 2507" 
                    HPOS="187"
                    VPOS="2411"
                    WIDTH="2434"
                    HEIGHT="126">
            <Shape><Polygon POINTS="187 2507 187 2521 269 2537 271 2537 362 2523 421 2537 423 2537 425 2537 428 2537 454 2526 477 2535 479 2535 482 2535 723 2523 982 2537 985 2537 1231 2523 1429 2535 1432 2535 1434 2535 1437 2535 1455 2523 1675 2535 1678 2535 1797 2523 1825 2537 1827 2537 1830 2537 2089 2523 2204 2535 2207 2535 2209 2535 2242 2523 2328 2535 2331 2535 2476 2523 2548 2535 2551 2535 2621 2521 2621 2507 2621 2441 2574 2441 2572 2439 2520 2411 2518 2411 2515 2411 2513 2411 2443 2439 2438 2439 2415 2437 2291 2427 2288 2427 2286 2427 2258 2437 2244 2441 1799 2441 1757 2439 1743 2430 1713 2411 1710 2411 1708 2411 1706 2411 1614 2430 1558 2439 1483 2427 1383 2411 1380 2411 1378 2411 1350 2425 1324 2439 1280 2425 1238 2411 1235 2411 1146 2411 1144 2411 1142 2411 1109 2423 1074 2437 1043 2423 1020 2411 1018 2411 1015 2411 954 2420 929 2425 898 2420 847 2411 844 2411 842 2411 840 2411 826 2420 791 2441 730 2441 669 2418 650 2411 648 2411 592 2411 589 2411 587 2411 575 2416 533 2439 351 2439 301 2413 297 2411 294 2411 292 2411 187 2411 187 2507"/></Shape>
	    <String CONTENT="à la cenſure deſquelles ſe moderoyent toutes les"
                    HPOS="187"
                    VPOS="2411"
                    WIDTH="2434"
                    HEIGHT="126"
                    WC="0.9802468747508769"></String>
          </TextLine>
          <TextLine ID="eSc_line_8a47c11f"
                    TAGREFS="LT8"
                    BASELINE="191 2642 2618 2635" 
                    HPOS="189"
                    VPOS="2544"
                    WIDTH="2429"
                    HEIGHT="122">
            <Shape><Polygon POINTS="191 2642 191 2656 1701 2666 1703 2666 1874 2654 1923 2652 1928 2654 1942 2663 1944 2663 1947 2663 1949 2663 1994 2654 2008 2652 2019 2654 2057 2663 2059 2663 2061 2663 2616 2652 2618 2635 2616 2572 2553 2544 2551 2544 2548 2544 2546 2544 2478 2572 2207 2572 2127 2544 2125 2544 2122 2544 2120 2544 2064 2570 2015 2544 2012 2544 1935 2544 1933 2544 1930 2544 1884 2570 1811 2544 1809 2544 1806 2544 1804 2544 1738 2575 1586 2575 1509 2547 1507 2547 1504 2547 1502 2547 1448 2575 1383 2575 1338 2547 1336 2547 1334 2547 1256 2547 1254 2547 1252 2547 1188 2572 992 2572 943 2549 940 2549 840 2549 837 2549 835 2549 802 2568 772 2549 769 2549 767 2549 702 2549 699 2549 697 2549 662 2568 512 2558 510 2558 418 2575 372 2549 369 2549 318 2549 315 2549 313 2549 259 2577 189 2577 191 2642"/></Shape>
	    <String CONTENT="volontez des Princes: Ioinct que les Parlemens de"
                    HPOS="189"
                    VPOS="2544"
                    WIDTH="2429"
                    HEIGHT="122"
                    WC="0.9910972738752559"></String>
          </TextLine>
          <TextLine ID="eSc_line_53d90989"
                    TAGREFS="LT8"
                    BASELINE="182 2776 2616 2771" 
                    HPOS="180"
                    VPOS="2687"
                    WIDTH="2436"
                    HEIGHT="122">
            <Shape><Polygon POINTS="182 2776 182 2790 730 2790 737 2792 765 2806 767 2806 769 2809 905 2809 905 2806 908 2806 954 2794 982 2787 1114 2787 1130 2794 1135 2799 1137 2799 1139 2799 1142 2799 1209 2794 1343 2787 1369 2797 1392 2806 1394 2806 1397 2806 1439 2797 1493 2785 1542 2797 1544 2797 1547 2797 1654 2790 1671 2799 1678 2804 1680 2804 1682 2804 1685 2804 1738 2799 1874 2785 1984 2797 1987 2797 2085 2785 2143 2799 2146 2799 2148 2799 2368 2785 2403 2799 2405 2799 2408 2799 2478 2787 2513 2804 2515 2804 2518 2806 2614 2806 2616 2771 2611 2706 2389 2687 2387 2687 2384 2687 2352 2706 2286 2706 2253 2687 2251 2687 2167 2687 2164 2687 2162 2687 2122 2706 1956 2706 1930 2692 1928 2692 1926 2692 1923 2692 1881 2703 1855 2692 1853 2692 1851 2692 1586 2703 1497 2689 1495 2689 1341 2706 1123 2689 1121 2689 1118 2689 1069 2706 851 2692 849 2692 784 2706 737 2689 734 2689 732 2689 662 2706 631 2692 629 2692 627 2692 624 2692 601 2703 451 2694 449 2694 447 2694 421 2708 180 2708 182 2776"/></Shape>
	    <String CONTENT="maint enant, qui ne ſont qu’vne petite vmbre &amp; ap"
                    HPOS="180"
                    VPOS="2687"
                    WIDTH="2436"
                    HEIGHT="122"
                    WC="0.9979479300732516"></String>
          </TextLine>
          <TextLine ID="eSc_line_cdbd4f31"
                    TAGREFS="LT8"
                    BASELINE="189 2909 2623 2902" 
                    HPOS="187"
                    VPOS="2811"
                    WIDTH="2436"
                    HEIGHT="131">
            <Shape><Polygon POINTS="189 2909 189 2942 337 2921 493 2932 496 2932 498 2932 535 2921 664 2932 667 2932 669 2932 695 2921 793 2932 795 2932 879 2921 929 2935 943 2939 945 2939 947 2939 1039 2935 1308 2918 1404 2930 1434 2935 1437 2935 1556 2930 1844 2916 1879 2928 1891 2930 1893 2930 1895 2930 1916 2925 1965 2916 1994 2925 2008 2930 2010 2930 2012 2930 2068 2925 2115 2921 2192 2923 2434 2935 2436 2935 2621 2918 2623 2902 2618 2841 2164 2839 2115 2811 2113 2811 2071 2811 2068 2811 2066 2811 2064 2811 2022 2837 1968 2811 1965 2811 1877 2811 1874 2811 1872 2811 1802 2841 1762 2841 1713 2813 1710 2813 1708 2813 1607 2825 1462 2813 1460 2813 1458 2813 1455 2813 1413 2839 1350 2841 1298 2813 1296 2813 1219 2813 1217 2813 1214 2813 1142 2839 1006 2827 1004 2827 1001 2827 940 2844 905 2827 903 2827 901 2827 758 2844 706 2816 704 2816 641 2816 638 2816 636 2816 634 2816 594 2839 566 2832 564 2832 561 2832 559 2832 533 2846 255 2846 212 2832 210 2832 208 2832 205 2832 203 2832 187 2841 189 2909"/></Shape>
	    <String CONTENT="parenc e de ces grands &amp; illuſtres Parlemens, ne"
                    HPOS="187"
                    VPOS="2811"
                    WIDTH="2436"
                    HEIGHT="131"
                    WC="0.9923362396657467"></String>
          </TextLine>
          <TextLine ID="eSc_line_441a0a25"
                    TAGREFS="LT8"
                    BASELINE="187 3035 2623 3040" 
                    HPOS="184"
                    VPOS="2939"
                    WIDTH="2439"
                    HEIGHT="131">
            <Shape><Polygon POINTS="187 3035 184 3047 273 3066 276 3066 1312 3052 1497 3052 1549 3068 1551 3068 1554 3068 1621 3054 1996 3054 2022 3068 2024 3068 2026 3068 2029 3070 2134 3070 2134 3068 2225 3054 2291 3066 2293 3066 2621 3052 2623 3040 2621 2975 2419 2975 2419 2972 2356 2942 2354 2942 2309 2942 2307 2942 2305 2942 2302 2942 2251 2972 2249 2975 2054 2975 2054 2972 2024 2958 2022 2958 2019 2958 1947 2970 1900 2942 1898 2942 1895 2942 1841 2942 1839 2942 1837 2942 1802 2961 1767 2942 1764 2942 1640 2942 1638 2942 1635 2942 1549 2972 1544 2972 1537 2972 1404 2939 1331 2939 1329 2939 1327 2939 1298 2956 1268 2939 1266 2939 1263 2939 1181 2951 1107 2939 1104 2939 1102 2939 1008 2970 872 2970 767 2970 765 2970 732 2958 730 2958 727 2958 463 2970 425 2970 423 2970 367 2939 365 2939 315 2939 313 2939 311 2939 257 2970 187 2970 187 3035"/></Shape>
	    <String CONTENT="s’eſtonnent point de le faire, &amp; le font par chacun"
                    HPOS="184"
                    VPOS="2939"
                    WIDTH="2439"
                    HEIGHT="131"
                    WC="0.9969087827439401"></String>
          </TextLine>
          <TextLine ID="eSc_line_578d5df2"
                    TAGREFS="LT8"
                    BASELINE="182 3169 2618 3164" 
                    HPOS="180"
                    VPOS="3075"
                    WIDTH="2438"
                    HEIGHT="124">
            <Shape><Polygon POINTS="182 3169 182 3185 404 3197 407 3197 409 3197 437 3185 439 3185 442 3185 489 3199 491 3199 493 3199 496 3199 526 3185 528 3185 952 3185 987 3199 989 3199 992 3199 1088 3185 1090 3185 1097 3185 1383 3197 1385 3197 1518 3183 1535 3183 1537 3183 1563 3197 1565 3197 1568 3199 1722 3199 1722 3197 1724 3197 1750 3183 1755 3183 1944 3183 1954 3183 2106 3197 2108 3197 2111 3197 2113 3197 2136 3183 2157 3194 2160 3194 2565 3197 2567 3197 2569 3197 2618 3180 2618 3164 2614 3106 2373 3106 2324 3075 2321 3075 2319 3075 2281 3075 2279 3075 2277 3075 2274 3075 2225 3103 1757 3089 1755 3089 1596 3103 1544 3075 1542 3075 1458 3075 1455 3075 1453 3075 1404 3101 1266 3101 1224 3077 1221 3077 1153 3077 1151 3077 1149 3077 1104 3096 1069 3077 1067 3077 999 3077 997 3077 994 3077 947 3103 915 3089 912 3089 910 3089 837 3103 791 3077 788 3077 699 3077 697 3077 695 3077 648 3103 589 3103 538 3077 535 3077 451 3077 449 3077 447 3077 393 3108 180 3108 182 3169"/></Shape>
	    <String CONTENT="iour. Car eſtant choſe receüe, qu’aucune or donnã¬"
                    HPOS="180"
                    VPOS="3075"
                    WIDTH="2438"
                    HEIGHT="124"
                    WC="0.9921550899744034"></String>
          </TextLine>
          <TextLine ID="eSc_line_6915f38c"
                    TAGREFS="LT8"
                    BASELINE="187 3307 2628 3300" 
                    HPOS="184"
                    VPOS="3206"
                    WIDTH="2444"
                    HEIGHT="136">
            <Shape><Polygon POINTS="187 3307 187 3318 217 3332 219 3332 222 3332 285 3318 292 3318 617 3318 702 3339 704 3339 706 3339 709 3339 793 3318 856 3339 858 3339 861 3342 954 3342 954 3339 957 3339 1001 3316 1004 3316 1046 3316 1076 3316 1109 3337 1111 3337 1114 3337 1116 3337 1254 3316 1259 3316 1268 3316 1659 3337 1661 3337 1750 3316 1788 3328 1790 3328 1792 3328 1874 3314 1881 3314 1895 3314 2258 3335 2260 3335 2263 3335 2305 3316 2340 3332 2342 3332 2345 3332 2487 3318 2600 3325 2602 3325 2604 3325 2607 3325 2628 3311 2628 3300 2623 3237 2480 3237 2427 3206 2424 3206 2375 3206 2373 3206 2370 3206 2368 3206 2319 3237 2075 3237 2050 3222 2047 3222 2045 3222 2043 3222 2010 3232 1963 3206 1961 3206 1907 3206 1905 3206 1902 3206 1900 3206 1858 3232 1781 3237 1593 3232 1551 3208 1549 3208 1458 3208 1455 3208 1453 3208 1411 3227 1380 3208 1378 3208 1376 3208 1310 3208 1308 3208 1305 3208 1252 3239 1209 3239 1036 3208 1034 3208 1032 3208 1029 3208 987 3237 856 3239 807 3211 805 3211 802 3211 741 3211 739 3211 737 3211 690 3237 571 3211 477 3211 475 3211 472 3211 414 3237 381 3227 379 3227 376 3227 184 3241 187 3307"/></Shape>
	    <String CONTENT="ce n’a lieu, de quelque choſe que ce ſoit, qu’elle ne"
                    HPOS="184"
                    VPOS="3206"
                    WIDTH="2444"
                    HEIGHT="136"
                    WC="0.9891311537544683"></String>
          </TextLine>
          <TextLine ID="eSc_line_48816fbb"
                    TAGREFS="LT8"
                    BASELINE="189 3442 692 3433 2632 3433" 
                    HPOS="187"
                    VPOS="3342"
                    WIDTH="2445"
                    HEIGHT="131">
            <Shape><Polygon POINTS="189 3442 189 3473 376 3454 510 3470 519 3470 521 3470 528 3470 641 3449 805 3449 830 3461 833 3461 835 3461 837 3461 884 3449 1202 3449 1233 3461 1235 3461 1238 3461 1240 3461 1280 3449 1631 3449 1701 3452 1708 3456 1734 3470 1736 3470 1738 3470 1741 3470 1790 3456 1804 3452 1827 3454 1879 3463 1881 3463 2022 3452 2047 3452 2057 3452 2120 3466 2122 3466 2235 3454 2258 3468 2260 3468 2263 3468 2265 3470 2419 3470 2419 3468 2422 3468 2480 3447 2485 3447 2630 3447 2632 3433 2628 3368 2164 3368 2160 3368 2115 3342 2113 3342 2068 3342 2066 3342 2064 3342 2061 3342 2019 3368 1965 3368 1921 3368 1919 3368 1872 3342 1869 3342 1816 3342 1813 3342 1811 3342 1764 3368 1710 3356 1708 3356 1486 3368 1439 3342 1437 3342 1397 3342 1394 3342 1392 3342 1345 3368 1296 3342 1294 3342 1291 3342 1179 3353 1135 3342 1132 3342 1130 3342 1128 3342 1067 3368 959 3356 957 3356 954 3356 936 3365 896 3342 894 3342 891 3342 800 3342 798 3342 795 3342 762 3358 678 3342 676 3342 674 3342 671 3342 638 3363 519 3368 421 3342 418 3342 311 3342 308 3342 306 3342 304 3342 259 3370 187 3370 189 3442"/></Shape>
	    <String CONTENT="paſſe par la Cour de Parlement, &amp; ne ſoit approu"
                    HPOS="187"
                    VPOS="3342"
                    WIDTH="2445"
                    HEIGHT="131"
                    WC="0.9818764962255955"></String>
          </TextLine>
          <TextLine ID="eSc_line_5d301889"
                    TAGREFS="LT8"
                    BASELINE="189 3566 2639 3566" 
                    HPOS="189"
                    VPOS="3477"
                    WIDTH="2450"
                    HEIGHT="122">
            <Shape><Polygon POINTS="189 3566 189 3580 315 3599 318 3599 320 3599 360 3583 458 3599 461 3599 727 3583 1149 3583 1209 3594 1212 3594 1268 3585 1319 3599 1322 3599 1324 3599 1511 3583 1750 3583 1785 3599 1788 3599 1790 3599 1933 3585 2190 3597 2192 3597 2639 3580 2639 3566 2639 3505 2588 3477 2586 3477 2532 3477 2529 3477 2527 3477 2478 3505 2382 3508 2279 3508 2221 3477 2218 3477 2216 3477 2097 3508 1806 3508 1633 3508 1631 3505 1561 3491 1558 3491 1334 3505 1324 3505 1273 3477 1270 3477 1188 3477 1186 3477 1184 3477 1102 3505 1099 3508 910 3508 908 3505 823 3477 821 3477 636 3477 634 3477 631 3477 585 3503 542 3505 514 3505 512 3505 463 3477 461 3477 393 3477 390 3477 388 3477 339 3505 334 3505 189 3505 189 3566"/></Shape>
	    <String CONTENT="uee &amp; publiee en icelle, nous, voyons aduenir de"
                    HPOS="189"
                    VPOS="3477"
                    WIDTH="2450"
                    HEIGHT="122"
                    WC="0.9995163542528948"></String>
          </TextLine>
          <TextLine ID="eSc_line_ae31c263"
                    TAGREFS="LT8"
                    BASELINE="182 3702 2644 3695" 
                    HPOS="180"
                    VPOS="3608"
                    WIDTH="2464"
                    HEIGHT="110">
            <Shape><Polygon POINTS="182 3702 182 3718 2642 3718 2644 3695 2642 3627 2609 3608 2607 3608 2604 3608 2551 3608 2548 3608 2546 3608 2544 3608 2511 3629 2501 3634 2368 3634 2359 3627 2326 3608 2324 3608 2321 3608 2279 3608 2277 3608 2274 3608 2237 3627 2228 3634 2059 3634 2045 3625 2033 3618 2031 3618 2029 3618 2026 3618 2024 3618 2022 3618 2010 3625 2001 3632 1788 3632 1771 3625 1743 3611 1741 3611 1668 3611 1666 3611 1664 3611 1640 3622 1631 3629 1542 3634 1439 3622 1343 3611 1341 3611 1338 3611 1336 3611 1319 3622 1296 3634 1254 3620 1219 3611 1217 3611 1125 3611 1123 3611 1121 3611 1118 3611 1104 3620 1083 3632 1060 3620 1055 3618 1053 3618 1050 3618 1048 3618 1043 3620 1001 3636 936 3620 933 3620 931 3620 807 3636 730 3618 725 3618 723 3618 718 3618 615 3639 400 3639 180 3615 182 3702"/></Shape>
	    <String CONTENT="iour en iour que telles Cours ſouuent reiectent &amp;"
                    HPOS="180"
                    VPOS="3608"
                    WIDTH="2464"
                    HEIGHT="110"
                    WC="0.9851245673335328"></String>
          </TextLine>
          <TextLine ID="eSc_line_0194ceb0"
                    TAGREFS="LT8"
                    BASELINE="182 3833 2651 3824" 
                    HPOS="180"
                    VPOS="3739"
                    WIDTH="2471"
                    HEIGHT="122">
            <Shape><Polygon POINTS="182 3833 182 3847 273 3861 276 3861 278 3861 280 3861 301 3847 304 3847 308 3847 348 3859 351 3859 353 3859 355 3859 379 3847 381 3847 383 3847 418 3859 421 3859 423 3859 732 3847 746 3847 748 3847 793 3861 795 3861 798 3861 950 3859 952 3859 982 3845 987 3845 1027 3845 1247 3856 1249 3856 1252 3856 1291 3845 1294 3845 1296 3845 1329 3859 1331 3859 1334 3859 1420 3845 1439 3842 1521 3845 1874 3856 1877 3856 2001 3842 2036 3840 2089 3842 2232 3852 2235 3852 2391 3842 2434 3840 2438 3842 2457 3854 2459 3854 2462 3854 2464 3854 2649 3840 2651 3824 2647 3756 2548 3739 2546 3739 2544 3739 2541 3739 2515 3756 2499 3765 2422 3765 2403 3756 2354 3739 2352 3739 2162 3739 2160 3739 2157 3739 2099 3758 2082 3765 1701 3765 1694 3760 1654 3742 1652 3742 1591 3742 1589 3742 1586 3742 1547 3763 1544 3765 1399 3767 1390 3763 1357 3744 1355 3744 1352 3744 1305 3744 1303 3744 1301 3744 1247 3765 1238 3767 1226 3765 1172 3751 1170 3751 1167 3751 1165 3751 1163 3751 1142 3765 992 3767 746 3770 741 3767 711 3753 709 3753 706 3753 622 3767 587 3746 585 3746 582 3746 517 3746 514 3746 512 3746 479 3765 313 3770 208 3753 205 3753 203 3753 201 3753 180 3765 182 3833"/></Shape>
	    <String CONTENT="ne veulent approuuer les ordonnãces ia faictes, &amp;"
                    HPOS="180"
                    VPOS="3739"
                    WIDTH="2471"
                    HEIGHT="122"
                    WC="0.9965521359443664"></String>
          </TextLine>
          <TextLine ID="eSc_line_a7e11104"
                    TAGREFS="LT8"
                    BASELINE="182 3969 2654 3948" 
                    HPOS="180"
                    VPOS="3866"
                    WIDTH="2474"
                    HEIGHT="152">
            <Shape><Polygon POINTS="182 3969 182 4018 463 3983 674 3983 720 4006 730 4011 732 4011 734 4011 760 4006 854 3985 933 3987 957 4001 971 4011 973 4011 975 4011 978 4011 1064 4008 1067 4008 1088 3999 1130 3978 1193 3997 1238 4008 1240 4008 1242 4008 1336 4006 1338 4006 1364 3992 1380 3983 1631 3976 1680 3985 1696 3987 1699 3987 1748 3983 1804 3978 1811 3983 1851 4001 1853 4001 1855 4004 1914 4004 1914 4001 1916 4001 1958 3978 1965 3976 1979 3978 2101 4001 2104 4001 2106 4001 2174 3973 2181 3969 2284 3969 2291 3971 2309 3983 2312 3983 2314 3983 2317 3983 2476 3971 2539 3990 2541 3990 2544 3990 2654 3962 2654 3948 2649 3884 2518 3866 2515 3866 2513 3866 2480 3884 2471 3889 2111 3889 2080 3884 2008 3870 2005 3870 2003 3870 1977 3884 1961 3894 1820 3894 1799 3884 1788 3877 1785 3877 1783 3877 1699 3884 1584 3894 1563 3884 1544 3875 1542 3875 1376 3875 1373 3875 1371 3875 1352 3884 1329 3896 1198 3884 1184 3884 1181 3884 1165 3884 968 3901 940 3884 938 3884 936 3884 933 3884 931 3884 929 3884 901 3901 699 3884 648 3882 645 3882 524 3884 514 3887 512 3887 477 3903 180 3887 182 3969"/></Shape>
	    <String CONTENT="à eux enuoyees pour publier: ou quelques articles"
                    HPOS="180"
                    VPOS="3866"
                    WIDTH="2474"
                    HEIGHT="152"
                    WC="0.9959508240222931"></String>
          </TextLine>
        </TextBlock>
        <TextBlock HPOS="2073.0"
                   VPOS="4000.0"
                   WIDTH="240.0"
                   HEIGHT="115.0"
                   ID="block_2"
                   TAGREFS="BT17">
          <Shape><Polygon POINTS="2313 4000 2313 4115 2073 4115 2073 4000"/></Shape>
          <TextLine ID="eSc_line_fe9e09be"
                    TAGREFS="LT8"
                    BASELINE="2068 4088 2314 4088" 
                    HPOS="2068"
                    VPOS="4020"
                    WIDTH="246"
                    HEIGHT="94">
            <Shape><Polygon POINTS="2068 4088 2068 4104 2082 4114 2085 4114 2087 4114 2089 4114 2314 4102 2314 4088 2314 4032 2305 4022 2305 4020 2302 4020 2300 4020 2298 4020 2239 4032 2225 4020 2223 4020 2221 4020 2218 4020 2216 4020 2214 4020 2188 4039 2183 4043 2141 4043 2139 4041 2099 4020 2097 4020 2094 4020 2092 4020 2089 4020 2068 4034 2068 4088"/></Shape>
	    <String CONTENT="a II1"
                    HPOS="2068"
                    VPOS="4020"
                    WIDTH="246"
                    HEIGHT="94"
                    WC="0.9994417667388916"></String>
          </TextLine>
        </TextBlock>
        <TextBlock HPOS="1224.0"
                   VPOS="3975.0"
                   WIDTH="667.0"
                   HEIGHT="152.0"
                   ID="eSc_textblock_518ae3c4"
                   TAGREFS="BT9">
          <Shape><Polygon POINTS="1891 4127 1891 3975 1224 3975 1224 4127"/></Shape>
        </TextBlock>
      </PrintSpace>
    </Page>
  </Layout>
</alto>
