2977 4210
95.0 145.0 2463.0 135.0 tre les Roys & les ſubiects: l'vn contractuel, l’au¬

107.0 278.0 2460.0 133.0 tre attaché à leur office & deuoir: auſquels (ainſi

121.0 423.0 2448.0 131.0 que ie me perſuade) les bons Roys ne voudront

124.0 561.0 2441.0 117.0 contreuenir, & moins y renoncer: en diſant que la

133.0 685.0 2434.0 121.0 capitulation faicte auec eux, par laquelle leurs ſub¬

119.0 813.0 2446.0 127.0 iects les ont illuſtrez d’vn ſceptre & d’vne couron

109.0 949.0 2460.0 122.0 ne, ſoit nulle, autrement ils perdroyent leur royau

109.0 1080.0 2463.0 124.0 té, & leurs ſubiects rentreroyent en leur premiere

107.0 1209.0 2462.0 124.0 liberté:comme en pareil i’eſtime qu’ils ne veulent

109.0 1342.0 2458.0 126.0 regir ou regner ſelon la raiſon & leur deuoir, mais

119.0 1468.0 2455.0 127.0 à leur ſenſualité. Car par ſemblable argument ſe¬

117.0 1611.0 2455.0 119.0 royent euincez de leur nom & leur eſtat: pource

109.0 1730.0 2460.0 131.0 que toutes choſes alterees de leur deuoir & office

107.0 1871.0 2462.0 119.0 le perdent, & acquierent vn nom contraire ou biẽ

105.0 1997.0 2471.0 115.0 different:comme le tuteur qui ne defend le biendu

114.0 2130.0 2460.0 131.0 pupille, ou le curateur qui n’a ſolicitude de ſon mi

105.0 2266.0 2476.0 136.0 neur, le patron qui a abandonné le patronage de

100.0 2397.0 2486.0 126.0 ſon libertin, ne retiẽnent plus leur nom, mais ſont

95.0 2533.0 2472.0 128.0 appellez faux tuteurs, faux curateurs, ſaux patrõs,

105.0 2661.0 2478.0 124.0 ou bien diſsipateurs, voleurs, & corrupteurs du

102.0 2785.0 2477.0 138.0 bien & diſcipline d’autruy. Ce qui s’obſerue meſ¬

105.0 2925.0 2478.0 122.0 mes aux choſes naturelles: car le pere & la mere

112.0 3054.0 2467.0 133.0 qui ont oublié la pieté & humanité naturelle en¬

109.0 3190.0 2474.0 128.0 uers leurs enfans, perdent leur nom, & ſont appel¬

105.0 3316.0 2481.0 133.0 lez paraſtres & maraſtres: ainſi les Roys qui s’eloi¬

114.0 3445.0 2474.0 135.0 gnent de la raiſonnable conduicte & ſecours qu’¬

100.0 3576.0 2490.0 124.0 ils doiuent à leurs ſubiects, s’abandonnans licen¬

88.0 3709.0 2505.0 143.0 tieuſement à tous appetis deſordonnez, perdent

72.0 3831.0 2516.0 159.0 l'illuſtre nom de Roy, & s’appellent tyrans ou bri¬

1263.0 39.0 174.0 117.0 365

2274.0 3971.0 319.0 129.0 gands.
