2977 4210
163 161 2455 138 perte de ſon eſtat & vie. Vn preſque ſemblable

156 306 2455 117 inconuenient aduint au Roy Theodoric premier

161 430 2453 119 de ce nom de la race de Faramond par le mauuais

168 554 2439 131 conſeil de Bertaire ſon Maire du Palais, lequel ay¬

173 692 2436 133 ant eſté treshumblement ſupplié par pluſieurs de

163 825 2446 110 ſes ſubiects bannis & retirez en Auſtraſie à cauſe

161 965 2446 129 des guerres ciuiles pour lors regnantes entre les

152 1087 2448 117 Maires du Palais: ſupplié di-ie, de les receuoir en

147 1216 2453 131 ſon Royaume, & leur rendre leurs biens, franchiſes

145 1351 2448 129 & immunitez, les reſuſa pour gratifier de leurs cõ¬

142 1487 2439 129 fiſcations iceluy Bertaire qui tenoit le parti con¬

145 1623 2403 126 traire, & conſequemment la main à ce qu’vn Ro¬

140 1751 2436 131 ne capitulaſt auec ſes ſuts,ains les traictaſt auec

135 1882 2434 131 toute rigueur. Mais l’iſſue en fut tragique: Car les

138 2018 2431 122 pauures bannis eſtans tombez en tout deſeſpoir

135 2144 2437 129 prindrent les armes ſous la conduicte de Pepin

131 2271 2431 131 Maire d’Auſtraſie cõtrepartiſan de Bertaire, pour

126 2416 2441 131 conſeruer le droict par force qu’ils n’auoyent peu

128 2547 2434 131 auoir par humilité & iuſtice, gaignerent vne ba¬

128 2671 2437 128 taille, deffirent Bertaire pernicieux conſeiller, & ſe

126 2809 2434 119 reconcilierent auec leur Prince par l'interceſsion

124 2928 2436 142 de Pepin qui fut eſtabli general Maire du Palais.

131 3068 2422 129 Ceſt exemple eſt fort conforme à la figure de no¬

119 3197 2427 135 ſtre temps. Le paradoxeur ſe pretend deſcẽdu des

117 3330 2422 133 Maires du Palais qui ont volé ce Royaume des

105 3463 2432 141 mains du legitime fondateur: il tient le Roy en ſer

102 3597 2432 124 uitude, il faict banir ſes pauures ſubiects, leur faict

95 3728 2437 126 fermer les oreilles de iuſtice & clemence, pretend

93 3856 2420 136 ſaire profit de leurs confiſcations, & en enrichir

1295 66 193 112 409

2218 4020 290 84 toute
