2977 4210
367 257 2380 124 Romaines, qui auoyent abandonné ſon ennemy

372 381 2382 133 pour ſuiure ſon party: Il y a infinies ſemblables e¬

362 523 2392 115 xecutions cruelles remarquees és vies des Empe¬

360 652 2399 117 reurs Romains pleines de commandemens & acti¬

351 783 2406 119 ons tvranniques. Mais elles peuuent tõber au cœur

353 916 2396 122 d’vn homme, puis qu’en pareil noſtre paradoxeur

351 1038 2401 124 a bien oſé conſeiller à noſtre Roy de faire des veſ¬

358 1174 2394 131 pres Sicilienes de ceux de la Religion reformee,

353 1312 2408 128 voire ſans faire eſpargne de ſexe ni d’aage: & que

346 1433 2418 138 depuis que les Egliſes euangeliques ont eſté dreſ¬

344 1569 2420 124 ſees en France, il a faict tuer par maſſacres inhu¬

337 1705 2427 121 mains en diuers preſches, par coniurations des Pa

339 1826 2427 136 piſtes, cinq à ſix mille perſonnes. Il faut donc que

329 1962 2439 128 chacun confeſſe que tel paradoxe ne ſortit iamais

327 2090 2430 129 d’vn cœur vrayement Frãçois, & moins Chreſtiẽ:

318 2221 2431 138 mais a pris ſource partie de la traditiõ Papiſtique,

325 2362 2441 124 partie des meurs Turquoiſes: qui ſont deux diuer¬

315 2493 2451 128 les effrenees tyrannies de ce temps, & plus abomi¬

313 2628 2453 129 nables qui iamais auparauant ayent eſté ni effe¬

308 2755 2460 135 ctuees, ni pourpenſees: l’vne pour les choſes corpo

304 2881 2460 133 relles, l’autre pour celles de l’eſprit & de l’ame.

311 3021 2448 122 Car l’vn faict mourir, ruiner, exterminer, hõmes,

294 3152 2474 129 femmes, villes, chaſteaux, peres, meres, femmes, en

290 3283 2476 127 fans, freres, ſœurs, & toutes autres choſes, ſans qu'¬

292 3414 2467 131 on luy oſe dire pourquoy fais tu cela. L’autre s’en

287 3541 2477 131 attribue autant pour le regard de l’ame:tellement

287 3676 2472 129 que les flateurs & adorateurs du Pape ont oſé di¬

283 3812 2474 129 re, voire & eſcrire pour choſe certaine, qu’il eſt en

276 3936 2485 150 ſa puiſſance d’enuoyer les ames des hommes par

1507 149 152 108 396

2164 4086 571 102 charretees
