2977 4210
386.0 189.0 2413.0 143.0 luy manifeſté l’ineptitude de la propoſition prin¬

388.0 325.0 2408.0 138.0 cipale. Or ſoit que la diction de Roy viene de re¬

400.0 463.0 2399.0 126.0 gir & gouuerner, ou de regner & dominer, & que

395.0 591.0 2415.0 136.0 le Roy ſoit celuy qui regit, ou qui regne: (comme

395.0 718.0 2420.0 131.0 il y en a opinions diuerſes) ſi eſt-ce que chaſcune

400.0 849.0 2415.0 130.0 d’icelles ſe rapporte à vn meſme but, qui eſt de biẽ

402.0 982.0 2420.0 128.0 & iuſtement regir ou regner: & qui faict le contrai

409.0 1122.0 2408.0 126.0 re, il ne regit pas, mais il ruine: & ne regne point,

407.0 1244.0 2424.0 128.0 mais il tyranniſe: cõme toutes choſes tendent per¬

423.0 1370.0 2418.0 136.0 petuellement à leur perfection, & à tenir rang de¬

414.0 1503.0 2427.0 124.0 dans leurs limites. Auſsi l’origine des iuſtes & legi

411.0 1639.0 2434.0 131.0 times Rois eſt procedee par election des peuples:

421.0 1763.0 2441.0 138.0 comme il appert par l’inſtitution des Rois d’Iſ¬

421.0 1899.0 2441.0 121.0 rael, noſtres, & de toutes autres nations, leſquels

430.0 2032.0 2434.0 122.0 volontairement ſe ſout ſubmis à ceux qu’ils ont e¬

425.0 2161.0 2449.0 140.0 ſtimez capables d’vne commune defenſe & admi¬

428.0 2285.0 2443.0 145.0 niſtration publique: car (ainſi qu’il a eſté cy deſſus

435.0 2427.0 2441.0 127.0 deduict) nature ne les ayant engendrez Rois, mais

435.0 2556.0 2453.0 131.0 eſgaux aux autres hommes, ils ont eſté amplifiez

437.0 2687.0 2455.0 140.0 de ceſte auctorité par l’adoptiõ des peuples, à cau

439.0 2823.0 2458.0 128.0 ſe de la vertu ou vraye ou apparente en eux. Mais

442.0 2949.0 2462.0 143.0 telle election a eſté accompaignee de pluſieurs

447.0 3087.0 2457.0 131.0 charges capitulees auec eux: c’eſt à ſçauoir qu’ils

447.0 3218.0 2473.0 126.0 conſerueront leurs ſubiects, les preſeruerõt de tou

451.0 3349.0 2467.0 126.0 tes oppreſsions, leur feront iuſtice: & autres ſem¬

451.0 3480.0 2469.0 142.0 blables articles, contenans obligatiõs reciproques

458.0 3611.0 2465.0 133.0 des vns enuers les autres: aux Roys de bien regir &

456.0 3739.0 2467.0 131.0 regner, aux ſubiects de biẽ obeir & reuerer. Nous

461.0 3877.0 2457.0 185.0 conſidererons dõc ſous ce propos deux liens d’en¬

1528.0 84.0 196.0 119.0 364

2771.0 4041.0 154.0 91.0 tr
