2977 4210
180 170 2436 124 charretees en enfer. Et quand il le voudroit ſaire

182 299 2453 143 pour ſon plaiſir, il n’y a perſonne qui luy oſaſt di¬

189 437 2429 129 re, Pourquoy le fais-tu ainſi? Et combien qu’aux

198 566 2416 128 gens de ſauoir & diſcours telles iactances Papales

196 701 2420 126 ſoyent en riſee: toutesfois elles tiennent le peup le

191 832 2420 124 rude & ſimple en extremefrayeur & tyrannie, ti¬

187 958 2429 124 rans & ſuccans leur ſubſtance, par bulles & indul¬

191 1103 2423 113 gences, pour euiter telles ridicules fulminations.

187 1223 2434 124 Et de telle fournaiſe eſt ſorti noſtre paradoxeur &

189 1358 2427 120 ſes belles remonſtrances: car il eſt vn de ſes princi¬

196 1487 2429 131 paux aſſeſſeurs: combien qu’autresfois vn Pape ait

196 1616 2427 131 oſé dire qu’il voudroit qu’il fuſt de contraire ſecte

201 1749 2417 129 à la ſienne, pour la haine naturelle que tous les hõ

203 1889 2422 117 mes ont contre luy, & luy contre les hõmes, eſtant

212 2020 2411 124 vn vray Iſmael, où Timon: pire que ces deux au¬

198 2147 2430 138 tres, deſquels on diſoit que pẽdant que l’vnſeroit

196 2280 2436 129 à Sparte, l’autre à Athenes, tels Empires ne ſeroyét

198 2416 2432 126 iamais ſans diuiſions & guerres. Comme auſsi pen¬

198 2544 2437 131 dant qu’il ſera en ce Royaume, les citoyens ne ſc¬

196 2682 2439 127 rõt iamais ſans guerres ciuiles, puis qu’il les a ia ex¬

196 2818 2441 114 citées par trois fois, voire & les a ſemees par tout

201 2935 2438 126 où ſon conſeil a aſsis fondement, teſmoin l'Eſcoſ¬

198 3070 2446 113 ſe. Mais y a-il aucu tant aliené de ſon ſens, qui trou

203 3206 2453 131 uaſt bon que les tyrannies Papiſtiques & Turquoi

201 3332 2464 134 ſes prinſſent pied en l’eſprit de nos Roys, eſtant aſ

201 3470 2460 129 ſeuré que ſi elles y font vne fois racine, pour le re¬

208 3590 2457 145 gard de leurs ſubiects, elles eſpãdront biẽ toſt leurs

205 3737 2465 117 rameaux enuers leurs peres, meres, enfans, ſrer̈es,

208 3859 2474 147 neueuz, & autres predeceſſeurs & ſucceſſeurs?

1343 65 157 115 391

2171 3973 71 52 .4

2001 3992 304 112 b iiii
