2977 4210
325 168 2417 126 en le faiſant viure en vnion auec louange perpe¬

329 292 2411 131 tuelle. Or s’il eſtoit ſi zelé à la grandeur du Roy,

332 421 2425 128 comme il faict ſemblant, il luy manifeſteroit les ca¬

337 558 2422 131 pitulations & entrepriſes qu’ont faict les Papes ſur

337 687 2438 124 ſon auctorité & Maieſté, quand ſous couleur de

341 816 2430 135 Religion & pieté, ils ſe ſont emparez de la plus

348 949 2434 131 grande partie de ſa iuriſdiction, luy ont ſouſtrait

348 1080 2439 133 ſes ſubiects, ont rendu la pluſpart de ſon peuple

351 1209 2436 131 exempt de ſa puiſſance & iuſtice: ſe ſont enſaiſinez

353 1347 2432 121 de la moitié du reuenu & patrimoine du Royau¬

351 1475 2438 124 me, voire en Duchez, Comtez, Baronnies, & au¬

353 1602 2439 126 tres belles pieces iont fondé vne Monarchie dedãs

355 1735 2427 133 ſa principauté, ne recognoiſſans en rien le Roy,

353 1864 2443 140 mais pluſtoſt ſe faiſans recognoiſtre par luy: qui

355 1997 2439 129 eſt choſe monſtrueuſe à nature & police, de voir

360 2130 2446 122 deux monarchies l'vne dans l’autre. Et combien

365 2261 2438 136 qu’il ſache & cognoiſſe en conſcience que toutes

360 2390 2446 126 telles choſes ſont vſurpatiõs faictes contre raiſon:

365 2530 2450 119 toutesſois luy minſtre de telles impietez & entre¬

374 2656 2448 120 priſes contre ſonmaiſtre, non ſeulement les fauori

365 2792 2457 119 ſe, mais les confirme de iour à autre. Or pour le

367 2925 2453 129 dernier argument ie luy demanderay & ſomme¬

367 3052 2476 145 ray de reſpondre, puis qu’il faict profeſsiõ de preſ

367 3180 2455 127 cher, & ſe vante d'inſtruire ſes dioceſains en la do¬

369 3311 2465 131 ctrine de l’Euangile, & leur ſaict croire qu’il eſt du

376 3452 2458 110 tout dedié en la lecture des ſainctes lettres: nous

379 3573 2459 155 eſt-il pas laiſſé eſcrit par icelles, que Dieu ſe de¬

381 3704 2464 150 mettant de ſa Maieſté, & deſpouillant de ſa gran¬

386 3842 2464 129 deur indicible, & ſe reueſtant d'vne clemence in¬

1470 70 179 94 412

1523 3959 702 131 Goõgle

1785 4046 19 68 (

2338 3978 507 133 croyable,
