2977 4210
231 161 2412 165 QVESTION POLITI¬

333 431 2299 137 QVE, S'IL EST LICITE

369 549 1931 145 aux ſubiects de capituler auec leur Prince.

688 811 1500 131 Seconde edition, auec addition.

1415 1092 1222 154 Epuis quelque temps on

1427 1218 1210 143 a ſemé en la bouche du

1427 1363 1208 133 populaire, & engraué en

1390 1487 1242 143 l’eſprit de nos ſuperieurs

1334 1618 1301 145 qu'il n'eſt licite aux ſub¬

1406 1761 1219 133 iets decapituler auec leurs

1380 1885 1245 142 Princes:voire & que tel¬

1383 2018 1240 138 les capitulations non ſeu¬

1380 2144 1243 141 lement ſont nulles mais

245 2268 2369 166 (qui pis eſt) qu’elles conuainquent le ſubiect qui a

175 2397 2441 159 capitulé, de crime de leze Maieſté. Et pource que

170 2526 2446 156 ceſte concluſion m’a ſemblé eſtre vn paradoxe de

168 2668 2455 150 grande conſequence, tant pour le regard du Prin¬

166 2790 2455 161 ce que du ſubiect, & la diſpute d’iceluy eſtre poli¬

161 2932 2453 150 tique: i’ay eſtimé appartenir à vn amateur de la ſo¬

159 3056 2441 155 cieté publique de le traitter, & en publier, ſon auis

156 3190 2460 154 appuyé de raiſons non fardées, pour en eſclaircir

159 3321 2443 161 la verité, comme ie fay à preſent: eſperant que par

159 3456 2434 155 icelles chacun pourra iuger de quelle boutique &

156 3587 2448 157 forge eſt ſorty ce tant inſigne principe. Et pour i¬

152 3723 2462 143 celuy rendre plus clair, ie commenceray par la de¬

140 3847 2476 154 finition ou explicatiõ de ce mot capituler: duquel,

442 2031 839 189 ᗞ

1401 67 134 113 355

1305 3985 587 105 Digitized by Google

1284 4003 636 112 Z.ii
