2977 4210
168 152 2448 140 Françoys ſont pleins des reigles & du moyen qu'¬

173 285 2438 110 il conuient obſeruer aux contracts d'entre les Prin

184 413 2425 134 ces & leurs ſubiects. Ie veux auſsi qu’outre le grãd

196 547 2415 126 maniement d’affaires, l’abondant patrimoine &

201 675 2401 127 reuenu qui ſe doit conſiderer en vn eſtat Royal,

198 813 2409 124 qui peut eſtre commun à toutes perſonnes n’eſtãt

187 937 2417 115 illuſtrees de telle dignité & authorité, on mette en

187 1071 2424 145 ligne de compte l’office d’vn Roy & Prince, qui a

189 1202 2413 119 infinies belles contemplations, leſquelles ſont cor

189 1335 2401 145 relatiues à celles du ſubiect, par plulieurs reſpects,

205 1471 2402 126 qui les rendent neceſſaires pour negocier, trafi¬

205 1597 2406 129 quer, contracter, & tranſiger enſemblement. Et

215 1737 2392 127 pour entrer par le principal deuoir du Prince,

203 1857 2411 128 qui giſt à regir & gouuerner ſes ſubiects, il eſt im¬

203 1988 2413 140 poſsible de le parfaitement exploiter, ſi le Prince

196 2130 2425 120 ne communique iournellement auec ceux qu’il

205 2257 2411 121 gouuerne & regit: s’il n’entend les actions, les

203 2380 2418 131 mœurs & la police de ſa cité, s’il ne conſulte auec

208 2511 2413 136 eux de tous les eſtats deſquels la Republique eſt

203 2642 2420 148 compoſce, comme de la religion, du conſeil, de la

203 2771 2418 140 iuſtice, des magiſtrats, des finances, de l'art mili¬

205 2907 2427 133 taire: & en tous ces articles s’il n'vſe de conſeil &

203 3040 2413 145 moderation politique, priſe des hommes ſages

210 3171 2422 140 & bien auiſez: & principalement de ſa nation, qui

212 3300 2423 140 ſont plus fidelles & mieux diſciplinez en icelles

219 3431 2432 145 que les eſtrangers. Car de penſer que le Prince ſeul

219 3562 2437 142 ſans l’ayde d’autruy, puiſſe mettre à eflect telles

222 3690 2441 152 grandes & importantes functions: ce ſeroit penſer

219 3824 2444 152 qu’vn homme ſeul pourroit aualer tout l’Ocean:

1254 49 150 114 359

1309 3964 646 137 Digitized by Google

1982 3948 327 124 Z iiii
