2977 4210
388.0 184.0 2439.0 152.0 d’icelles, leſquels quelquesfois du tout ils reprou¬

395.0 318.0 2439.0 149.0 uent, quelquesfois ils modifient. Et qu’ainſi ſoit, de

390.0 460.0 2439.0 136.0 noſtre temps, viuant & regnant le Roy Henry 2.

388.0 587.0 2441.0 140.0 de ce nom, l’ordonnance qui fut enuoyee à la Cour

395.0 715.0 2439.0 145.0 de Parlement de Paris ( par laquelle le Roy mal

400.0 856.0 2422.0 147.0 perſuadé par ceux meſmes qui ont inuenté le pre¬

388.0 984.0 2432.0 145.0 ſent paradoxe, vouloit introduire en ſon Royau¬

386.0 1110.0 2429.0 164.0 me l’inquiſition tyrannique d’Eſpaigne) fut refu¬

383.0 1244.0 2437.0 145.0 ſee: & fut reſpondu que la Cour ne pouuoit, ni de¬

388.0 1382.0 2434.0 135.0 uoit faire publier ic elle ordonnance: voire & quel

388.0 1515.0 2434.0 143.0 que choſe que peuſt faire iamais ce plaiſant inno¬

379.0 1660.0 2443.0 126.0 uateur & paradoxeur par toutes ſes menees, appu¬

383.0 1770.0 2437.0 150.0 vees de la puiſſance du Roy, il ne peuſt faire fleſ¬

372.0 1910.0 2445.0 141.0 chir la rondeur & integrité des iuges: combien que

369.0 2053.0 2434.0 131.0 luy-meſmes pour mieux venir au bout de toutes

372.0 2179.0 2443.0 131.0 ſes entrepriſes, euſt du tout corrompu le cours de

372.0 2306.0 2443.0 133.0 ce Parlement, qu’il auoit diuiſé en ſemeſtres: afin

369.0 2441.0 2446.0 136.0 que ce qu’il ne pourroit obtenir en l'vn, il fit paſ¬

365.0 2570.0 2443.0 136.0 ſer en l’autre: mais pour ceſt effect les deux ſeme¬

365.0 2706.0 2443.0 131.0 ſtres ſe porterent de pareille iuſtice & equanimi¬

367.0 2839.0 2441.0 133.0 té, dont bien toſt apres luy meſmes par deſpit fit

362.0 2979.0 2448.0 124.0 rompre les ſemeſtres, que temerairement il auoit

362.0 3096.0 2439.0 126.0 inuentez. Ie laiſſe vne infinité d’autres ſemblables

360.0 3239.0 2448.0 126.0 exemples: car telle voye eſt ſi ouuerte qu’il ne paſ

358.0 3375.0 2448.0 119.0 ſe guercs ordonnance que le Parlement ne face ou

355.0 3505.0 2437.0 110.0 refus, ou modification, où remonſtrances au Roy.

388.0 3636.0 2408.0 122.0 Voire & chacun peut ſauoir ce qui eſt eſcrit en nos

360.0 3767.0 2434.0 122.0 hiſtoires de la declaration faicte par icelle Cour

346.0 3894.0 2446.0 175.0 au Roy Loys vnzieſme, qu’elle endureroit plu¬

1458.0 95.0 199.0 108.0 374

2497.0 4011.0 255.0 124.0 ſtoſt
