2977 4210
161.0 152.0 2439.0 140.0 ge office & deuoir les conuie à ce faire: duquel ſi

166.0 294.0 2443.0 129.0 quelques-fois les ſubiects les requierent, admone¬

168.0 425.0 2436.0 141.0 ſtent & ſupplient, ils ne le doiuent trouuer mau¬

184.0 561.0 2418.0 126.0 uais ny eſtrange, mais le prendre en bonne part: &

182.0 689.0 2418.0 124.0 ne doiuent eſtimer que toutes choſes & bonnes &

170.0 818.0 2432.0 129.0 mauuaiſes indifferemment leur ſoyent permiſes:

168.0 954.0 2436.0 124.0 commes graces à Dieu nous auons veu noſtre Ro¬

170.0 1087.0 2430.0 129.0 yaume s’eſtre à touſiours, ou la plus part du temps

166.0 1216.0 2441.0 124.0 conduict & gouuerné, ſans eſtre iamais tombé en

166.0 1344.0 2436.0 141.0 ceſte licentieuſe & pernitieuſe peſté que les Roys

170.0 1480.0 2437.0 124.0 ſe ſoyent iamais plus voulu attribuer que les loix

168.0 1606.0 2443.0 131.0 l'ont permis, & le cõſeil l’a trouué bon: à quov auſsi

163.0 1742.0 2446.0 122.0 les ſubiets ont touſiours tenu la main. Ce qui a fait

163.0 1875.0 2444.0 120.0 que ceſte monarchie eſt entree en l’an douze cens

161.0 2009.0 2453.0 121.0 de ſon aage, ſans s’eſtre iamais alterée, ou demen¬

156.0 2128.0 2460.0 136.0 tie du titre de Royaume. Partant laiſſant à part tel

149.0 2268.0 2467.0 131.0 les gens inuenteurs de paradoxes, comme aban¬

156.0 2390.0 2462.0 133.0 donnez de toute raiſon, ie me veux adreſſer à mon

149.0 2526.0 2474.0 152.0 Prince & Roy, que ie voy & connoy eſtre de bon

147.0 2654.0 2471.0 145.0 naturel & bien né. Car combien qu’il ſoit enuiron¬

149.0 2787.0 2467.0 141.0 né de gens de conſcience perdue, voire & eſlong¬

154.0 2918.0 2462.0 148.0 nee de Dieu, & qu’il ſoit deſtitué de toutes perſon

156.0 3054.0 2460.0 133.0 nes qui luy oſent franchement dire la verité: tou¬

163.0 3185.0 2455.0 133.0 tes-fois en ſa grande ieuneſſe par vn bon inſtinct

156.0 3318.0 2465.0 131.0 naturel, & inſpiratiõ diuine, il reſiſte au mal, & fauo

156.0 3449.0 2472.0 136.0 riſe le bien. Ie me veux auſsi adreſſer au ſimple peu¬

163.0 3578.0 2462.0 147.0 ple, non piqué de mauuais zele, mais (comme il eſt

156.0 3709.0 2476.0 150.0 vray-ſemblable,) circonuenu par gens paſsion¬

145.0 3849.0 2469.0 136.0 nez, qui ſement zizanies & contentions entre les

2281.0 3994.0 330.0 89.0 conci¬
