2977 4210
219 145 2336 133 I'vſurpation de ce Royaume, & y a grande appa¬

212 275 2341 129 rence qu’il s’eſſayeroit d’vſer de la deſloyauté de

215 402 2333 128 Hebert, s’il tenoit noſtre Roy reſerré: ou bien de

219 537 2332 131 ſon pretendu predeceſſeur Pepin. Mais tout bon

224 673 2327 129 & loyal ſubiect du Roy dira que ceux qui cont re¬

217 804 2322 126 diront aux alienatrons qu’auoyent faict les Roys

208 928 2336 136 lean, Charles & Francois, ſont dignes de louanges

203 1054 2336 143 immortelles, recompenſes & gratifications, & les

203 1204 2338 122 autres dignes des peines ordonnees pour les con¬

201 1328 2338 131 uaincus de leze Maieſté: puis qu’ils permirent &

201 1447 2331 143 laiſſerent deſpouiller leurs Roys de leurs Royau¬

205 1581 2317 142 mes: & toutesfois ils obeiſſoyent à leurs volontez,

208 1723 2324 129 & ſe ſoumettoyent à leur conſentemens, voire co¬

205 1854 2320 129 me gens laſches, meſc hans & cont empteurs du biẽ

208 1976 2319 140 & de la fidelité deüe à leur Roy, & au public: ainſi

205 2114 2329 131 qu’ont faict de noſtre temps pluſieurs autres infi¬

203 2240 2338 138 deles Conſeillers & Gouuerneurs de nos Roys, leſ

201 2373 2331 134 quels leur ont cõſeillé ou toleré tant de choſes in¬

196 2509 2338 133 iurieuſes & pernicieuſes, que le Royaume en eſt

196 2642 2317 131 tout ruiné. Comme l’abandonnement de la Sa¬

196 2771 2336 131 uoye, Piedmont, Breſſe, Luxembourg, & autres

194 2900 2335 138 infinies be les & fortes places, deſquelles le Royau

191 3028 2329 141 me eſtoit fortifié & borné. Et ie dy que ce n’eſt pas

191 3162 2334 138 aſſez à vn Conſeiller: de ne conſeiller point nial,

184 3297 2345 141 mais il doibt reſiſter au mal qui leur eſt apparent;

182 3433 2352 133 n’eſtant point-moindre faute de permettre qu’on

177 3557 2352 140 face iniuſtice quand on la peut empeſcher, que de

180 3690 2347 129 la faire. Par meſme moyen ie veux luy demander

175 3819 2354 140 ce qu’il reſpondra de l’acte commis par les habitãs

1351 56 169 98 403

1926 3964 201 108 c ii
