2977 4210
189.0 194.0 2455.0 128.0 ures, combien que de leur premiere nature ils fuſ¬

196.0 322.0 2446.0 141.0 ſent tous eſgaux. Mais depuis par le droit des gens

210.0 453.0 2434.0 127.0 & ciuil des nations, ils ſe ſont inegalizez, c’eſt à di¬

224.0 587.0 2420.0 124.0 re agrandiz ou abaiſſez. Et comme ſans icelle ſo¬

222.0 727.0 2425.0 115.0 cieté & communication l’homme ne peut viure

210.0 830.0 2413.0 149.0 ny conſiſter: auſsi par icelle il a eſtably les maiſons,

205.0 977.0 2437.0 131.0 les bourgs, les villages, les villes, les maiſtres, les ma

203.0 1106.0 2436.0 135.0 giſtrats, les Princes & Roys, les ſubiects, les iuſti¬

208.0 1241.0 2436.0 127.0 ciables, les ſerfs, & pluſieurs autres choſes admira¬

208.0 1368.0 2434.0 135.0 bles & d’excellẽte induſtrie, Et pour icelles bien &

219.0 1510.0 2423.0 108.0 deüement exercer, ont eſté inuentez toutes ſortes

212.0 1641.0 2425.0 122.0 de contrats, achats, ventes, locatiõs, conductions,

205.0 1775.0 2442.0 128.0 eſchanges, tranſactions, pactes & autres negocia¬

205.0 1903.0 2444.0 131.0 tions: deſquelles ne ſe peuuent paſſer ceux qui vi¬

205.0 2041.0 2442.0 120.0 uent en communauté, de quelque qualité ou con¬

203.0 2158.0 2446.0 141.0 dition qu’ils puiſſent eſtre: Mais plus les perſon¬

203.0 2294.0 2444.0 140.0 nes ſont grandes & illuſtres, plus elles ont de pa¬

203.0 2430.0 2448.0 124.0 trimoines, de biens, de reuenu, d’adminiſtration &

203.0 2563.0 2446.0 124.0 d’authorité: auſsi ont elles plus de communication

203.0 2692.0 2448.0 133.0 & participation en la ſocieté ciuile, & plus les af¬

201.0 2818.0 2450.0 133.0 faires abondent à l'entour d'elles: pour leſquelles

201.0 2951.0 2450.0 141.0 conſequemment il leur eſt neceſſaire de plus ſou¬

208.0 3094.0 2446.0 128.0 uent contracter, accorder, negocier, tranſiger, &

205.0 3227.0 2453.0 138.0 capituler que nuls autres: par-ce que nature n’eſt

205.0 3351.0 2449.0 126.0 iamais oiſiue à inuenter nouuelles affaires. Or ny

210.0 3494.0 2453.0 128.0 ayans aucuns plus grans à la ſocieté commune que

208.0 3608.0 2462.0 127.0 les Rois & Princes, & ce ſeroit choſe monſtrueuſe

208.0 3735.0 2469.0 147.0 de dire qu’ils ſe puiſſent paſſer des contrats & ne¬

219.0 3873.0 2458.0 149.0 gociations, ſans leſquels l'action de l’homme ne

1298.0 101.0 211.0 105.0 357

1319 3985 657 98 Digitized by Google

2073.0 3994.0 265.0 129.0 Z iii
