2977 4210
447.0 243.0 2384.0 119.0 forme de iuges, decidans des cauſes particulieres

447.0 369.0 2389.0 126.0 ſeulement. Auſsi le rang & l'auctorité des Pairs eſt

447.0 512.0 2391.0 103.0 du tout exterminee, & les noms d’iceux accommo

444.0 633.0 2399.0 134.0 dez à quelques Seigneurs, dont le Roy faict ere¬

444.0 762.0 2406.0 133.0 ction pluſtoſt à ſa volonté qu’à leur vray office &

444.0 898.0 2406.0 121.0 deuoir. Mais ce bon effect que ceſte vmbre retient

442.0 1026.0 2410.0 124.0 encores eſt, que tous les Edicts & ordonnances du

447.0 1153.0 2401.0 135.0 Roy paſſent par l’alembic des Parlemens iudiciai¬

444.0 1288.0 2408.0 120.0 res, meſmes de celuy de Paris, eſtimé la Cour des

439.0 1426.0 2411.0 129.0 Pairs: laquelle a touſiours retenu ceſte dignité d’ap

444.0 1560.0 2408.0 121.0 prouuer ou reprouuer les Edicts & ordonnances,

437.0 1691.0 2430.0 114.0 ou du tout, ou en partie, & leur donner cours & vi

439.0 1817.0 2428.0 128.0 gueur du iour de leur publication & approbatiõ.

437.0 1941.0 2430.0 135.0 Or eſt-il tẽps de raiſonner & diſcourir ſur les pre¬

432.0 2079.0 2439.0 126.0 cedens exemples, auec ces notables fabricateurs de

437.0 2217.0 2432.0 124.0 paradoxes, non Pythagoriques, ou Stoiques, mais

435.0 2350.0 2434.0 119.0 Epicuriens: Si lors que nos bons anciens peres te¬

435.0 2469.0 2434.0 131.0 noyent les eſtats, ou que le Parlement des Barons

428.0 2605.0 2446.0 129.0 eſtoit conuoqué: ou bien que les Pairs eſtoyent en

428.0 2734.0 2448.0 121.0 leur throne auec le Roy: les deſſuſnommez di-ie

425.0 2869.0 2451.0 134.0 chacun en leur rang & ordre, diſputoyent de quel¬

425.0 3003.0 2449.0 126.0 que matiere d’eſtat, comme de commencer ou de¬

418.0 3145.0 2460.0 117.0 noncer vne guerre, ou accorder vne paix, ou impo

421.0 3262.0 2460.0 129.0 ſer quelque nouueau tribut, ou faire autres Edicts

418.0 3391.0 2451.0 126.0 & ordonnances: & les eſtats, les Pairs, le Parlemẽt,

414.0 3522.0 2457.0 131.0 ou l'vn d’eux, euſſent reſiſté à la volonté du Roy,

409.0 3655.0 2479.0 134.0 & luy euſſent declaré par viues raiſons que' ſon

404.0 3796.0 2481.0 121.0 intention ne ſe pouuoit ny deuoit executer ſelon

404.0 3917.0 2472.0 157.0 droict & iuſtice: & ſur pluſieurs articles propoſez

1626.0 140.0 159.0 100.0 372

2752.0 4057.0 133.0 120.0 Ils
