2977 4210
327 194 2425 138 eſtimee noſtre mere: tous parricides (di-ie) qui luy

327 327 2434 140 ont eſté propoſez tant par libelles publics qu’en

320 458 2439 126 remonſtrances à luy ſaictes en preſence du Roy &

318 582 2446 131 de tout le Conſeil priué: leſquels toutesfois (tant il

318 718 2436 119 eſt curieux de ſon honneur) il dict eſtre les monu¬

315 851 2432 133 miens de ſa gloire & perpetuité de ſon nom: telle

313 977 2429 133 que fut celle de Heroſtrate qui mit le feu dedans le

308 1106 2437 140 memorable temple de Diane d’Epheſe, ne pouuãt

311 1253 2438 129 par autre moyen acquerir im mortalité que par vn

304 1384 2445 112 extraordinaire criine. Or luy ayant commis tant

304 1499 2436 131 d’infidelitez contre le Roy, ſon Royaume & le ſa¬

299 1634 2443 129 lut public, il a perpetuellement en ſon cerueau le

294 1765 2439 129 crime de leze Maieſté, & capitulations par luy fai¬

287 1903 2444 124 ctes, s’accuſant luy-meſmes par vne fureur venge¬

290 2020 2441 131 reſſe de ſes delicts. Partant toutes choſes qui s’of¬

278 2151 2453 152 frent au Conſeil du Roy il les redargue d’infideli¬

280 2289 2448 129 té & leze Maieſté, iuſques à imputer à ceux qui ſe

276 2423 2450 126 rendent ſupplians & requerans la ſaueur l’aide &

273 2551 2451 138 ſupport du Roy, qui ſe proſtituent à ſes pieds &

273 2685 2446 128 embraſſent ſes genoux qu’ils ſont infideles, trai¬

266 2811 2451 133 ſtres & deſloyaux, & veut faire tenir au Roy le

264 2947 2446 123 train de Roboam, lequel à la verité refuſa & de¬

262 3080 2441 126 daigna de tranſiger accorder & capituler auec ſes

259 3206 2437 138 humbles ſubiects, chaſſa au loing leurs prieres & ſup

255 3339 2448 131 plications, les ſoula & tyranniſa extraordinaire¬

248 3470 2455 127 ment, & ce par le conſeil des flateurs, ayant chaſſé

248 3597 2443 126 des vieux conſeillers & officiers de ſon Royaume.

245 3730 2451 136 Mais l’iſſue nous rend teſmoignage de ſes ſages a¬

243 3859 2448 142 ctions, la ſubleuation de ſes ſubiects, guerre ciuile,

1435 91 176 105 408

2387 4020 285 117 perte
