2977 4210
372 152 2406 145 luy propoſa, pour les entrepriſes de Tybere Grac¬

374 294 2404 122 che ſon grand amy : & dire que tel inconuenient

372 425 2396 122 n’auiendra iamais à noſtre Roy: mais ie luy feray

383 551 2381 136 paſſer carriere, cõme on fit à Bloſſe, & repliq̃ray,

374 682 2408 127 ſi tel cas eſcheoit ainii ( par ce qu’il eſt aduenu &

374 813 2404 143 aduient iournellement à d’autres Princes) fau¬

374 942 2401 133 droit-il obeir à l’appetit du Roy? voyez vous cõ¬

372 1073 2403 136 me il eſt pris? Car s’il dict que le peuple ne lui doit

374 1204 2399 133 obeir, ſon paradoxe eſt faux: s’il accorde qu’il luy

372 1340 2415 121 faut obeir, il eſt conuaincu d’impieté: toutesfois il

374 1475 2415 108 ſe ſoucieroit moins du dernier que du premier: Au

367 1606 2420 131 moyen dequoy ie le veux preſſer de plus pres, &

365 1726 2415 135 luy demander, ſi le Roy abandonnant le Papiſme,

372 1857 2417 121 s’eſtoit declarc Euangeliſte, & auoit faict vn Edict

367 1992 2418 122 commandant à tous ceux de ſon Royaume d’abã¬

365 2119 2415 140 donner le Papiſme, ſeroit-ilbeſoing de luy obeir?

369 2252 2418 136 Ie ne doute point qu’il ſe deſdira de ſon paradoxe

365 2395 2422 126 en ce cas, & voudra capituler auec le Roy. Il y a in¬

362 2521 2427 131 finis ſemblables exemples eſquels ie le feray non

365 2652 2424 114 ſeulement vaciller, mais faire amende honorable

362 2780 2427 136 de ſa propoſition ( confeſſant que laſchement &

358 2911 2427 136 contre verité il l’a perſuadee à noſtre Roy) com¬

351 3047 2436 124 me ſont les ſuiuans. Si le Roy commandoit qu’in¬

346 3178 2439 129 differemment on tuaſt tous les preſtres de ce Roy¬

346 3316 2439 124 aume, ou qu’on extirpaſt le paradoxeur auec tou¬

346 3435 2439 134 te ſa famille, y faudroit-il obeir? Que diroit noſtre

341 3573 2444 131 renart pris au piege? Car s’il reſpond qu’il faut exe

339 3707 2446 124 cuter la volonté du Roy, il s’en va le premier aual

339 3833 2446 140 l’eau à quoy il ne conſentira iamais, ayant eſtabli

1563 37 173 122 388

2679 3962 117 121 ſa
