2977 4210
156.0 180.0 2465.0 112.0 fantent contraire effect à ſon intention: car elles a¬

173.0 311.0 2450.0 135.0 guerriſſent les fideles, les confirment & les augmẽ

173.0 439.0 2441.0 136.0 tent: & à l'oppoſite elles affoibliſſent & abbatent

177.0 577.0 2434.0 134.0 le Papiſme, par la ruine des temples, fuite ou mort

182.0 706.0 2427.0 128.0 des Preſtres, deſolation de leurs ceremonies, & pil

170.0 849.0 2430.0 116.0 lement de leur patrimoine, Mais retournant à mõ

163.0 979.0 2432.0 134.0 propos, ce que pour lors il practiqua pour le Par¬

156.0 1110.0 2441.0 120.0 lement de Paris, à preſent il le met à executionau

154.0 1234.0 2446.0 131.0 conſeil priué du Roy: duquel ſont du tout chaſſez

149.0 1372.0 2439.0 131.0 les gens graues & de vertu, accouſtumez de pro¬

145.0 1506.0 2434.0 110.0 noncer librement & ſincerement leur auis: & par

147.0 1641.0 2439.0 120.0 ce moyen tel Senat a perdu toute ſon anciene Ma

145.0 1765.0 2429.0 127.0 ieſté & auctorité: & ne ſe tient plus que dedans des

145.0 1906.0 2427.0 121.0 cabinets, ou au coing d’vne cheminee, où en vne

135.0 2032.0 2434.0 129.0 ruelle de lict, auec peu de femmes, enfans & pre¬

131.0 2158.0 2441.0 127.0 ſtres ſans Princes, ſans Chancelier, ſans Mareſ¬

131.0 2299.0 2436.0 107.0 chaulx ni autres vieux & ſeueres cheualiers ou con

131.0 2427.0 2434.0 127.0 ſeillers, voire ſans le ſceu, volonté & conſentement

133.0 2563.0 2429.0 129.0 du Roy:auquel on porte des reſolutions toutes di

135.0 2694.0 2420.0 126.0 gerees, luy faiſant croire qu’elles ſortent de ſon

138.0 2823.0 2410.0 131.0 conſeil. Et s’il aduient que le Roy y veuille aſsiſter

135.0 2958.0 2416.0 112.0 auec l'aſſemblee ordinaire, ce temeraire eſt ſi furi¬

131.0 3084.0 2413.0 129.0 eux & abandonné que d'en prendre l’vn à la bar¬

128.0 3218.0 2413.0 133.0 be, dementir l'autre, en chaſſer quelque autre: le

128.0 3360.0 2406.0 127.0 tout impuniment, puis que ſa temerité eſt ſouſte¬

119.0 3494.0 2410.0 121.0 nue par ceux qui au lieu de procurer la conſerua¬

114.0 3620.0 2406.0 122.0 tion du Royaume, en pourchaſſent la ruine. Car

107.0 3753.0 2404.0 117.0 on ne peut raiſonnablement imputer aucune cho

100.0 3875.0 2406.0 187.0 ſe au Roy, au moyen de ſa ieuneſſe, guidee par des

1351.0 87.0 176.0 91.0 377

2101.0 4032.0 393.0 105.0 gouucr¬
