2977 4210
444.0 210.0 2397.0 131.0 gans. Ie ne veux dire d’auantage que le droit na¬

435.0 343.0 2410.0 129.0 turel des gens & ciuil aquitent les inferieurs de

432.0 470.0 2411.0 126.0 leur deuoir, quãd ils connoiſſent que les ſuperieurs

430.0 601.0 2415.0 128.0 ſe ſont deuoyez de leur office. Car le pere le tu¬

428.0 741.0 2417.0 124.0 teur, curateur, patron & maiſtre, ayans temeraire¬

428.0 865.0 2415.0 114.0 ment abuſé de leur authorité, & icelle conuertie

428.0 996.0 2410.0 129.0 en diſſolutton, rendent les enfans, les pupilles, les

425.0 1122.0 2418.0 131.0 mineurs, les libertins & ſerfs affranchis de leur puiſ

418.0 1255.0 2409.0 134.0 ſance droits & authoritez qu’ils auoyent ſur eux,

425.0 1389.0 2413.0 126.0 & partant abſous de la reuerence qu’ils leur

421.0 1520.0 2427.0 126.0 doibuent. Auſsi à ce propos diſoit vn bon Se¬

414.0 1655.0 2434.0 115.0 nateur à vn mauuais conſul Romain, Puis que ie ne

414.0 1789.0 2434.0 133.0 te ſuis plus Senateur, auſſi tu ne m’es plus Conſul. Cõ¬

409.0 1927.0 2436.0 124.0 me au contraire quand les eſtrangers, ſans aucune

404.0 2046.0 2439.0 143.0 obligation ſe rendent bienfacteurs & propices à

402.0 2191.0 2441.0 119.0 aucunes perſonnes, ils acquierent incontinent en¬

400.0 2322.0 2443.0 124.0 uers eux le nom de peres, tuteurs, curateurs & pa¬

390.0 2446.0 2453.0 131.0 trons: dont eſt ſorty le prouerbe commun que

386.0 2575.0 2459.0 133.0 P'homme eſt Dieu à l'homme, & l'homme eſt diable à

386.0 2710.0 2462.0 127.0 l'homme, le tout ſelon ſes actions bonnes où mau¬

397.0 2841.0 2453.0 131.0 uaiſes: dont en pareil les Princes doux & fauora¬

388.0 2968.0 2460.0 135.0 bles ſont Roys à leurs ſubiects; & les cruels leur ſõt

381.0 3110.0 2467.0 131.0 tyrans. Ce progrez eſtant bien ent endu eſelairci¬

379.0 3239.0 2471.0 133.0 ra aſſez que les capitulations d’entre les Roys &

369.0 3368.0 2479.0 130.0 leurs ſubiects, voire des affaires d’eſtat & de leur

367.0 3508.0 2483.0 126.0 authorité, ne ſõt point interdites,ne vitieuſes: puis

372.0 3636.0 2480.0 129.0 que la racine & fondement de la grandeur & puiſ¬

362.0 3772.0 2490.0 129.0 ſance des Roys à pris origine par cupitulation, ele¬

365.0 3898.0 2490.0 169.0 ction & gratificatiõ des peuples: & que leur char¬

1598.0 84.0 197.0 121.0 366

2363 4032 489 133 ge office
