2977 4210
447 182 2345 124 puis que continuant en la conſeruation de telles

421 308 2373 129 ſemences,il veut d’vn meſme coup nourrir l’infide

421 435 2371 133 lité en ce Royaume, & faire perdre la couronne à

418 561 2378 145 ſon Roy. Auſsi auant que ie ſorte de ce paſſage, il

416 699 2373 133 ne ſera hors de propos de faire entendre ce qui

402 827 2380 129 n’eſt de noſtre Royaume, mais eſt de noſtre temps

402 956 2376 138 & propre en ce lieu. Le Roy d’Eſpagne és Royau¬

400 1087 2361 126 mes de Caſtille, d’Arragon, Cataloigne, Grenade.

397 1213 2381 143 & autres qu’il poſſede à preſent en Eſpagne, à ac¬

397 1351 2383 108 couſtumé de tenir les eſtats en chacun d’iceux Ro¬

397 1480 2388 126 vaumes par chacun an: ſi luy ou ſes officiers depuis

388 1613 2399 113 la derniere tenue d’iceux ont attẽté aucune choſe

379 1737 2403 131 contre les priuileges du pays, les eſtats le deduiſent

381 1871 2397 128 par forme de grief, & en demandent reparation:

379 2002 2399 128 voire & y perſeuerent ſi obſtinement, qu’il eſt be¬

362 2128 2413 126 ſoin que le Prince en rende bonne raiſon, & face

358 2259 2420 124 connoiſtre que telle innouation eſt fauorable & v¬

355 2390 2420 119 tile non à luy, mais au public:autrement elle eſt re¬

351 2521 2420 124 tractee, ou bien tous ſes droicts & octroys ordi¬

348 2652 2423 124 naires luy ſont refuſez & arreſtez, iuſques à la re¬

341 2780 2427 131 tractation par luy faicte. Le pareil ſe practique en

337 2907 2427 133 Portugal, Angleterre, Eſcoſſe, Nauarre & Bearn¬

337 3047 2429 126 Or les Seigneurs & Princes de tels pays pourtant

325 3171 2443 131 n'eſtiment leurs peuples rebelles, mais treſ-obeiſ¬

325 3304 2436 131 ſans & obſeruateurs rigoureux du bien du pays.

325 3438 2422 128 Auſsi ne ſont ils point gouuernez par ſeditieux,

329 3576 2428 124 paradoxeurs, & ruineurs de toute police: ains par

332 3702 2432 124 gens qui ayment le repos public & conſeruation

322 3824 2439 140 du pays. Auſsi en Allemagne il y a pluſieurs villes

1490 65 195 117 384

2265 3955 501 124 ſubiectes
