2977 4210
152.0 137.0 2469.0 129.0 de tous leurs differens. Laquelle maniere d’aſſem¬

156.0 280.0 2460.0 126.0 blee eſtant diſcontinuee, à apporté vn grand deſor

159.0 411.0 2457.0 117.0 dre & confuſion: car auiourdhuy tout moyen eſt

170.0 537.0 2446.0 127.0 oſté au peuple de donner à entendre à ſon Prince

173.0 673.0 2438.0 124.0 ſes doleances: & au contraire, le Roy voulant quel

170.0 802.0 2427.0 135.0 que choſe de ſon peuple, l’a demandé par moyens

163.0 942.0 2446.0 117.0 extraordinaires de contraincte, qui cauſe vn meſ¬

156.0 1068.0 2444.0 124.0 contentement & infini deſdain du peuple enuers

156.0 1204.0 2441.0 110.0 ſon Prince. Et nous auons veu en ce temps cõbien

161.0 1326.0 2434.0 131.0 proffiterent les eſtats tenus à Orleans, ſur leſquels

156.0 1459.0 2446.0 126.0 ont eſté faictes pluſieurs ordonnances ſalubres au

154.0 1599.0 2441.0 124.0 Royaume, & ouuers pluſieurs moyens pour l’ac¬

152.0 1726.0 2438.0 149.0 quict du Roy, & pour l’vtilité publicque: Quoy

147.0 1864.0 2441.0 126.0 que ce ſoit, le peuple s’en alla tres-content d’auoir

140.0 1990.0 2446.0 129.0 eſté ouy & entendu par ſon Prince: & le Prince nõ

131.0 2126.0 2452.0 114.0 moins ſatisfait d’auoir cognu la bonne volonté &

128.0 2252.0 2455.0 114.0 affection de ſes ſubiects. Comme auſsi nous auons

124.0 2390.0 2452.0 136.0 teſmoignage certain tant par les hiſtoires que par

121.0 2516.0 2460.0 129.0 les expeditions miſes en lumiere, du faict & vtilité

126.0 2659.0 2455.0 126.0 qu’apporterent au Royaume les eſtats tenus à

135.0 2790.0 2441.0 112.0 Tours au commencement du regne du Roy Char

107.0 2911.0 2472.0 131.0 les huictieſme: par leſquels non ſeulement fut eſta¬

112.0 3054.0 2467.0 129.0 bly vn bon ordre politicq pour le gouuernement

124.0 3178.0 2452.0 131.0 du Roy mineur & du Royaume, mais auſsi furent

109.0 3316.0 2465.0 131.0 adoulcies pluſieurs iuſsions aigres & trop ſeueres

117.0 3442.0 2455.0 134.0 du Roy Loys onzieſme, par la prudente modifi¬

112.0 3578.0 2457.0 112.0 cation des cerueaux ciuiliſez, aſsiſtans aux eſtats

114.0 3702.0 2458.0 143.0 & conſeil eſtably pres le Roy, deſquels le peuple

119.0 3827.0 2454.0 133.0 ne fut moins recreé, qu’vn corps las & preſſé de

1334.0 31.0 179.0 116.0 369

2118.0 3992.0 60.0 87.0 a
