2977 4210
166 173 2466 133 ſtoſt le dernier que le premier: & toutesfois le pau¬

175 308 2460 141 ure Montmorency Conneſtable induit par noſtte

182 442 2453 131 paradoxeur, (qui luy en fit porter la marotte & la¬

182 568 2443 138 peine) oſa dire qu’il valoit mieux que le Roy euſt

187 706 2431 126 guerre auec ſes ſubiects, que d’eſtre en mauuais

173 832 2443 143 meſnage auec ſes voiſins: O la ſage parole & digne

170 965 2446 129 d’vn bon conſeiller amateur du irepos public.

166 1096 2443 124 Mais conſiderons comme on ſe trouua en ce Roy¬

166 1237 2448 117 aume des capit ulerions qui furent faictes auec l'en¬

161 1363 2446 131 nemy public apres la perte de la rencontre Sainct.

166 1494 2445 133 Quentin, lors que le frere de noſtre paradoxeur

163 1630 2420 119 ayant emmené hors de France toutes les forces,

163 1758 2437 129 ſous vmbre de conquerir le Royaume de Naples

166 1896 2443 127 pour le Roy, mais vrayement pour l’emparement

159 2016 2448 142 de la Sicile pour luy; & du Papat pour le parado¬

154 2158 2450 124 xeur, ſi le Pape qui eſtoit vieil pouuoit mourir ce¬

154 2287 2446 126 pendant que l’armee du Roy ſeron en Italie: fuu il

152 2423 2452 128 pas ſeul cauſe d’vne ihiuſte guetre, par la rupture

156 2547 2444 128 de la plus iuſte & lonorable treue que iamais Roy

156 2680 2441 133 de France auoit eüe? & puis accorda il pas læ plus;

152 2811 2448 128 honteuſe paix qui iamais ſut veue en France? ent

142 2942 2453 131 laquelle l’ennemy nous donna la loy, nous faiſano

152 3070 2445 134 delaiſſer tout à vn coup la Sauoye, le Piedmont la

147 3204 2448 131 Breſſe, & infinis autres lieux, villes & pays qui bon

150 3336 2433 116 noyent auec grande ſeureté toute la France? Voi¬

157 3469 2430 116 la les capitulations qu'il trouue bonhes, aimãt Hi¬

157 3589 2423 154 eux aggrandir l’ennemy du Royaume, en luy ac¬

140 3722 2440 140 cordant tout ce qu'il demande, auec la honte de

147 3848 2419 137 noſtre Roy, que de le reconcilier miec ſes ſubiects;

1358 77 165 87 411

2398 4013 146 101 en
