2977 4210
163 156 2441 134 cendroy, ſi ce n’eſtoit que i’eſtime qu’il la ſaut im¬

170 297 2434 126 puter à vne plus graue cauſe, qui ſeroit vne ſureur

168 423 2439 133 de laquelle il eſt inceſſamment agité pour la graui¬

177 551 2423 124 té de ſes delicts,telle qu’on a deſcrit celle d’Oreſte,

175 689 2429 129 apres le parricide de ſa mere, eſtant perpetuelle¬

168 818 2436 124 ment perſecuté des furies vengereſſes de tels de¬

166 954 2438 121 licts. Or noſtre patient à la verité ne capit ula ia¬

161 1087 2462 129 mais auec ſon Roy, ſon Seigneur & maiſtre. Car capi

163 1218 2444 122 tuler (comme nous auons dict) c’eſt tranſiger, ac¬

163 1354 2441 124 corder & compoſer: & ceux qui capitulent & com¬

177 1485 2434 114 poſent, ſe mettent d’accord, ſe rendẽt vnis & amis

170 1616 2441 126 enſemble, renoncent à toure guerre querelle, pro¬

175 1744 2432 127 cez & diſſention, à toute tromperie & deception:

177 1889 2432 110 comme nous voyons que toutes capitulations &

177 2013 2432 129 accords le portent par paroles expreſſes: ce que

175 2137 2441 127 n’ent endit iamais faire noſtre. Panurge ſpiriruel &

175 2278 2439 114 temporel: mais au contraire il a touſiours capitulé

175 2402 2439 133 contre ſon Prince, ſon Royaumne & ſalut public par

175 2528 2448 138 l’inuaſion du Royaume, poſſeſsion des Duchez de

173 2663 2438 131 Prouence & d’Anjou, intelligences auec le Roy

175 2804 2443 131 d’Eſpaigne, excitation de guerres ciuiles, ruptures

175 2932 2448 124 des Edicts de pacification, introduction des con¬

173 3056 2462 131 frairies pour faire aſſaſsiner les bons ſubiects du

177 3194 2455 129 Roy, conſpirat ion contre les Princes du ſang, ſub¬

177 3328 2467 121 uerſion des finances du Royaume & infinies au¬

175 3452 2488 138 tres ſemblables actions, qui ſont tous manifeſtes &

173 3590 2488 135 multipliez parricides commis contre ſon pere &

182 3725 2493 138 ſa mere, puis que les Roys ſont reputez comme pe

182 3838 2500 152 res de leurs ſubiects, & la terre de noſtre natiuité

1350 65 175 96 407

2291 3962 79 51 00

2061 4001 108 92 C

2209 3994 189 99 1111
