2977 4210
227.0 175.0 2431.0 131.0 ce qui eſt propre de noſtre peuple & de nos meurs,

236.0 306.0 2434.0 119.0 à tous couronnemens de nos Roys les Pairs de Frã

236.0 435.0 2429.0 128.0 ce ont accouſtumé d’aſsiſter, & faire lire en preſen

245.0 577.0 2418.0 119.0 ce du Roy qu’on veut couronner ou ſacrer, certai

241.0 696.0 2415.0 131.0 nes ordõnances & ſtatuts:par leſquels le Roy pro¬

229.0 832.0 2427.0 129.0 met par ſerment ſolemnel de cõſeruer ſon pcuple

219.0 961.0 2420.0 138.0 en paix & tranquillité, d’entretenir ſes priuileges,

210.0 1089.0 2441.0 129.0 de ne fouler & opprimer ſes ſubiects de tailles, &

208.0 1227.0 2439.0 124.0 de ſupprimer les ſubſides nouuellement inuentez.

217.0 1354.0 2422.0 126.0 Tels articles ont eſté accordez & proiectez d’an¬

208.0 1487.0 2436.0 126.0 cienneté par les Eſtats, les Parlements, & Pairs, ou

203.0 1623.0 2432.0 126.0 autres bons politics,pour contenir les Roys dedãs

201.0 1749.0 2436.0 126.0 les bornes de iuſtice, & afin qu’ayãs iuré & promis

201.0 1878.0 2443.0 128.0 tels articles, ils fuſſent plus tardifs à les vouloir en¬

194.0 2013.0 2448.0 113.0 freindre, & où ils entreroyẽt en volonté de les vio¬

198.0 2149.0 2446.0 126.0 ler, pour en eſtre empeſchez, en vertu du ſerment

196.0 2275.0 2439.0 134.0 par eux faict, & iuſtes remonſtrances de leurs ſub¬

196.0 2406.0 2432.0 129.0 iects, meſmes des Eſtats, des Parlements, & Pairs,

194.0 2540.0 2438.0 126.0 conſeruateurs du bien public. Ie demande ſur le

194.0 2673.0 2434.0 131.0 recit par moy faict, ſi telles tres-amples & illuſtres

189.0 2823.0 2439.0 116.0 compaignies qui anciennement tenoyent la tuitiõ

189.0 2942.0 2436.0 126.0 du Royaume, & ceux qui encores à preſent font

184.0 3068.0 2439.0 126.0 faire les ſermens au Roys, ſont rebelles & atteints

187.0 3201.0 2436.0 127.0 de leze Maieſté. Et toutesfois ils capitulent auec

184.0 3337.0 2441.0 129.0 leurs Roys, ils les contraignent de iurer qu’ils ferõt

182.0 3480.0 2436.0 114.0 & procureront ce qui eſt contenu en iceux arti¬

180.0 3594.0 2436.0 115.0 cles, ils forcent leurs volontez. Ilfaut bien auiſer

177.0 3728.0 2434.0 133.0 que reſpondra noſtre paradoxeur: car d’vn coſté

161.0 3852.0 2436.0 140.0 il ſe trouuera rebelle, ayant faict iurer à trois Rois

1376.0 80.0 154.0 95.0 375

2431.0 4004.0 159.0 89.0 ces
