2977 4210
358.0 168.0 2399.0 129.0 meſpriſoyent leur raiſon: ſeroit-ce pas vn droict

358.0 292.0 2394.0 114.0 chaos & confuſion? Voila donc comme il eſt treſ¬

360.0 423.0 2387.0 128.0 neceſſaire que chacun obeiſſe à ſon ordre naturel,

367.0 556.0 2399.0 131.0 & ſuyuant iceluy ſe comporte en ſon eſtat. Auſsi

365.0 694.0 2399.0 115.0 le droit ciuil de toutes n’ations imitant la nature,

374.0 823.0 2390.0 128.0 a eſtably de certaines loix & regles pour contenir

379.0 951.0 2389.0 117.0 vn chacun en ſon deuoir: les Roys auec leurs ſub¬

376.0 1089.0 2399.0 115.0 iets,les peres auec leurs fils, les tuteurs & curateurs

386.0 1218.0 2394.0 124.0 auec leurs pupilles, les patrõs auec leurs cliens, les

388.0 1344.0 2401.0 108.0 procureurs auec leur conſtituans, & autres ſembla

383.0 1473.0 2413.0 131.0 bles: leſquelles loix & regles tant naturelles que ci¬

390.0 1620.0 2413.0 113.0 ui’es, ie ne ſay pomt comment nous pourrons au¬

393.0 1747.0 2415.0 119.0 tremẽt appeller que capitulations mutuelles, arti¬

395.0 1873.0 2420.0 126.0 cles, contrats, pactions & obligations que les vns

397.0 1999.0 2420.0 129.0 ont reciproquemẽt enuers les autres: pour leſquels

395.0 2133.0 2429.0 119.0 ils ſe peuuent mutuellement ſommer, & comme

404.0 2266.0 2423.0 119.0 appeller en droit de leur deuoir, non ſeullement

404.0 2390.0 2420.0 128.0 deuant Dieu qui eſt iuge ſouuerain & vniuerſel,

407.0 2526.0 2443.0 121.0 mais auſsi deuant les hommes, chacun gardant le

409.0 2652.0 2432.0 135.0 rang auquel il eſt colloqué, le grãd & Roy par com

411.0 2790.0 2439.0 128.0 mandement, le petit & ſubiect par priere & reque

411.0 2914.0 2441.0 119.0 ſte. Or telles choſes eſtant autant veritables com¬

411.0 3049.0 2448.0 120.0 me elles ſont claires & notoires à vn chacu, ie m’eſ¬

407.0 3185.0 2457.0 122.0 bahy comment il y a aucuns tant temeraires qu’o¬

411.0 3307.0 2458.0 131.0 ſent dire qu’il n’eſt loiſible aux ſubiects de capituler

416.0 3447.0 2467.0 122.0 auec leur Roy: cõme s’ils vouloyẽt priuer non ſeu

418.0 3573.0 2467.0 124.0 lement les inferieurs de participer de la lumiere &

421.0 3700.0 2460.0 124.0 humanité de leur Prince: mars pareillemẽt le Roy

421.0 3831.0 2478.0 128.0 de tant de commoditez qu’il a & reçoit de ſes ſub¬

1484.0 56.0 183.0 112.0 362

2583.0 3964.0 323.0 110.0 iects:
