2977 4210
365 236 2427 121 uons recueillir l'heureux progrez qu’a eu l’ac¬

362 357 2416 127 cord, l'vnion & la liaiſon du Roy auec ſes ſubiects,

376 493 2427 129 par leſquels le Royaume s’eſt accreu, amplifié &

358 626 2445 117 enrichi à veue d’œil: & au contraire par la diſſen¬

358 746 2417 128 ſion & diſcord noſtre Monarchie s’eſt abbaiſſee,

360 891 2420 112 esbranlee & ruinee: ie m’esbahi comment noſtre

355 1022 2432 119 paradoxeur a oſé ent reprendre de ſemer vne ſi ine

360 1150 2420 129 pte & dangereuſe propoſition, veu le bruit & la re

360 1279 2415 136 putation qu’il a faicte eſpandre de luy par gens

365 1405 2413 136 (comme il eſt croyable) apoſtez, qu’il eſt le plus ca

348 1541 2427 131 pable prourdent & ſauant qui ſoit en l’Europe,

341 1672 2437 128 doüé de l’encyclopedie de ſauoir. Et outre ce que

337 1803 2429 135 dés & depuis vingt-cinq ans ença, il a eſté nourry

337 1934 2445 133 & employé aux affaires d’eſtat, & long temps à

339 2069 2427 108 qu’il tient de ſes deux mains les deux fortes reſnes

327 2196 2439 131 des deux gouuernemens, l'vn du ſainct ſiege Ro¬

322 2334 2446 119 main, l’autre de ce grand Royaume: & par ce

318 2465 2448 119 moyen ( comme ils diſent en leurs canons) il con¬

318 2584 2448 129 duit les deux grands luminaires: le Soleil & la Lu¬

313 2720 2451 131 ne de ce monde, le ſpirituel & le temporel. (Et de

306 2851 2460 140 faict les rayons du Soleil luy ſortent par ſes yeux

306 2986 2472 122 eſtincellans: & la Lune luy eſt demeuree au cer¬

304 3120 2455 131 ueau.) Au moyẽ dequoy il n’eſt aucunemẽt croya¬

297 3248 2462 136 ble qu’il ait faict telle faute par ignorance, puis

297 3389 2460 121 que toutes perſonnes de moyen ſauoir, voire ſes

292 3508 2476 138 ſimples, ( pourueu qu’elles ne ſoyent point deſti¬

290 3648 2469 117 tuees de lumiere naturele) en cognoiſſent la veri¬

290 3765 2474 145 té: Il s’enſuiuroit donc que ce fuſt par vne grande

290 3912 2483 145 & inueteree maliee. A quoy aiſement ie condeſ¬

1535 121 192 108 106

1844 4004 35 77 A

2218 4050 473 124 cendroy,
