2977 4210
163 149 2453 126 en ſorte qu’il le priue de tout iugement & le rend

161 273 2460 133 hebeté & hors de bon ſens. Or laiſſons telle genera

168 406 2450 145 lité qui eſt aſſez diſputee par les bons aucteurs, eſ¬

175 549 2443 129 quels on deuroit inſtruire noſtre Prince: & entros

180 685 2438 133 a quelques exemples particuliers tirez de nos hi¬

168 809 2453 133 ſtoires. Le Roy Iean ayant eſté faict priſonnier du

168 940 2448 135 Roy d’Angleterre à la iournee de Poitiers, fut cõ¬

159 1078 2459 131 trainct de ſe racheter de ſa captiuité par pluſieurs

159 1211 2462 119 iniques conditions: & entre autres en cedant & de¬

159 1333 2459 138 laiſſant à l’Anglois la Guyenne amplifiee de limi¬

161 1482 2460 117 tes extraordinaires, comprenant ſous icelle toute

163 1599 2460 148 la Gaſcoigne, Poictou, Xainctonge, Perigort, Ly¬

163 1749 2462 131 moſin, Quercy, Angoulmoys & Rouergue, auec

163 1871 2462 147 toute ſuperiorité & ſouueraineté. Pluſieurs deſdits

173 2013 2450 136 pays s’oppoſerent à tel appoinctement, ne voulãs

168 2137 2460 115 ſortir de la ſubiection de France, & maintenãs tel¬

168 2278 2455 133 Ie capit ulation des ennemis detenans vn Roy pri¬

163 2404 2458 131 ſonnier, auoir eſté forcee & violente. Le Roy co¬

168 2542 2457 129 gnoiſſant leur bonne volonté qui pourroit retar¬

163 2666 2462 117 der ſa liberté & de l'vn de ſes fils, enſemble la reſtau

163 2804 2462 131 ration de ſon Royaume, les pria de ſuperſeder &

161 2942 2462 131 aquieſcer pour quelque temps:ce qu’ils firẽt: mais

166 3068 2457 138 bien toſt apres ſa mort, regnant Charles le quint

163 3211 2462 119 ſon fils, qui ne penſoit aucunement au recouure¬

159 3332 2459 134 ment de la Guyẽne, les bõs ſubiects du Royaume,

159 3468 2471 126 & entre autres le Comte d’Armaignac interiecta

156 3601 2469 129 vne appellation au Roy de France, des exactions

147 3728 2483 135 & nouueaux ſubſides impoſez par le Roy d’Angle

163 3861 2469 138 terre ſur la Guyenne: de laquelle le Roy ne te¬

1319 59 176 105 399

2387 4020 250 89 nant

2532 4100 100 56 L
