1419 2411
143 139 1037 60 eſtre iuge. Et nous auons (comme tu ſcay) à

143 204 1036 55 traiter d’vne autre matiere: touteſois pource que

143 254 1036 63 ceſt affaire importe tant à l’Egliſe de Dien, ſi tu

143 314 1034 63 veux, aſin que laute de raiſons, on ne laiſſe plus lõ

142 375 1037 62 guement vne punition ſi neceſſaire en arriere, ie

142 432 1038 64 tiendray le parti de la royne d’Eſcoſſe (par ſorme

140 494 1039 60 de deuis) & t’allegueray au mieux mal qu’il me

138 553 1039 64 ſera poſsible, tout ce que ces pattizans alleguent,

140 609 1039 64 pour l’exempter de ſon dernier ſupplice, toy au

135 668 1041 59 contraire debatras ce qu’il te ſemblera eſtre rai¬

136 724 1041 59 ſonnable, ſelon l’eſtat, & la conſcience pour le biẽ

135 786 1042 63 de ce peuple-là. I’ay bon moyen d’en aducrtir des

136 845 1040 64 Myllords qui me ſont amis. Apres cecy, ie te ſe¬

135 905 923 63 ray entendre le ſuccez de tout mon voyage.

347 70 593 53 DIALOGVE II.

132 959 1041 67 Le pel. Ie le veux bien, & ſi ne fay point de dou¬

132 1020 1043 63 te que ie n’en puiſſe bien reſoudre ceux qui ſans

135 1079 1037 63 paſsion auec vn iugemẽt pur & net,voudront me¬

135 1141 1033 60 ſurer mes raiſons. Mais deuant que paſſer outre,

133 1198 1042 62 ie ſuis d’auis qu’en ce fait cy (comme en toute au¬

133 1256 1042 56 tre matiere d'eſtat) nous ayons deux conſiderati¬

133 1316 1048 62 ons conioinctement, L'vne, Si ce qu’on propoſe

133 1371 1042 66 eſt honeſte, l’autre, S’il eſt vtile. Ceux qui en ma¬

133 1430 1039 66 tieres d’eſtat, dient qu’il ne faut cõſiderer que l'v¬

133 1493 1040 62 tilité, monſtrent qu’ils n’ont guere l’honneur, &

133 1553 1038 52 encores moins la conſcience en recommandatiõ,

133 1605 1035 69 Le populace d’Athenes ſuffit pour leur faire hõ¬

136 1668 1031 63 te au iugement qu’il donna, du conſeil que The¬

136 1727 1032 55 miſtocles leur vouloit bailler ſãs le declarer qu’à

136 1788 1033 61 vn. Ils eſleurent (comme tu ſcay) pour l’ouyr non

142 1841 1025 63 point le plus affectionné à l’amplification de leur

139 1902 1029 66 Republique, ains Ariſtides le plus iuſte, auquel

138 1962 1031 71 apres qu’il leur eut rapporté que le cõſeil de The

1127 72 50 68 17

941 2021 33 61 B
