1444 2429
244.0 83.0 60.0 51.0 90

237.0 144.0 1031.0 63.0 partie du corps eſt ſi extremement greuee, qu’el¬

236.0 202.0 1035.0 65.0 le ne peut plus ſupporter ſon mal? En tel cas il

233.0 261.0 1040.0 62.0 faudra diligemment couſiderer, quelle eſt la cau

234.0 319.0 1038.0 65.0 ſe de ſes plainctes, & le but auquel elles ten¬

234.0 381.0 131.0 56.0 dent.

458.0 79.0 605.0 49.0 DIADOGVE TI.

238.0 433.0 1034.0 68.0 Car il y en peut auoir qui ſe plaindront de la ty¬

237.0 496.0 1035.0 61.0 rannie, enuers leſquels toutefois on n’vſera que

238.0 573.0 784.0 42.0 dc iuite de legieſſle commandemenes

296.0 609.0 972.0 61.0 Eſtans certains de la bonté & iuſtice des com¬

241.0 670.0 1045.0 68.0 plaignans, en ſe ſouuenant qu’il n’eſt pas permis

241.0 731.0 1035.0 62.0 à vne parti e, ſoit en chaſteau, ville ou prouince,

240.0 794.0 1039.0 61.0 ce qui eſt propre & appartenant au tout: apres

241.0 850.0 1037.0 60.0 que celle partie greuee aura admonneſté & auer¬

244.0 909.0 1035.0 59.0 ty les autres ſes compagnons de leur deuoir &

244.0 964.0 1031.0 65.0 charge: & qu’ils n’y voudront entendre: il luy ſe¬

245.0 1022.0 1035.0 58.0 ra permis & loiſible par tout droit & raiſon diui¬

244.0 1082.0 1036.0 62.0 ne, humaine, politique & des gens: non de deſ¬

242.0 1140.0 1038.0 65.0 mettre le tyrã, iaçoit que par le droit il deuſt eſtre

244.0 1195.0 1035.0 58.0 deſmis: mais fort bien de ſe ſouſtraite de ſa ſuie¬

246.0 1256.0 1034.0 62.0 ction, & de ſe deffendre contre la tyrannie, & vio¬

248.0 1317.0 1032.0 63.0 lence de celuy, qui au lieu d’eſtre Paſteur & pere

251.0 1377.0 805.0 62.0 du peuple en eſt le volleur & brigand.

298.0 1431.0 985.0 62.0 Cela peut il faire en bonne conſcience, & laiſ¬

252.0 1492.0 1036.0 66.0 ſer perir cependant qui veut perir à ſon eſcient.

256.0 1550.0 1035.0 62.0 N’eſtant aucunement raiſonnable que pour la laſ

253.0 1611.0 1037.0 56.0 cheté & nonchalance d'autruy mon droit, mon

255.0 1674.0 1035.0 60.0 bien, mon honneur & ma vie, voire mon propre

255.0 1727.0 653.0 63.0 ſalut ſoit abandonné & perdu.

307.0 1783.0 988.0 61.0 Par le droit Feudal, pour les meſmes cauſes

256.0 1843.0 1028.0 67.0 que le vaſſal perd le fief, ſcauoir pour felonie,

259.0 1928.0 1035.0 42.0 pour icenes memes le naut Seigdeur le peru.

261.0 1962.0 1034.0 70.0 pource que, comme dit la Loy, l’obligation d’en

1209.0 2032.0 75.0 52.0 ge
