1437 2452
271.0 151.0 1031.0 42.0 quenque mutene de se lue le maslene d icdi

271.0 192.0 1035.0 60.0 du tyran auec le prince de Nauarre, afin de pou¬

269.0 252.0 1037.0 58.0 uoir attirer par ce cordeau les Huguenots, l’A¬

269.0 303.0 1039.0 60.0 miral auec la Nobleſſe à la diſcretion de la cour.

271.0 362.0 1031.0 68.0 Que pour faciliter ceſt affaire, il ne falloit nulle.

268.0 426.0 1043.0 61.0 ment pardonner à beaux ſemblants,preſens, pro¬

267.0 486.0 1054.0 61.0 meſſes, & autres telles attrapoires &ean ben te de

267.0 544.0 1040.0 60.0 cour iuſques qu’on les viſt dans Paris, où la cour

269.0 603.0 1035.0 60.0 pour ceſte occaſion ſe remueroit au beſoin: eux y

267.0 660.0 1037.0 61.0 eſtãs venus, recueil lis & careſſez qu’il falloit pour

267.0 720.0 1036.0 63.0 Ie temps des nopces leur dreſſer vn fort à plaiſir

265.0 777.0 1045.0 66.0 bien trouſſé & bien equippé, comme à mode de

269.0 840.0 1031.0 60.0 guerre, au Pré aux clercs, ou pres des Tuyleries,

264.0 899.0 1042.0 53.0 ſous couleur de faice exercer les courtiſãs, les vns

263.0 952.0 1039.0 58.0 à aſſaillir, les autres à deſſendre le fort pour l'es¬

264.0 1014.0 1039.0 64.0 bat & paſſetemps des dames Qu’il eſtoit de be¬

265.0 1072.0 1045.0 55.0 ſoin de faire que l’Amiral fuſt le chef des aſſail¬

265.0 1130.0 1042.0 66.0 lans: & qu’il fuſt ſuyui des gentilshommes de la

264.0 1191.0 1040.0 60.0 Religion, qui lors ſe trouueroyent en cour, deſ¬

261.0 1251.0 1045.0 62.0 quels il ne falloit pas douter qu’il ne s’en trouuaſt

265.0 1309.0 1038.0 61.0 vn bon nombre: & que ceux qui deffendroyent le

260.0 1366.0 1039.0 60.0 fort fuſſent des plus feaux & aſſeures courtiſans,

264.0 1427.0 1040.0 63.0 Capitaines & ſoldats du tyran: deſquels les cheſs

259.0 1488.0 1045.0 60.0 auroyent le mot de guet de tout ce qu’il leur fau¬

257.0 1543.0 1049.0 64.0 droit faire. Qui ſeroit, ſelon ſon auis, de charger

256.0 1604.0 1041.0 61.0 à plomb leurs harquebouzes, les encarrer &tirer

254.0 1663.0 1046.0 62.0 dioit à l’Amiral & à ceux de ſa trouppe, leur cour

257.0 1723.0 1046.0 61.0 re ſus à bon eſcient, & les tuer, comme qu’il en

256.0 1781.0 1046.0 64.0 ſuſt, apres auoir fait quelque ſemblant au com¬

254.0 1841.0 1045.0 53.0 mencement de combatre & de ſe deffendre ſeule

257.0 1900.0 441.0 62.0 ment pour le plaiſir.

275.0 55.0 94.0 68.0 rTa

535.0 57.0 578.0 58.0 DIALOGVETI.

308.0 1958.0 992.0 66.0 Que cela ſar on vlendroit facilement à bout

1209.0 2020.0 87.0 60.0 des
