1421 2432
125 147 1024 69 pille, & le Paſteur à vn troupeau: non pas le pu¬

125 208 1028 60 pille au Tuteur, ou le troupeau au Paſteur. Il fal

124 268 1026 63 loit donc qu’il y euſt quelques aſſemblees & trou

125 328 1026 54 pes d’hommes deuant la crextion des Magiſtrats.

121 389 1029 58 Encorès peut-on bien trouuer auiouid huy vn

125 443 1022 66 peuple ſans Magiſtrat, mais nullement vn Magi¬

116 501 1031 66 ſtrat ſans peuple: C’eſt donc le peuple qui a creé

118 564 1021 65 le Magiſtrat & non le magiſtrat le peuple: qui a,

117 624 1028 59 dis-ie, creé les premiers magiſtrats d’vn com¬

114 680 1033 63 mun conſentement, pour la neceſsité qu’il ſe ſen¬

116 741 1033 60 toit auoir pour ſa conſeruation d’vn tel lien &

112 798 226 51 conduite.

302 82 599 50 DIALOGVE II.

150 853 991 65 Aucuns peuples ont creé des Princes ſur eux,

117 917 1030 61 pour eſtre gouuernez & regis en ceſte façon ou

112 972 1034 62 en l’autre, te llement toutesſois qu’il demouroir

114 1034 1029 64 touſiours par deners le peuple vne bonne portiõ

112 1091 1033 60 de la puiſſance & anthorité. On voit cela en l’e¬

112 1153 1031 58 ſtat Demõcratique, auquelaucuns eſleus en ce¬

110 1210 1033 60 ſte charge demandent les auis & recucilient les

112 1264 1031 64 voix du peuple, n’oſans au reſte rien ordõner ſans

113 1325 1026 65 ſon conſentement. Ceux-cy ſont appellez Magi¬

108 1383 386 66 ſtrats populaires.

1088 98 70 37 92

166 1444 975 66 Autres y en a, qui ayans mieux aimé le gouuer

109 1503 1033 54 nement Ariſtocratique, ont choiſi & eſleu vn cer

109 1561 1033 61 tain nombre des meilleurs de leurs citoyens, au'¬

110 1621 1032 55 quels ils ont cõmis toute la conduite de leur eſtat

113 1672 393 66 & choſe publique.

171 1738 971 65 Ceux qui ont plus priſé le gouuernement d’vn

108 1794 1027 66 ſeul, l’ont eſleu & eſleué ſut eux pour les gouuer¬

108 1856 1030 54 ner & conduire comme Monarque & ſouuerain.

108 1913 1030 65 Mais il ne ſe trouuera-iamais, qu’il y aie eu vn peu

113 1969 1024 77 ple ſi ſot & mal auiſé, qui ait eſleué vn magiſtras

940 2040 24 51 f
