1424 2457
137.0 139.0 1037.0 63.0 nent: & de ce qu’il les repouſſoyeut trop rudemẽt

140.0 214.0 1035.0 43.0 de leurs murailles, louſtenas mieux qu’ils ne vou

140.0 260.0 1035.0 64.0 loyent & plus longuement leurs aſſauts. Nous

137.0 316.0 1039.0 70.0 ſceuſmes que le ſeigneur de la Noue qui par grãd

140.0 378.0 1036.0 54.0 merueille & admirable prouidẽce de Dieu auoit

140.0 432.0 1038.0 67.0 eſchappé les fillets des traiſtres, ſe trouuant lors

137.0 494.0 1039.0 64.0 du maſſacre de Paris dãs Mons en Hayn aut qu’il

139.0 554.0 1039.0 62.0 auoit aidé à ſurprendre par commandement du

140.0 612.0 1035.0 65.0 tyran, duquel ils attendoyẽt ſecours ſuyuãt ſa pro

139.0 670.0 1043.0 65.0 meſſe donnee : nous ſceuſmes, dis-ie, qu’il eſtoit

139.0 733.0 1047.0 62.0 reuenu en France & à la cour, apres la reddition

140.0 784.0 1046.0 67.0 de Mons, ſous l’aſſeurance du duc de Longue-vil¬

144.0 847.0 1042.0 64.0 le & le ſauſconduit du eyran nous ſceuſmes qu’il

144.0 907.0 1039.0 66.0 eſtoir entré dés le commencemẽt des approches

143.0 962.0 1042.0 68.0 dans la Rochelle accompagné de l’abbé Gada¬

146.0 1027.0 1041.0 67.0 gue aues, charge expreſſe, que le tyran luy auoit

143.0 1081.0 1044.0 66.0 donné de diuertir s’il eſtoit poſsible les Rochel¬

144.0 1143.0 1043.0 65.0 lois de leur conſtance & opiniaſtreté, qu’ils appel

146.0 1201.0 1039.0 56.0 lent de ſe deffendre, & de leur promettre bon trai

146.0 1259.0 1043.0 63.0 tement, s’ils ſe vouloyent laiſſer tuer auec liberté

144.0 1318.0 1043.0 63.0 de conſcience, A ceſte nouuelle pluſieurs d’entre

143.0 1384.0 1046.0 53.0 nous ſurent extremement marris de ce que ce gẽ¬

146.0 1437.0 1045.0 64.0 tilhomme auoit accepté telle cõmiſsion. Les au¬

146.0 1494.0 1043.0 68.0 tres eſtoyent faſchez ſimplement, de ce que au

146.0 1556.0 1041.0 56.0 ſortir de Mõs il n’eſtoit allé en Angleterre, en Al

150.0 1616.0 1044.0 64.0 lemagne ou en Suiſſe, pour ſeruir à ce qu’il euſt

152.0 1674.0 1037.0 63.0 peu pluſtoſt que reuenir en Frãce. D’autres excu

148.0 1730.0 1039.0 66.0 ſoyẽt ſon retour,à l’occaſiõ de ſes enfans qu'õ luy

148.0 1790.0 1043.0 65.0 detenoit deſſous garde, qu’il deuoit taſcher deles

150.0 1853.0 1045.0 62.0 rauoir: &qu’il n’auoit de moins peu ſaire que d’ac

150.0 1908.0 1044.0 69.0 cepter cõtre ſongré vne charge tant deshoneſte:

158.0 1968.0 1033.0 69.0 quelques autres eſtoyent bien aiſes, qu’õ luy euſt

173.0 2027.0 513.0 64.0 dõné telle commiſsion.

293.0 84.0 639.0 47.0 DIALOGVE II.

1108.0 103.0 62.0 38.0 M

978.0 2022.0 95.0 71.0 i.ii.
