1432 2424
148.0 136.0 1037.0 63.0 L'hi. Ils n’ont pas creu touſiours ce qu’ils ont dit:

148.0 195.0 1034.0 60.0 mais il falloit pour cacher leur folie, la couurirde

149.0 258.0 1035.0 63.0 quelque manteau: partant prenoyent-ils ce pre¬

148.0 315.0 1037.0 64.0 texte, comme le plus ſpecieux. Mais à dire vray la

149.0 375.0 1032.0 65.0 plus part ny alloit que pour deſrober, l’autre pour

152.0 430.0 1029.0 66.0 viure ſimplement, l’autre pour diſsiper l’Egliſe:

146.0 490.0 1038.0 64.0 leurs Chefs cerchoyent de s’agrandir, & d’apprẽ

148.0 552.0 1036.0 58.0 dre en ſi bonne eſcole toute ſorte de corruption,

146.0 612.0 1040.0 57.0 & le moyen de tout vouloir & de pouuoir tout ce

148.0 669.0 1036.0 60.0 qu’on veut: à fin qu’vn iour ſuyuant l’exemple de

149.0 728.0 1035.0 63.0 leur beau compere Boucher par ſon moyen & ſa

145.0 785.0 1041.0 63.0 ſaueur, qu’ils s’aſſeurent d’auoir propice, ils puiſ¬

144.0 844.0 1040.0 59.0 ſent auſsi à leur tour gouſter que c’eſt de commã

146.0 904.0 1038.0 60.0 der abſolument, & à baguette par deſſus tous

149.0 962.0 346.0 60.0 leurs Citoyens.

323.0 75.0 598.0 48.0 DIALOGVEII.

198.0 1019.0 990.0 55.0 Ces ſeules raiſons & non autres les ont fait

144.0 1081.0 1041.0 58.0 marcher à ce coup, auſsi bien comme és autres

145.0 1133.0 116.0 58.0 fois.

1142.0 87.0 13.0 46.0 7

142.0 1195.0 1042.0 65.0 Le pol. Qui a manié leur leuee? Car Belieure ny

142.0 1256.0 1042.0 63.0 eſtoit plus: & ils croyent ce bõ Apoſtre, plus que

142.0 1314.0 479.0 55.0 nul de leur Kalendier.

140.0 1374.0 1045.0 62.0 L’hi. Ce Belieure, duquel tu parles, ny eſtoit plus

144.0 1430.0 1042.0 58.0 vr ayement: mais il auoit fait eſtablir ſon aiſné fre

141.0 1493.0 1045.0 62.0 re en ſa charge, & luy meſmes y vint à point, ſecõ

142.0 1550.0 1040.0 60.0 dé d’vn bon coſtiller meſsire Pierre Carpentier,

142.0 1607.0 1043.0 64.0 (tu cognois l’homme) & aſsiſté d’vn bon preud¬

140.0 1669.0 751.0 53.0 homme le vieux ſecretaire Poulier.

137.0 1726.0 1043.0 65.0 Le pol. O Seigneur qu’eſt-ce que i’oys dire de mõ

138.0 1789.0 1044.0 61.0 ancien amy Poulier! Que ie regrette ce bon

137.0 1839.0 199.0 58.0 homme!

137.0 1902.0 1045.0 62.0 L'hi. Auſsi eſt-il à regreter. Car des autres paſſe

137.0 1962.0 1040.0 64.0 ſans flux. Carpentier a touſiours eſté vn maiſtre

921.0 2032.0 92.0 47.0 e.V.
