1371 2449
122.0 157.0 1016.0 57.0 que nos anciens Peres auoyent parmy eux, da

121.0 238.0 1026.0 42.0 temps que les Eitats ciojencen iegie, dot ivt.;

123.0 270.0 1019.0 68.0 Hottoman nous a fait vn fort gentil & riche te¬

121.0 329.0 1022.0 62.0 cueil en ſon œuure Gaulefrançoiſe, i’oſeroy (dis-

121.0 391.0 1018.0 57.0 ie) aſſeurer que cela reueilleroit les coqs, leur ſe

121.0 448.0 1017.0 58.0 roit hauſſer les creſtes, battre les aiſles, & courir

121.0 507.0 1017.0 64.0 ſus de bec & d’ongles, contre ceux-la qui les tie¬

122.0 564.0 1025.0 63.0 nent captifs: & ſeroit ſuffiſant moyen pour faire

123.0 623.0 1019.0 61.0 qu’vn chacũ pẽſaſt à recouurer ſa liberté, à crier

123.0 682.0 1019.0 63.0 apres les Eſtats à les redreſſer, & remettre. On

125.0 741.0 1019.0 65.0 verroit bien toſt l’aage d’or, que les Tyrãs ont ef

125.0 797.0 1011.0 69.0 facé de France, pour y planter celuy de for, d’op¬

127.0 859.0 1032.0 67.0 preſſion, & d’infameté, reluire comme au para¬

126.0 918.0 1029.0 64.0 uant, la paix, l'amitié & concorde ſurgir & croi¬

125.0 978.0 1018.0 61.0 ſtre à veue d’oeil, & faire à iamais ſa demeure par

125.0 1036.0 1017.0 64.0 my nos naturels Prançois: he que ceſt vne grand

127.0 1095.0 1016.0 65.0 pit ié! qu’vne ſi belle nation, ſi grande & ſi opulen

129.0 1155.0 1014.0 62.0 te,ſoic par ſi long temps mal menee, à l’appetit

130.0 1212.0 1020.0 61.0 de ſix ou ſepte deſquels le meilleur ne vaut pas

130.0 1269.0 1024.0 64.0 qu’on prenne peine de le pendre. Maîs ie ſcau¬

127.0 1326.0 1020.0 61.0 rois fort volontiers,s’il te plaiſoit de me le dire,

130.0 1391.0 1014.0 57.0 comment c’eſt, que tous nos François ſe ſont ain

130.0 1444.0 1014.0 56.0 ſi laiſſé deſchoir, & comme ceſte opiniaſtre vo¬

130.0 1504.0 1016.0 55.0 lonté de ſeruir s’eſt ſi auant enracinee dans leurs

130.0 1563.0 1016.0 62.0 mouelles, qu’il ſemble mainte nant, que la me¬

137.0 1621.0 880.0 56.0 moire de la libérté ne ſoit pas ſi naturelle.

303 97 620 48 DIABGOVL IF.

1059 115 79 41 31

179.0 1678.0 964.0 63.0 Le pol. Si ie n’eſtois accablé de ſõmeil, ie te

133.0 1737.0 1017.0 71.0 diſcourrois bien au long; d’où procrde la mala¬

134.0 1798.0 1009.0 63.0 die & la matiere peccãte d’icelle Mais te t’aſſeu¬

137.0 1859.0 1009.0 66.0 te l’amyo quq i’ay les yeux preçà cillez, & les le¬

137.0 1919.0 1018.0 57.0 ures comme couſues. Nous aurons demain bon
