1481 2429
264.0 86.0 65.0 51.0 42

265.0 145.0 1031.0 68.0 plus grand & preallable pour ſolider vn bon iuge

260.0 205.0 1030.0 60.0 ment, c’eſt d’eſtablir la puiſſance & authorité le¬

263.0 268.0 736.0 62.0 gitime de celuy qui veut eſtre iuge.

321.0 327.0 976.0 58.0 Les ambaſſadeurs des Rois ſont par toutes les

268.0 392.0 1030.0 57.0 plus agreſtes nations, par toutés eſpeces' de reli¬

264.0 442.0 1036.0 64.0 gions, inuiolables, & ceux qui les offenſent tenus

267.0 503.0 1024.0 59.0 pour execrables & violateurs du droict des gens:

265.0 560.0 1039.0 62.0 à plus forte raiſont ceux qui offenſent les Rois, deſ

265.0 620.0 1031.0 61.0 quels les ambaſſadeurs n’ont que la reputation.

263.0 677.0 1038.0 61.0 Les Romains ont laiſſé vn exemple qui eſt en plu

264.0 735.0 1038.0 62.0 ſieurs points cõforme au fait de la royne d’Eſcof

263.0 794.0 1038.0 61.0 ſe. C’eſt des ambaſſadeurs venus de la part des

270.0 854.0 1038.0 62.0 Tarquins à Rome pour emporter leuts meubies

261.0 912.0 1044.0 55.0 apres leur reiection. Ces ambaſſadeurs firent v¬

263.0 974.0 1039.0 58.0 ne conſpiratiõ auec aucuns Romains pour remet

264.0 1029.0 1041.0 65.0 tre les Tarquins & renuerſer la Republique, tuer

263.0 1089.0 1042.0 62.0 les Conſuls & principaux d’icelle: la conſpiratiõ

263.0 1147.0 1038.0 62.0 eſt deſcouuerte: les Romains ſont punis, iuſques

264.0 1209.0 1042.0 60.0 à la que Brutus fit mourir ſes propres enfãs, quãt

261.0 1264.0 1044.0 66.0 aux ambaſſadeurs, le fait eſt debatu au Senat, où

251.0 1326.0 1051.0 62.0 Ie droict de gens le gaigna, & furent les ambaſſa¬

263.0 1385.0 1037.0 58.0 deurs enuoyez en ſeuretè. Celuy qu’ils reprefen¬

263.0 1441.0 1037.0 63.0 toyẽt qui eſtoit Tarquin eſtoit chaſſé de ſon Roy

261.0 1500.0 1043.0 54.0 aume, comme la royne d’Eſcoſſe: les ambaſſa¬

263.0 1558.0 1031.0 62.0 deurs auoyent faict la conſpiration dans Rome,

265.0 1620.0 1039.0 53.0 apres y auoir eſté receus, comme la royne d’Eſcof

260.0 1678.0 1044.0 60.0 ſe a fait en Angleterre apres y auoir eſté receue.

261.0 1738.0 1041.0 62.0 Et toutefois il fut iugé qu’encore en ce cas ils e¬

263.0 1793.0 424.0 59.0 ſtoyent inuiolables.

518.0 76.0 578.0 63.0 DIALOGVE II.

299.0 1851.0 999.0 65.0 La ſeconde qualité que la royne d’Eſcoſſe peut

259.0 1916.0 1043.0 59.0 alleguer pour eſtre exempte de la generale condã

256.0 1970.0 1049.0 69.0 nation des cõſpirateurs, eſt,qu’elle eſt refugiee en

1113.0 2029.0 166.0 69.0 Angle¬
