1443 2424
248.0 76.0 55.0 75.0 36

243.0 146.0 1036.0 64.0 que tous les Rois feroyent en ſemblable cas, &

243.0 206.0 1035.0 56.0 cõme ce duc d’Auſtriche fit enuers le roy d’Hon¬

243.0 265.0 1034.0 68.0 grie duquel tu as parlé. Ie te reſponds que la roy¬

241.0 321.0 1037.0 65.0 ne d’Angleterre a ſi bien iuſtifié ſon faict enuers

242.0 383.0 1037.0 62.0 tous les Princes Chreſtiens, & monſtré que tant

245.0 447.0 1036.0 58.0 par les loix & conuenances des deux royaumes

245.0 498.0 1032.0 68.0 d’Angleterre, & d’Eſcoſſe, que par l’vſage obſer¬

247.0 558.0 1032.0 56.0 ué entre les predeceſſeurs Rois de l’vn & de l’au¬

243.0 618.0 1034.0 62.0 tre royaume, il luy eſtoit loiſible de retenir la roy

242.0 673.0 1033.0 63.0 ne d’Eſcoſſe, & luy eſtoit impoſsible de la laſcher

242.0 735.0 1037.0 55.0 ſans faire tort aux loix ancienes & à ſon eſtat, qu’il

242.0 791.0 1036.0 65.0 n’eſt beſoin de faire plus grande inſiſtance ſur ce

247.0 859.0 146.0 59.0 point.

482.0 82.0 594.0 52.0 DIALOGVE II.

299.0 906.0 980.0 64.0 Et meſmes quand bien la royne d’Eſcoſſe euſt

243.0 968.0 1034.0 64.0 peu pretendre auoir eſté iniuſtemẽt faite priſon¬

242.0 1028.0 1036.0 54.0 niere apres auoir faicte ceſte conſpiration, lon ne

245.0 1089.0 1033.0 58.0 peut dire qu’elle ne le ſoit iuſtement: comme il

243.0 1144.0 1030.0 58.0 aduient ſouuent que d’vne bonne cauſe, la pour¬

242.0 1220.0 1033.0 45.0 ſuyuant par meichans moyens ron la rend mau¬

246.0 1259.0 131.0 56.0 uaiſe.

296.0 1319.0 981.0 62.0 Pompee, Caton & le Senat Romain faiſoyent

246.0 1376.0 1029.0 62.0 tort à Ceſar de luy refuſer le triomphe ſi iuſte¬

243.0 1438.0 1035.0 62.0 ment acquis: toutefois par ce qu’il le pourſuyuoit

242.0 1497.0 1033.0 65.0 par conſpirations contre la patrie, il n’y a homme

242.0 1555.0 1036.0 63.0 qui n’ait iugé, qu’il auoit fait de ſa bonne cauſe v¬

245.0 1616.0 1030.0 55.0 ne mauuaiſe. Si on conſidere toutes les conſpira¬

243.0 1671.0 1034.0 62.0 tions qui ſe font à vn eſtat, elles ſont la plus part

243.0 1734.0 1034.0 61.0 accompagnees de quelque tort, que l’on a faict à

243.0 1792.0 1032.0 56.0 ceux qui vienent iuſques à ceſte extremité & ha¬

242.0 1850.0 1029.0 55.0 zardeuſe entreprinſe: mais ne s’enſuit pas pour ce

243.0 1906.0 926.0 60.0 la, qu’ils ſoyent innocens & non puniſſables.

246.0 1966.0 1023.0 63.0 La royne d’Angleterre meſmes ſufſira pour exẽ¬

1172.0 2024.0 86.0 72.0 ple,
