1438 2437
146 146 1032 57 les forces des tyrans, qui ne pardonnent iamais

146.0 209.0 1029.0 57.0 aux loix, aux conſederations & ligues: ains plan¬

142.0 264.0 1030.0 56.0 tent touſiours leurs limites là où le bout de leurs

144.0 322.0 1034.0 66.0 elpees s’eſtend, les euſt engardez de deſpeupler

144.0 383.0 1035.0 52.0 leurs terres, & de deſgarnir leurs maiſons de leurs

147.0 440.0 1032.0 62.0 gẽs. Cela, dis-ie, euſt eſté ſuſſiſant, pour faire que

144.0 498.0 1036.0 57.0 le Conſeil euſt arreſté tout court les plus ambi¬

146.0 559.0 1030.0 61.0 tieux & auares, & les euſt engardé d’emmener

143.0 618.0 1033.0 60.0 leurs combourgeois à la boucherie. Cependant

142.0 674.0 1033.0 58.0 cela eſt fait: il n’y a plus d’ordre, & ie m’aſſeure

143.0 736.0 1032.0 64.0 qu’ils ne feront pas grand mal aux noſtres pour ce

153.0 802.0 197.0 57.0 coup cy.

343 69 583 63 DIALOGVE II.

142.0 850.0 1031.0 65.0 Le pol.Ie t’en reſpons & te le iure:ils n’ont eu gar

143.0 911.0 1032.0 63.0 de d’approcher plus pres que de l’artillerie les

143.0 968.0 1030.0 56.0 murailles de la Rochelle, que ſi autuns ont paſſé

143.0 1030.0 1030.0 57.0 outre, ils ont eſté tresbien frottez. Mais voila le

144.0 1085.0 1024.0 63.0 mal qu’ils ont fait: ils ſe ſont faits battre & tuer,

147.0 1160.0 1026.0 46.0 eux qui aiment leur liberté, pour nous vouloir ra

146.0 1203.0 1027.0 58.0 uir la noſtre: &ont touſiours en ce faiſant veſcu

144.0 1264.0 1029.0 61.0 deſſus Iaques bon homme. Puis rapporteront au

148.0 1324.0 1024.0 59.0 retour l’argent & ſueur du bon homme, apres

147.0 1382.0 1024.0 63.0 qu’ils l’auront bien pillé. S’ils apprenoyent vne

146.0 1439.0 1025.0 63.0 fois à cognoiſtre la grande diſference qui eſt d’en

148.0 1501.0 1027.0 61.0 tre vn tyran & la Couronne, qu’ils appellent, voi¬

147.0 1556.0 1024.0 64.0 re d’vn Roy à ſon Royaume: ie m’aſſeure qu’ils

147.0 1616.0 1025.0 64.0 n’auroyẽt garde d’outrager, d’oſſẽſer & perdre vn

151.0 1677.0 1018.0 62.0 ſi grand & ſi puiſſant corps, comme eſt celuy de

151.0 1732.0 1017.0 71.0 Frãce, à l’appetit d’vn ſeul tyran, & pour les paſ¬

150.0 1795.0 414.0 51.0 ſions d’vne femme,

1129.0 87.0 49.0 63.0 95

147.0 1852.0 1022.0 63.0 L'hi. Certainement ie le croy. Mais, comme i’ay

151.0 1911.0 1021.0 62.0 dit, c’en eſt fait pour ce coup cy:vne autre fois ils

165.0 1969.0 1011.0 74.0 pourront eſtre poſsible quelque peu plus ſages.
