1431 2424
157.0 149.0 1030.0 55.0 res François: ils ne ſcauroyent mieux condamner

160.0 210.0 1028.0 60.0 toutes les actions du tyran, ſes proſcriptions &

159.0 266.0 1025.0 65.0 cruautez, qu’en vſant d’hoſpitalité enuers les po¬

157.0 327.0 1026.0 63.0 ures oppreſſez qu’ils iuſtiſient en les hebergeant.

336.0 88.0 599.0 48.0 DIALOGVE TI.

156.0 382.0 1029.0 63.0 L'hi. Ie t'aſſeure l'amy, qu’ils le font fort volon¬

159.0 443.0 1028.0 56.0 tiers. Le ſemblable auſsi (ce que i'auois oublié à

156.0 499.0 1028.0 59.0 te dire) ſont les Seigneurs Proteſtans: & de meſ¬

156.0 562.0 1028.0 64.0 me la royne d’Anglererre par tout ſon Royau¬

157.0 624.0 1024.0 60.0 me & pais, recommandant les eſtrangers autant

159.0 680.0 512.0 64.0 qu’elle peut à ſes ſuiets.

156.0 737.0 1031.0 62.0 Le pol. Dieu leur vueille rendre, & à tous ceux

156.0 794.0 1028.0 61.0 qui vſent de telle charité, le guerdon qu’il leur a

159.0 852.0 1021.0 66.0 promis au nom de ſon fils Ieſus Chriſt noſtre Sei

163.0 921.0 163.0 59.0 gneur.

149.0 968.0 1035.0 66.0 L'hi. Ainſi ſoit-il. Or ay-ie acheué de te dire tout

154.0 1032.0 1029.0 68.0 ce peu que i’oy exploicté en mon voyage, excepté

156.0 1092.0 1020.0 67.0 pour nè point mentir, quelques particularitez ſe¬

153.0 1150.0 1031.0 62.0 cretes, qu’on m’a chargé de faire entendre à ceux

153.0 1209.0 1027.0 62.0 qui nous ont enuoyé. C’eſt maintenant à toy l’a¬

154.0 1291.0 932.0 38.0 mpa mencretenn a tontour de tou cojoce.

1118.0 106.0 56.0 39.0 47

157.0 1321.0 929.0 60.0 Le pol. C’eſt bien raiſon, Sus donc, eſcoute¬

211.0 1381.0 970.0 72.0 Ainſi que i’approchois la France, par tout là

153.0 1442.0 1026.0 63.0 où ie logeois i’oyois tant dire de nouuelles des

156.0 1501.0 1023.0 62.0 volleries & inhumanitez qu’on exerçoit ordinaire

153.0 1563.0 1024.0 61.0 ment par les chemins, emmy les champs & par

152.0 1618.0 1027.0 65.0 les villes, & ie tenois cela pour ſi certain, qu’il me

152.0 1677.0 1022.0 65.0 ſembloit bien qué i’allois à vne mort toute pre¬

153.0 1735.0 1024.0 64.0 ſente ou bien à vn ſecond enfer: tellemẽt que peu

153.0 1796.0 1020.0 63.0 s’en fallut, tant mon infirmité fut grande, que ie

152.0 1866.0 1020.0 44.0 ne rebroſſaſſe mon chemin auec vn vœu de iar

153.0 1913.0 1020.0 63.0 mais ny rentrer. Et n’euſt eſté que noſtre Dieu,

154.0 1972.0 1020.0 68.0 que ie me prins lors à prier, me fortiſia & me ſit

987.0 2044.0 24.0 62.0 8g
