1478 2438
276.0 88.0 83.0 52.0 20

276.0 154.0 1040.0 61.0 ſeulemẽt pour auoir attenté. Reſte donc pOETVE

281.0 215.0 1038.0 61.0 principe conſenty & indubitable par toutes les na

277.0 273.0 1043.0 61.0 tions de la terre, & par toutes loix di uines & hu¬

277.0 331.0 1043.0 64.0 maines. Que vne telle conſpiration eſt digne de

277.0 391.0 1042.0 61.0 plus de morts & ſupplices que le coulpable ne

273.0 449.0 1046.0 64.0 ſcauroit ſouffrir: & par conſequent ſenſuit que la

277.0 507.0 1043.0 64.0 punition n’eſt pas moins iuſte & honeſte, qu’elle

279.0 567.0 468.0 61.0 eſt vtile & profitable.

470.0 88.0 604.0 52.0 DIALOGVE II.

273.0 623.0 1049.0 58.0 L'hi. Ie t’accorde cela ſimplement: Mais auſsi il

276.0 685.0 1043.0 61.0 faut que tu me confeſſes, par l’aduis de Ciceron

276.0 742.0 1047.0 63.0 meſmes, que ſi l’on propoſe deux honneſtes &

275.0 800.0 1043.0 68.0 deux vtiles, quand & quand qu’il faut prendre le

280.0 860.0 890.0 63.0 plus vtile, le plus honneſte & mieux ſeant.

276.0 921.0 383.0 63.0 Le pol. Ie l’auouë.

276.0 977.0 1044.0 64.0 L’hi. Il y a plus: C’eſt qu'en toutes choſes & ſur

276.0 1041.0 1042.0 60.0 tout en tous iugemens,on traite premier des per.

276.0 1097.0 1043.0 61.0 ſonnes, apres l’on traite de leur fait, ie dis notam¬

276.0 1155.0 931.0 62.0 ment des perſonnes du iuge & de l’accuſé.

277.0 1213.0 1039.0 68.0 Le pol. Ie le confeſſe, mais que s’enſuyura-il pour

277.0 1275.0 119.0 57.0 tant?

276.0 1331.0 1043.0 64.0 L’hi. C’eſt que ſi nous conſiderons les qualitez de

277.0 1388.0 1041.0 58.0 la perſonne de la royne d’Eſcoſſe, nous trouuerõe

280.0 1445.0 1036.0 70.0 pour la premiere, qu’elle eſt maiſtreſſe de ſõ Roy

279.0 1508.0 1039.0 63.0 aume, de pareille puiſſance que la royne d’Angle

280.0 1563.0 1039.0 70.0 terre n’eſt ſubiecte, in ferieure ny iuſticiable. Qui

283.0 1645.0 1032.0 43.0 es tu donc, ditl’Eicruure, qui iuges le leruneu

281.0 1687.0 1037.0 58.0 d’autruy; Dieu a, comme auec vn cordeau, depar

279.0 1743.0 1036.0 62.0 ty la terre entre les hommes, qui taſche de l’outre

279.0 1802.0 1037.0 63.0 paſſer, contreuient au dixieme commandement

279.0 1859.0 1035.0 64.0 perpetuel & inuiolable. Et d’aller reſuſciter quel

279.0 1920.0 1033.0 61.0 ques vieux droits de ſouueraineté, que l’Angle¬

279.0 1977.0 1036.0 62.0 terre pretend deſſus l’Eſcoſſe, & en vouloir vſet,

1189.0 2045.0 116.0 59.0 pour
