1473 2433
266.0 98.0 69.0 58.0 24

321.0 152.0 981.0 71.0 Il y a biẽ eu en pluſieurs Roys & Princes, cõme

265.0 227.0 1036.0 47.0 en tous eſtats, de ſa meſchanceré & nõ gueremois

265.0 275.0 1037.0 58.0 d'exemples de ceux qui ont enfreint & violé ce

265.0 332.0 1037.0 58.0 ſainct droit d’hoſpitalité, mais le conſentemẽt vm

265.0 393.0 1044.0 57.0 uerſel de toutes les nations de la terre a deteſté ce

263.0 450.0 1043.0 70.0 ſt perfidie, la fin mal heureuſe de la plus part des

267.0 513.0 1039.0 58.0 perfides les condamne aſſez, les poetes s’en ſont

262.0 571.0 1039.0 64.0 ſeruis pour ſuiets de leurs tragedies, & les ont lo¬

265.0 628.0 1038.0 69.0 gez en leur enfer ſabuleux, parmi les plus cruels

265.0 689.0 1042.0 65.0 tourmens qu’ils ont peu excogiter. Les hiſtoires

263.0 744.0 1046.0 71.0 en rapportent des exemples dignes pluſtoſt d’e¬

263.0 806.0 1046.0 61.0 ſtre enſeuelis que recueillis en la memoire des

265.0 863.0 1045.0 58.0 hõmes, ſi n’eſt pour la fin qu’ilsont eue miſerable.

509 77 598 60 DIALOGVE II.

321.0 923.0 986.0 62.0 On n’a que faire de diſputer ſi la royne d’An¬

266.0 981.0 1046.0 67.0 gleterre à donné la foy à la royne d’Eſcoſſe, de la

266.0 1043.0 1044.0 64.0 tenir en ſeureté: Car depuis qu’elle eſt receue, la

267.0 1102.0 1039.0 63.0 detenir vn ſi long temps, cela importe à ſes pro¬

269.0 1158.0 1038.0 57.0 meſſes de ſeureté: autrement il euſt fallu dés le cõ

266.0 1223.0 1043.0 57.0 mencement ne la receuoir point, comme on voit

267.0 1278.0 1042.0 56.0 par les hiſtoires Romaines, que quand ils ne vou

263.0 1336.0 1047.0 62.0 loyent donner ſeureté aux eſtrangers qui venoyẽt

265.0 1398.0 1042.0 52.0 à eux : Ils leur commandoyent dedans dix iours

263.0 1453.0 1044.0 66.0 de deſloger de l’Italie, mais que depuis qu’ils les

266.0 1516.0 1037.0 58.0 auoyent receus, ils les ayent rocerchez de rien,

266.0 1574.0 1041.0 60.0 on ne l’a veu iamais. Auſsi n’y a-il homme qui

265.0 1632.0 1045.0 61.0 ne blaſme ceux qui de froid ſang ſont mourir vn

266.0 1690.0 1044.0 63.0 qu'ils tienent en leur puiſſance, encores qu’il ſoit

265.0 1753.0 1040.0 62.0 leur ennemy, & par eux prins enguerre, ce que

270.0 1805.0 564.0 64.0 n’a eſté la royne dEſcoſſe.

323.0 1862.0 976.0 65.0 La troiſieme qualité de la royne d’Eſcoſſe eſt,

262.0 1922.0 1040.0 66.0 qu’elle eſt priſonniere. Il ſembleroit que ceſte

263.0 1982.0 1040.0 75.0 qualité luy deuſt preiudicier, par ce que par cela

1222.0 2049.0 80.0 54.0 on
