1450 2460
287.0 94.0 80.0 59.0 84

525.0 86.0 586.0 73.0 DIALOGVRII

291.0 146.0 1015.0 76.0 ſeurement ou bon leur ſemblerèt de la Ir

291.0 211.0 1012.0 78.0 ce. Que les villes qui tenoyent lors la religion

290.0 267.0 1015.0 74.0 auroyent l’exercice lihre d’icelle ſans aucun con¬

292.0 326.0 1007.0 82.0 tredit ne garniſon, Que l’on enquerroit diligem¬

290.0 386.0 1010.0 78.0 mẽt des meurtriers &maſſacreurs, &que punitiõ

291.0 440.0 1011.0 80.0 euẽplaire en ſeroit faite. Et que l’Eueſque & Lan

290.0 501.0 1012.0 81.0 ſat à leur retour en Frãce ſeroyẽt de ſorte que le

285.0 564.0 1015.0 75.0 Duc d’Aniou s’employeroit enuers le tyrã pour

285.0 619.0 1017.0 78.0 obtenir de luy vn lieu en chaſcune prouince de

283.0 679.0 1019.0 78.0 la France, auquel l'exercice de la religion ſeroit

281.0 733.0 355.0 63.0 Aibrement fait.

348.0 794.0 948.0 82.0 Ces articles ainſi promis & jurez aux Polœ¬

283.0 854.0 1015.0 72.0 nois, les ambaſſadeurs François s’en reuindrent

281.0 914.0 1014.0 72.0 à la Cour du tyran pour dõner les cer taines nou

281.0 970.0 1018.0 80.0 uelles de l’election du Duc d’Aniou. Toſt apres

279.0 1029.0 1019.0 83.0 les eſtats de Poloigne enuoyerent en Prune,

281.0 1090.0 1014.0 78.0 pour ſaluerleur Roy eſleu & prendre de luy le

273.0 1152.0 1019.0 71.0 ſerment en tel cas requis vne ambaſſade fort ho¬

280.0 1205.0 1014.0 81.0 norable. Laquelle ils chargerent auſſi de pour¬

273.0 1264.0 1016.0 80.0 ſuyure l’accompliſſement de ces articles, dequor

274.0 1324.0 1020.0 79.0 rincipalement la nobleſſe de la religion, & ſix

270.0 1381.0 1024.0 77.0 ou ſept des Palatins de Poloigne leur firent treſ¬

274.0 1443.0 1015.0 78.0 grande inſtance: eſtimans que de la pratique de

266.0 1503.0 1019.0 75.0 ces articles depeudoit entierement la paix de la

266.0 1556.0 1019.0 84.0 France & vn eſſay de ce qu’ils deuoyent eſperer

265.0 1616.0 276.0 67.0 een Pologne.

340.0 1683.0 943.0 69.0 Ces ambaſſadeurs Polopois ne furent pas ſi

261.0 1732.0 1027.0 78.0 toſt arriuez à la Cour du tyrã, qu’apres l'auoir ſa

264.0 1791.0 1020.0 81.0 hè & ſon frere leur Roy eſleu, douant que parler

261.0 1850.0 1020.0 75.0 de leurs affaires de Pologne,ils leur parlerent de

261.0 1914.0 1024.0 73.0 gemettre la paix en lrance & de l’y conſeruer &

264.0 1976.0 1012.0 79.0 entretenir mieux qu’ils n’auoyẽt fait par le paſſé

1140.0 2047.0 147.0 67.0 Autre.
