1448 2424
250.0 72.0 86.0 70.0 18

245.0 142.0 1031.0 69.0 pour le reſte du corps de l’Egliſe Françoiſe auec

245.0 212.0 1030.0 55.0 celles de la Rochelle. Leſquelles, comme ie t’ay

243.0 265.0 1037.0 60.0 dit, furent enuoyees au tyran ſur la fin du mois de

245.0 329.0 1035.0 54.0 Iuin dernier paſſé. Le tyran & tout ſon Conſeil

243.0 382.0 1037.0 61.0 eſtonnez comme ſondeurs de cloches, quand la

243.0 443.0 1036.0 60.0 ſonte n’a pas bien pris, ne ſachans plus de quel

243.0 502.0 1036.0 63.0 bois faire fleches, n’ayant ny gens, ny argent, ny vi

243.0 564.0 1036.0 60.0 ures pour pouuoir plus long temps camper: &

246.0 622.0 1034.0 55.0 ne pouuant à force ouuerte emporter ceux de la

247.0 676.0 1031.0 56.0 Rochelle, ſe contentãt d’y auoit receu & d’auoir

246.0 733.0 1036.0 57.0 fait receuoir de meſmes à ſon frere le duc d’An¬

246.0 795.0 1036.0 65.0 iou vn eſcorne & perte la plus grande, que iamais

247.0 859.0 1038.0 56.0 tyrans receurent en ce monde: & ne voulant pas

247.0 914.0 1035.0 60.0 que les ambaſſadeurs de Pologne, qui venoyent

246.0 973.0 1037.0 59.0 ſaluer leur beau roy le trouuaſſent embeſoigné en

249.0 1031.0 1036.0 61.0 vn ſi cruel oaurage & en affaire ſi honteux: le ty-

247.0 1090.0 1036.0 54.0 ran (dis-ie) fut contraint recourir au dernier re¬

249.0 1150.0 1033.0 59.0 mede, duquel il a touſiours vſé pour nous ruiner

247.0 1207.0 1035.0 62.0 & piper.Il fit ſur nos demandes & articles vn e¬

250.0 1268.0 1035.0 61.0 dit au mtois de Iuillet, par lequel, apres auoir de¬

249.0 1326.0 1030.0 59.0 claré dés l’entree que ſon intention a touſiours e¬

250.0 1384.0 1032.0 66.0 ſté de regir &gouuerner ſõ royaume pluſtoſt par

246.0 1443.0 1039.0 62.0 douceur& voye amiable que par force, il accorde

249.0 1501.0 1036.0 63.0 à ceux de la Rochelle, gentilshõmes, & autres re¬

251.0 1562.0 1032.0 64.0 tirez en icelle les points & articles qui y ſont ſpe

251.0 1621.0 1034.0 60.0 ciſiez, tãt pour eux que pour les habitãs des villes

254.0 1677.0 1032.0 64.0 de Montaubã & Niſmes, gentilshõmes & autres

253.0 1741.0 1032.0 52.0 retirez en icelles & aucuns autres ſes ſuiets pour

253.0 1796.0 1032.0 66.0 leſquels ils ont ſupplié. Premieremẽt que la me¬

250.0 1858.0 1033.0 61.0 moire de toutes choſes paſſees depuis le 24 d’A.

253.0 1913.0 1033.0 58.0 ouſt dernier paſſe à l'occaſiõ des troubles & emo

245.0 1975.0 1048.0 57.0 tions auenues en la Frãce demourer a eſteinctex&

469.0 72.0 594.0 63.0 DIALOGVE II.

1192.0 2032.0 109.0 62.0 aſſo
