1470 2438
264.0 69.0 76.0 58.0 94

253.0 128.0 1030.0 57.0 moins de ſe deffendre contce l’inuaſion de ſes ſa¬

251.0 189.0 1032.0 64.0 rellites, concuſsion de ſes officiers, oppreſsion de

253.0 249.0 1025.0 63.0 ſes gabelliers, violences & infametez de ſa cour:

251.0 310.0 1029.0 65.0 Et,pour le dire en vn mot, contre tout ce qui pro

251.0 364.0 689.0 61.0 cede de luy & de ſes Ianniſſaires.

483 60 602 59 DIALOGVE II.

327.0 425.0 951.0 61.0 Et tant s’en faut qu’en ſe deffendant, ou reti¬

247.0 483.0 1027.0 64.0 rant du tyran, on acquiere le nom de ſeditieux,

249.0 545.0 1031.0 57.0 qu’au contraire ceux-là ſont treſmauuais conci¬

247.0 606.0 1034.0 60.0 toyens, compatriotes, & mauuais voiſins, qui ne

249.0 659.0 413.0 64.0 s’adioignent à eux.

246.0 715.0 1035.0 65.0 Le pol. Cela eſt hors de difficulté, que ceux qui

246.0 777.0 1032.0 54.0 deſirent la conſeruarion de la France, & ſur tout

247.0 832.0 1026.0 64.0 de l’Egliſe de Dieu, ſe doiuent ioindre à eux. Et

243.0 897.0 1031.0 60.0 aſſeure toy, que ceux qui par couardie, ou autre¬

246.0 965.0 1032.0 44.0 ment laiſſent les ſecourir, orront vn ſour & à bon

245.0 1015.0 1032.0 56.0 droit prononcer la ſentence contre eux, que De¬

242.0 1071.0 1035.0 59.0 bora donna contre la ville de Meros, pouttant

246.0 1129.0 1030.0 62.0 qu’elle ne vint point à l’aide du Seigneur cõtre Ia¬

246.0 1189.0 753.0 63.0 bin roy de Chanaan. Iug.5.22. & 23.

307.0 1246.0 967.0 65.0 Cependant le Seigneur ne lairta point de fai¬

245.0 1307.0 1027.0 62.0 re ſon œuure, pour paracheuer leur entiere deli¬

245.0 1367.0 1027.0 52.0 urance, comme il a commencé, ainſi que ie te di¬

243.0 1424.0 1030.0 61.0 ray. Mais ie te prie paracheue ce que tu as à dire.

242.0 1480.0 1039.0 68.0 & te deſpeche, afin que i’aye auſsi quelque peu de

243.0 1541.0 1030.0 62.0 loiſir de t’entretenir de ce qui s’eſt paſſé en mon

246.0 1609.0 179.0 59.0 voyage.

242.0 1655.0 1034.0 63.0 L'hi. Ie le veux bien:que pleuſt à Dieu que les Sei

242.0 1714.0 1027.0 67.0 gneurs des cantõs Papiſtes t’euſſẽt ouy diſcourir

242.0 1772.0 1030.0 63.0 en plein Cõſeil de la iuſtice de la cauſe de nos fre

241.0 1831.0 1032.0 67.0 res, de la puiſſance des magiſtrats, & iuſques où el

246 1889 1022 65 le s’eſtend. Ie m’aſſeure que cela ioint auet les au

238.0 1951.0 1026.0 69.0 tres occaſions qu’ils ont de tenir pour ſuſpectes

1184.0 2011.0 78.0 53.0 les
