1422 2445
197.0 163.0 673.0 65.0 Traiſtre, Maquereau & Ruffien

198.0 222.0 661.0 63.0 Ne peut faillir d’auoir du bien.

322 92 603 62 DIALOGVEII.

140.0 281.0 1026.0 66.0 De par le gibet,c’eſt le moyen de paruenir. La

140.0 343.0 1022.0 63.0 Royne mere ayãt receu ceſtuy-là, dont tu parles,

140.0 402.0 1027.0 61.0 entre ſes premiers eſtallons, la recognu eſtre vn

140.0 460.0 1026.0 64.0 digne inſtrument pour illuſtrer la grandeur de ſa

137.0 516.0 1028.0 65.0 race, & la Maieſté de ſes enfans, pour redreſſerles

135.0 578.0 1030.0 64.0 ruines de la France, & pour appuyer & ſouſtenir

133.0 639.0 1033.0 61.0 ce poure Royaume, que ceux de Guyſe auoyent

135.0 698.0 1034.0 61.0 tant esbranlé: qui, lequel donques? ce Landry, ce

134.0 752.0 1032.0 64.0 ſils de putain du Peron: la male peſte qui le cre¬

131.0 812.0 1038.0 61.0 ue auec ſa dame Brunehaut, repliquoit vn autrę

134.0 872.0 1032.0 61.0 poure homme : ils ont fait eux deux plus de mal

138.0 931.0 1032.0 59.0 que ne firent iamais enſemble tous des Lor¬

138.0 988.0 1031.0 61.0 rains & les Guiſars: ce n’eſtoit lors que belles ro¬

135.0 1047.0 1034.0 65.0 ſes au prix des ronces, dont ceux cy-eſgratinoy-

137.0 1108.0 1034.0 60.0 ent le poure peuple. Et puis les Lorrains, les Qui

137.0 1168.0 1033.0 58.0 dars, ce ſont des Princes appartenans en pluſieurs

138.0 1223.0 1035.0 66.0 ſortes à la France: & poſsible auſsi que la France

141.0 1286.0 652.0 58.0 leur pourroit bien appartenir.

1090.0 100.0 60.0 60.0 91

145.0 1339.0 1030.0 65.0 Mais ces deux-cy ces Florentins, auec l’aſne

134.0 1397.0 1036.0 65.0 qu’ils ont choiſi, ce meſchant bougre de Chance

137.0 1458.0 1033.0 56.0 lier: ces trois Italiens tant fameux, chacun ſcait

138.0 1518.0 1028.0 63.0 d’où ils ſont venus: mais on n’entend pas leurs me

144.0 1583.0 129.0 47.0 nees.

193.0 1635.0 974.0 61.0 Ie ne ſcay pas s’on les entend, diſoit vn autre,

138.0 1691.0 1035.0 63.0 ſi ſcay-ie-bien qu’on eſt biẽ ladre s’on ne les ſent.

203.0 1754.0 968.0 58.0 Ce ſont ceux là qui nous ont remis auec le

142.0 1807.0 1027.0 59.0 Gonſage, & Lanſac, ainſi auant dedans les miſe¬

145.0 1873.0 1025.0 63.0 res & calamitez, qui nous accableront tous en

146.0 1924.0 195.0 59.0 ſemble.

905.0 1984.0 110.0 77.0 g.ii.
