1448 2429
241.0 74.0 101.0 59.0 1o4

236.0 136.0 1035.0 62.0 promettant de le conſeruer, & bien traiter, s’il

240.0 199.0 1025.0 53.0 vouloit mettre bas les armes, il y en eut en la cõ¬

242.0 259.0 1019.0 64.0 pagnie qui releuerent ces mots (de ne plus les po

244.0 315.0 1021.0 65.0 ſer) leur ſẽblant bien qu’ils ne pourroyent moins

238.0 375.0 1023.0 59.0 faire, quand cela ſeroit commandé par le tyran,

240.0 434.0 1031.0 63.0 (ne voyans pas les bonnes gens, que ç’à eſté tou¬

238.0 491.0 1031.0 59.0 ſiours la ruſe des ennemis, de les de ſarmer pre¬

242.0 553.0 1026.0 62.0 mierement,pour les ſurprendre plus à l’aiſe ſous

241.0 609.0 1023.0 61.0 le beau manteau de la paix.) L’opinion de ceux¬

240.0 667.0 1035.0 60.0 cy fut cauſe que la reſolutiõ fut reuoquee en dou

241.0 727.0 1031.0 65.0 te, & la queſtion miſe ſur les rengs, à ſcauoir mon

251.0 790.0 1017.0 60.0 qui premier doit laiſſer les armes, nos ennemis,

242.0 846.0 1029.0 58.0 ou nous. La matiere fut debatue à plein fonds,

246.0 905.0 1022.0 63.0 pro, & contrà, iuſques à ce qu’vn ieune homme,

242.0 963.0 1027.0 62.0 braue, & gaillard qui a l’entendement bien fait,

242.0 1022.0 1030.0 54.0 nourry aux letres, & aux armes, & verſé en matie

241.0 1078.0 1028.0 66.0 res d’eſtat, là reſolut en ceſte ſorte, & preſqueſous

244.0 1142.0 392.0 50.0 ces meſmes mots.

514.0 68.0 546.0 53.0 DIALOGVE II.

296.0 1194.0 973.0 70.0 Si on diſpute par le droit, il n’y a celuy qui ne

242.0 1256.0 1029.0 62.0 conſeſſe qu’on ne peut iuſtement requerir quelcũ

244.0 1317.0 1023.0 52.0 qu’il ceſſe de parer, de mettre la main au deuant,

242.0 1373.0 1029.0 62.0 & de ſe deffendre, que premier on n’ait ceſſé de ti

242.0 1431.0 1031.0 65.0 rer, de frapper, & d’offenſer: car eſtant toute cho

241.0 1491.0 1028.0 60.0 ſe qui a vie, naturellement apprinſe à la conſer¬

242.0 1553.0 1027.0 50.0 uer, c’eſt conſequemment vn ordre du tout natu¬

242.0 1612.0 1030.0 59.0 rel que qui cerche de l’oſter, doit ceſſer, premier

244.0 1669.0 1025.0 60.0 que ce luy qui ne taſche qu’à la retenir: & ne ſe

246.0 1727.0 1031.0 63.0 peut preſumer qu’il en laiſſe la volonté, tãt qu’il

241.0 1786.0 1028.0 60.0 en retient les moyens tous deſployez entre ſes

240.0 1843.0 1027.0 63.0 mains. Donc pour vuider ceſte queſtion, il faut

245.0 1902.0 1018.0 68.0 voir qui eſt l’agreſſé, & qui l’agreſſeur, qui pour¬

244.0 1962.0 1023.0 68.0 fuit, & qui ſauue ſa vie: qui tire les coups, & qui

1160.0 2026.0 105.0 54.0 met
