1431 2421
242.0 83.0 94.0 60.0 124

463.0 86.0 587.0 53.0 DIALOGVE II.

239.0 153.0 1034.0 64.0 Le pol. Cela n'eſt que trop veritable: Or ces rai¬

238.0 213.0 1030.0 64.0 ſons & exẽples auec quelques autres ſemblables,

240.0 273.0 1032.0 55.0 qui furent amenez, ont eſté cauſe que nos freres

242.0 329.0 1031.0 58.0 de Niſmes ſe ſont reſolus, comme ie t’ay dit, d'e¬

238.0 390.0 1032.0 63.0 ſtablir ceſt ordre parmi eux. Sachans l’auantage

239.0 453.0 1034.0 60.0 qui leur en peut reuenir, & le bien que la creatiõ

238.0 505.0 1034.0 67.0 des Tribuns du peuple (qui eſtoyent les gardiens

234.0 564.0 1039.0 65.0 de la liberté ciuile & qui pouuoyent à vn beſoin

238.0 626.0 1035.0 63.0 former les proces aux plus grands) à apporté à

242.0 684.0 1031.0 61.0 I'anciene Rome du temps d’vn Martius Coriola

236.0 742.0 1036.0 65.0 nus & autres ſemblables eſprits qui eſtoyent rete

236.0 801.0 1036.0 63.0 nus en crainte par l’authorité d’vn tel magiſtrat.

292.0 862.0 981.0 60.0 Quant au 23 article, ce qui le leur a fait approu

238.0 919.0 1036.0 61.0 uer a eſté la ſouuenãce qu’ils ont des desbauches

234.0 977.0 1042.0 65.0 & licence à mal faire que la pratique contraire à

235.0 1038.0 1038.0 52.0 cauſé par cy deuaut en leurs armees, & en leurs

236.0 1094.0 1038.0 54.0 villes & retraites. Si d’auenture il aduenoit qu'vn

238.0 1152.0 1036.0 65.0 gentilhomme, vn capitaine ou ſoldat qui euſt fait

236.0 1214.0 1038.0 62.0 quelque ſorce, larcin, meurtre,ou autre telle veil¬

236.0 1268.0 1038.0 64.0 laquerie fuſt condamné à mourir, a eſtre harque¬

236.0 1327.0 1044.0 65.0 bouzé,ou à paſſer par les piques. Si ceſtuy là meſ

235.0 1390.0 1039.0 61.0 mes auort ſait quelque bon ſeruice au parauant,

232.0 1445.0 1044.0 66.0 if n’y auoit pas faute de quelques fauoriz des grãs

235.0 1505.0 1039.0 63.0 qui venoyẽt ſoudain aux requeſtes interceder en¬

232.0 1561.0 1045.0 65.0 uers le chef pour la vie du cõdamné, qu’ils diſoyẽt

232.0 1622.0 1041.0 64.0 eſtre bon ſoldat, ou quelque braue gentilhomme,

236.0 1677.0 1041.0 67.0 qu’il eſtoit bien à cheual, qu’il tiroit bien l'arque¬

236.0 1737.0 1038.0 65.0 bouſade, que c’eſtoit grand dommage de le faire

235.0 1799.0 1043.0 55.0 mourir, & autres ſemblables remonſtrances, voi¬

235.0 1858.0 1043.0 58.0 ré bien ſouuent remonſtrances de ce qu’il n’auoir

235.0 1916.0 1042.0 61.0 iamais ſait, par ceſt artifice ils importunoyent tel

234.0 1973.0 1043.0 67.0 lement le chef qu’ils ſe faiſoyent donner le crimi¬

1185.0 2032.0 93.0 55.0 nel
