1443 2439
276.0 74.0 96.0 58.0 ne

273.0 144.0 666.0 53.0 ſon enuie & meſchante nature.

272.0 203.0 1025.0 55.0 Le pol. Il vaut beaucoup mieux, vrayement auſsi

275.0 261.0 645.0 61.0 nos gens en ſont bien là logez,

334.0 322.0 966.0 62.0 Quant aux 22 & 24 articles, nos freres cognoiſ

273.0 382.0 1027.0 58.0 ſans de quelle importance ils ſont, n’ont garde de

272.0 436.0 1023.0 55.0 faillir à les obſeruer, ains en ſont du tout reſolus.

272.0 497.0 1025.0 61.0 Ils ſcauent qu’aux guerres paſſees ceux des enne¬

272.0 558.0 1024.0 58.0 mis auſquels ils donnoyent la vie, ceux qu’ils pre¬

271.0 615.0 1024.0 59.0 noyent à mercy les laiſſant aller bagues ſauues,

272.0 676.0 1027.0 50.0 comme il eſt aduenu ſouuent, de lendemain ou

271.0 731.0 1029.0 63.0 l'autre apres, au lieu de leur ſcauoir bon gré de la

278.0 795.0 1021.0 55.0 vie qu’on leur laiſſoit venoyent pour rauir la leur

271.0 850.0 1030.0 61.0 ſe monſtrans plus cruels & rudes qu’ils n’auoyent

271.0 906.0 1028.0 64.0 eſté parauant. Ainſi donc que les brigands s’aſ¬

271.0 967.0 1029.0 53.0 ſeurent de n’en auoir pas bon marché, ſi Dieu les

269.0 1025.0 1031.0 61.0 baille entre les mains de quelcun de nos gallans

275.0 1085.0 811.0 51.0 hommes, ils ſont reſolus, ne te chaille.

537.0 71.0 557.0 65.0 DIALOGVE II.

271.0 1143.0 1029.0 60.0 L’hi. Voiré mais. Les ennemis en pourront faire

272.0 1204.0 422.0 49.0 ’autant aux noſtres.

267.0 1258.0 1034.0 60.0 Le pol. Tu dis vray s’ils leur tombent entre les

269.0 1319.0 1032.0 59.0 mains. Mais auſsi que penſerois ta, que toſt ou

268.0 1375.0 1032.0 54.0 tard ils veullent faire ſi nous leur venons entreiles

269.0 1434.0 1031.0 63.0 mains, quoy qu’ils nous promiſſent la vie, ſi ce

268.0 1494.0 1033.0 53.0 n’eſt de tuer, empoiſonner, faire mourit ou nous

268.0 1556.0 772.0 60.0 forcer, que ie repute beaucoup pire?

329.0 1609.0 975.0 56.0 Or ceſte reſolution de nos freres de ne prẽdre

272.0 1691.0 1032.0 36.0 à merey aueun de cuemne leuicleda de armeu ne

269.0 1727.0 1042.0 65.0 ra trembler nos ennemis, qui nous aſſaillent & of

271.0 1785.0 1037.0 57.0 ſenſent contre leur cõſcience & contre tout droit

269.0 1844.0 1035.0 66.0 d’humanité pour complaire au deſir du tyran, fe¬

269.0 1905.0 1037.0 65.0 ra dis-ie reboucher leur fet à la premiere goutte

271.0 1964.0 1036.0 64.0 de ſang qu’ils ſentiront couler de leurs corps eux

1219.0 2020.0 85.0 73.0 qui
