1448 2449
261.0 81.0 99.0 63.0 30

262.0 148.0 1036.0 57.0 cous les iours letres de ce qui ſe paſſoit dedan &

262.0 210.0 1036.0 60.0 dehors la Rochelle, nous entendiſmes que apres

264.0 270.0 1034.0 64.0 que la Rochelle fut de toutes parts aſsiegee par

262.0 327.0 1034.0 60.0 les Ianniſſaires du tyran, ſes deux freres y arriue¬

261.0 389.0 1037.0 61.0 rent le 15 de Feurier n73, menans le roy de Na¬

261.0 447.0 1035.0 57.0 uarre, le prince de Condé, & le ieune comte de la

262.0 508.0 1032.0 56.0 Rochefoucaut, comme en triomphe deuant eux,

258.0 564.0 1036.0 57.0 auec bon nombre de Seigneurs Catholiques, de

257.0 619.0 1039.0 69.0 courtizans, d’Atheiſtes,d’Epicuriẽs, de blaſphe¬

259.0 684.0 1035.0 58.0 mateurs, de Sodomites, & d'autres tels officiers,

259.0 741.0 1036.0 65.0 que le tyran auoit chaſſé d’aupres de luy & de ſa

259.0 802.0 1036.0 64.0 cour, non qu’il fuſt marry de voir tels ga lans pres

258.0 862.0 1037.0 59.0 de ſa perſonne: ce ſont ſes mignons fauoris, ce

257.0 917.0 1039.0 62.0 ſont ſes appuis & ſouſtien & les delices de ſa Me¬

258.0 979.0 1037.0 61.0 re: ains tout deſpit, tout enragé, blaſphemant tou

257.0 1035.0 1035.0 62.0 ſiours de cholere, de ce qu’vn chacun n’alloit pas¬

258.0 1097.0 757.0 51.0 comme il commandoit, en l’armee.

520.0 75.0 613.0 63.0 D'IALOGVE IL

314.0 1151.0 980.0 61.0 Depuis l’arriuee du duc d’Anion, les Rochel¬

258.0 1212.0 1036.0 62.0 lois furent aſsiegez de plus pres, battus de beau¬

257.0 1272.0 1038.0 64.0 coup plus de pieces d’artillerie & en plus d’en¬

257.0 1329.0 1054.0 57.0 droits furent minez, eſcallez, aſſaillis & trauaillez¬

257.0 1390.0 1056.0 58.0 en toutes ſortes dont l’ennemy ſe pouuoit auiſer.

255.0 1446.0 1059.0 62.0 Eux de leur part faiſoyent le plus ſouuent ſorties-

255.0 1507.0 1046.0 61.0 braues & gaillardes, aſſaillans courageuſemẽt les

257.0 1572.0 1056.0 48.0 ennemis iuſques dans leurs trenchees & les eſtril

253.0 1625.0 1067.0 60.0 lans tellement le dos, ſous le ventre & par tout,

255.0 1684.0 1046.0 57.0 que pluſieurs de nos ennemis contraints d’aban¬

254.0 1745.0 1052.0 61.0 donner la vie,quittoyent les charges ſes plus bel¬

244.0 1802.0 1059.0 63.0 les à leurs compagnons ſuruiuans, qui bien ſou¬

251.0 1866.0 1054.0 57.0 uent negardoyent guere ce qu’on leur auoit de¬

253.0 1921.0 1052.0 59.0 laiſſé, eſtans les plus marris du monde de ce que

253.0 1979.0 1049.0 65.0 nos bons Rochellois les viſitoyent par trop ſou¬

1154.0 2046.0 136.0 46.0 uent:
