1451 2417
288.0 84.0 46.0 54.0 96

325.0 169.0 974.0 37.0 Quailt aua Cantons de la Rengion, ns nont.

267.0 200.0 1028.0 69.0 garde d’y auoir enuoyé de leurs gens: pluſtoſtleur

264.0 261.0 1032.0 62.0 out-ils deffendu ſur peine de la vie d’y aller, & cõ

270.0 322.0 1029.0 58.0 mãdé de ſe tenir preſts & armez, tãt ils ont craint

266.0 381.0 1030.0 64.0 és premiers iours apres le maſſacre, que quelque

266.0 437.0 1029.0 61.0 orage tombaſt deſſus eux,& ſur leur eſtat. Et ce¬

267.0 499.0 1030.0 56.0 la a eſté cauſe, auec la crainté auſsi qu'ils auoyent

267.0 557.0 1026.0 55.0 de faire naiſtre vne guerre ciuile d’entre eux & les

266.0 617.0 1029.0 61.0 cantons Papiſtes, qui deſia, comme ie t’ay dit,e.

268.0 676.0 1033.0 61.0 ſtoyent embarquez du coſté? du tyran, qu’ils n’õt

267.0 734.0 1032.0 62.0 baillé aucun ſecours à nos freres: quoy qu’ils con

264.0 792.0 1033.0 64.0 feſſaſſent ingenuement d’y eſtre tenus & obligez

268.0 852.0 734.0 62.0 par la loy de Dieu & des hommes.

530.0 72.0 550.0 56.0 DIALOGVE II.

283.0 934.0 7.0 27.0 *

317.0 910.0 975.0 63.0 Bien eſt vray qu’ils ont monſtré & tous leurs

267.0 966.0 1026.0 61.0 ſuiets auſsi d’auoir vn ext reme deſplaiſir & com¬

268.0 1025.0 1028.0 65.0 paſsion de noſtre fait: m’aſſeurant en teſmoigna¬

272.0 1087.0 1024.0 59.0 ge de leur bonne volonté que tous les François

268.0 1145.0 1029.0 60.0 Huguenots foruſcis ſeront les tresbien venus &

270.0 1215.0 1026.0 48.0 ſeurement cõſeruez en leurs térres & qu’ils n’ou

267.0 1264.0 1028.0 54.0 blieront riẽ du deuoir de charité enuers eux; mais

268.0 1323.0 1027.0 64.0 qu’ils ne pouuoyent du tout tien plus que cela

268.0 1381.0 1027.0 58.0 pour maintenãt: deſia auoyent ils recueilly à Baſ¬

267.0 1440.0 1029.0 59.0 le & bien fort honorablement les petits ſeigneurs

266.0 1497.0 1033.0 56.0 de Chaſtillon, & de Laual, Meſdames d’Andelot

263.0 1553.0 1034.0 67.0 & de Teligny, la damoiſelle de Laual. &pluſieurs

264.0 1618.0 1035.0 61.0 autres gentilshommes & peuple François, & auſ¬

263.0 1673.0 1036.0 64.0 ſi bon nombre de Miniſtres refugiez, qu’ils entre

263.0 1734.0 1034.0 62.0 tienent çà & là à leurs deſpens deſſus leurs ter¬

916.0 1814.0 58.0 25.0 - ...

261.0 1803.0 132.0 47.0 res.

261.0 1847.0 1040.0 67.0 Le pol. Dieu ſoit loué, de ce que leur charité ais

260.0 1909.0 1041.0 63.0 moins ſe monſtre en cela qu’ils recueillent libe¬

260.0 1969.0 1037.0 66.0 ralement ces ieunes Seigneurs & nos autres fre¬

1214.0 2036.0 87.0 46.0 res
