1412 2445
134 150 1030 67 ains vn autre enfant de quelque bõ Papiſte que ce

131 240 1035 28 tost deuat Tioon aosisaoicy va emimre deda

131 271 1033 67 tan, ny voir prophaner le ſainct Hapteſme, par

130 332 1034 53 leur creſme, par leurs crachats, & autres telles e¬

130 389 1033 60 xecratiõs cõtraires à l’inſtitutiõ, & pratique de Ie

134 446 991 66 ſus Chriſt, des Apoſtres, & de l’anciene Egliſe.

323 75 606 67 DIALOGVE II.

131 508 1035 61 L'hiſt. Il ne faut pas que tu t’esbahiſſes de ce la, le

133 566 1030 62 myllord de Vvenceſter eſt Papiſte, Dieu luy face

129 626 1035 61 miſericorde. Ie m’aſſeure qu’vn mylord d Oktinc

129 681 1037 66 thõ, vn myllord de Bethford, le ſeigneur de Vval

127 744 1037 64 zingham, qui pour lors eſtoit ambaſſadeur en Frã

126 805 1040 61 ce, ou quelque autre religieux Seigneur, n’auoit

129 862 1035 64 garde d’accepter telle charge, ny da Royne de la

126 919 1037 64 luy donner: mais il y a bien de quoy s’esbahyr de

129 980 1035 61 la Royne, qui ſcait cõbien telle prophanation eſt

126 1037 1035 63 deſplaiſante deuant Dieu, & cependãt elle ſe mo

130 1097 1031 61 que de la cognoiſſance receue, & ſemble n’en fai

127 1161 299 57 re que le cerf.

1107 115 37 22 O

127 1214 1033 64 Le pol. C’eſt merueille, de voir cõme les grãs (vers

126 1271 1037 60 de terre neantmoins) ſe diſpenſent de deſobeir à

127 1331 1036 59 leur Souuerain, cõme ſi ſa loy treſentiere ne les ac

129 1393 1031 59 touchoit en rien. A ce que tu dis, il ſemble, que

129 1450 1028 61 tãt plus ce tyrã eſt meſchãt, tãt plus elle l’honore.

126 1506 1037 65 L’hi. Elle le fait piuſtoſt pour crainte, que pour l'a

130 1563 1033 68 mour qu’elle luy porte: c’eſt cela qui l’a fait auſsi

133 1639 1031 46 vouloir eſtre ſa beſſe ſœur, pẽſant eſchapper bien

133 1685 1034 65 par là, les embuſches de ſon cõpere, & garãtir par

130 1745 1037 62 ce moyen, l’Angleterre de ſes aguets: mais Dieu

129 1799 1037 68 ſcait, ſi ce n’eſt pas pluſtoſt ſe perdre, ſe rẽdre mal

130 1863 1034 61 heureuſe deuãt le tẽps, & accelerer ſa ruine par

130 1922 1033 65 les noces du frere, comme la Frãce, par les noces

133 1980 262 62 de la ſœur.
