1436 2421
253.0 80.0 80.0 53.0 112

312.0 173.0 979.0 34.0 Macaucinuone culcigue vue dresounde levon.

248.0 203.0 1034.0 60.0 en ſon meſchant petit prouerbe. Non viti fida¬

246.0 263.0 1040.0 61.0 re (dit-il) & non ſarai ingannato. C’eſt à dire ne

253.0 324.0 1034.0 63.0 t’y fie point, & tu n’y ſeras pas trompé. S’il fut ia

251.0 379.0 1034.0 64.0 mais temps de faire ſon profit de la ruſe, & mali¬

248.0 439.0 1038.0 61.0 ce Italiene, il eſt maintenant. Et s’il y eut iamais

251.0 497.0 1034.0 65.0 gens contre leſquels il ayt eſté de beſoin d’em¬

257.0 554.0 1028.0 68.0 ployer & le béc, & les ongles, de ſe ſeruir de tou¬

251.0 616.0 1034.0 59.0 tes peaux, d’eſlancer toute ſorte de chiens & de le

247.0 675.0 1040.0 64.0 uriefs, voire bien de dogues, François, & Anglois

251.0 734.0 1034.0 59.0 il ne m’en chaut: c’eſt maintenant qu’il le faut fai

251.0 793.0 1032.0 59.0 re contre ces ſurieuſes, & enragees beſtes Medi¬

248.0 852.0 1026.0 63.0 ci Valoyſes: maintenant, dis -ie, qu’il ny a ny loy,

255.0 913.0 1028.0 63.0 ny foy qui de ces gens retiene la malice. Mais ie

251.0 972.0 349.0 64.0 te prie pourſuy.

519.0 74.0 571.0 53.0 DTALOGVE'II.

253.0 1026.0 1030.0 64.0 Le pol. Apres ceſte reſolution, deux de la troupe

253.0 1090.0 1032.0 57.0 furent ordonnez pour venir auec moy en Lan¬

253.0 1145.0 1032.0 62.0 guedoc: afin de faire entendre aux noſtres, la con

250.0 1206.0 1035.0 59.0 cluſion de ceux du Dauphiné, & d’en rapporter

251.0 1261.0 1034.0 65.0 du Conſeil general ce qu’il trouueroit bon de fai

250.0 1323.0 1036.0 55.0 re pour la conſeruation d’eux tous. Eſtans arrié

251.0 1378.0 1034.0 63.0 uez à Niſmes, (où le Conſeil de pluſieurs prouin

250.0 1437.0 1035.0 64.0 ces villes, villages & chaſteaux faiſans profeſsion

250.0 1496.0 1027.0 64.0 de la Religion, fut aſſemblé) luy ayant fait enten¬

248.0 1558.0 1031.0 61.0 dre le contenu de ma charge & ceux du Dauphi¬

248.0 1618.0 1034.0 59.0 né leur legntion: apres qu’ils eurent monſtré cõ¬

247.0 1677.0 1036.0 59.0 bien ils eſtoyẽt ayſes de noſtre venue: qu’ils nous

244.0 1735.0 1037.0 53.0 eurent remercié du bon office que nous faiſions:

243.0 1795.0 1039.0 63.0 & de la peine que nous prenions pour le corps de

244.0 1849.0 1039.0 66.0 l’Egliſe Françoiſe, ils me reſpondirent, que deſia

244.0 1911.0 1038.0 58.0 deuant ma venue le Conſeil eſtoit ſuffiſamment

244.0 1970.0 1037.0 66.0 auerty de l’arreſt, auis & ordonnances que Da¬

1182.0 2025.0 100.0 58.0 niel
