<?xml version="1.0" encoding="UTF-8"?>
<alto xmlns:xsi="http://www.w3.org/2001/XMLSchema-instance"
      xmlns="http://www.loc.gov/standards/alto/ns-v4#"
      xsi:schemaLocation="http://www.loc.gov/standards/alto/ns-v4# http://www.loc.gov/standards/alto/v4/alto-4-2.xsd">
  <Description>
    <MeasurementUnit>pixel</MeasurementUnit>
    <sourceImageInformation>
      <fileName>page_00303.png</fileName>
      <fileIdentifier>mets//page_00205.zip/page_00303.png</fileIdentifier>
    </sourceImageInformation>
  </Description>
  <Tags>
    <OtherTag ID="BT7" LABEL="CustomZone" DESCRIPTION="block type CustomZone"/><OtherTag ID="BT8" LABEL="DamageZone" DESCRIPTION="block type DamageZone"/><OtherTag ID="BT9" LABEL="DigitizationArtefactZone" DESCRIPTION="block type DigitizationArtefactZone"/><OtherTag ID="BT10" LABEL="DropCapitalZone" DESCRIPTION="block type DropCapitalZone"/><OtherTag ID="BT11" LABEL="GraphicZone" DESCRIPTION="block type GraphicZone"/><OtherTag ID="BT12" LABEL="MainZone" DESCRIPTION="block type MainZone"/><OtherTag ID="BT13" LABEL="MarginTextZone" DESCRIPTION="block type MarginTextZone"/><OtherTag ID="BT14" LABEL="MusicZone" DESCRIPTION="block type MusicZone"/><OtherTag ID="BT15" LABEL="NumberingZone" DESCRIPTION="block type NumberingZone"/><OtherTag ID="BT17" LABEL="QuireMarksZone" DESCRIPTION="block type QuireMarksZone"/><OtherTag ID="BT18" LABEL="RunningTitleZone" DESCRIPTION="block type RunningTitleZone"/><OtherTag ID="BT19" LABEL="SealZone" DESCRIPTION="block type SealZone"/><OtherTag ID="BT20" LABEL="StampZone" DESCRIPTION="block type StampZone"/><OtherTag ID="BT21" LABEL="TableZone" DESCRIPTION="block type TableZone"/><OtherTag ID="BT22" LABEL="TitlePageZone" DESCRIPTION="block type TitlePageZone"/><OtherTag ID="BT100001" LABEL="MainZone-Head" DESCRIPTION="block type MainZone-Head"/><OtherTag ID="BT100005" LABEL="MainZone-P" DESCRIPTION="block type MainZone-P"/><OtherTag ID="BT100008" LABEL="MainZone-Sp" DESCRIPTION="block type MainZone-Sp"/><OtherTag ID="BT100006" LABEL="MainZone-Continued" DESCRIPTION="block type MainZone-Continued"/><OtherTag ID="BT100011" LABEL="MainZone-Entry" DESCRIPTION="block type MainZone-Entry"/><OtherTag ID="BT100010" LABEL="MainZone-Other" DESCRIPTION="block type MainZone-Other"/><OtherTag ID="BT100002" LABEL="MainZone-Lg" DESCRIPTION="block type MainZone-Lg"/>
    <OtherTag ID="LT7" LABEL="CustomLine" DESCRIPTION="line type CustomLine"/><OtherTag ID="LT8" LABEL="DefaultLine" DESCRIPTION="line type DefaultLine"/><OtherTag ID="LT9" LABEL="DropCapitalLine" DESCRIPTION="line type DropCapitalLine"/><OtherTag ID="LT10" LABEL="HeadingLine" DESCRIPTION="line type HeadingLine"/><OtherTag ID="LT11" LABEL="InterlinearLine" DESCRIPTION="line type InterlinearLine"/><OtherTag ID="LT12" LABEL="MusicLine" DESCRIPTION="line type MusicLine"/><OtherTag ID="LT764" LABEL="default" DESCRIPTION="line type default"/>
  </Tags>
  <Layout>
    <Page WIDTH="1444"
          HEIGHT="2433"
          PHYSICAL_IMG_NR="103"
          ID="eSc_dummypage_">
      <PrintSpace HPOS="0"
                  VPOS="0"
                  WIDTH="1444"
                  HEIGHT="2433">
        <TextBlock HPOS="256.0"
                   VPOS="91.0"
                   WIDTH="83.0"
                   HEIGHT="53.0"
                   ID="block_5"
                   TAGREFS="BT15">
          <Shape><Polygon POINTS="339 91 339 144 256 144 256 91"/></Shape>
          <TextLine ID="line_0"
                    TAGREFS="LT8"
                    BASELINE="255 131 344 128" 
                    HPOS="254.0"
                    VPOS="85.0"
                    WIDTH="90.0"
                    HEIGHT="60.0">
            <Shape><Polygon POINTS="255 131 255 139 283 144 285 145 285 144 344 133 344 128 343 94 316 85 315 85 313 85 254 95 255 131"/></Shape>
	    <String CONTENT="1o2"
                    HPOS="254.0"
                    VPOS="85.0"
                    WIDTH="90.0"
                    HEIGHT="60.0"
                    WC="0.9986663858095804"></String>
          </TextLine>
        </TextBlock>
        <TextBlock HPOS="242.0"
                   VPOS="154.0"
                   WIDTH="1058.0"
                   HEIGHT="706.0"
                   ID="block_6"
                   TAGREFS="BT100006">
          <Shape><Polygon POINTS="1294 154 1300 855 249 860 242 154"/></Shape>
          <TextLine ID="line_2"
                    TAGREFS="LT8"
                    BASELINE="254 198 1283 194" 
                    HPOS="252.0"
                    VPOS="151.0"
                    WIDTH="1031.0"
                    HEIGHT="62.0">
            <Shape><Polygon POINTS="254 198 254 206 609 206 657 213 658 213 659 213 676 205 677 205 694 205 882 210 884 210 1126 204 1164 212 1165 213 1266 213 1266 212 1268 212 1269 212 1283 202 1283 194 1280 163 1169 163 1137 151 1135 151 1134 151 1133 151 1100 162 1069 151 1068 151 1066 151 1065 151 1042 163 904 163 891 152 889 152 888 152 862 152 861 152 859 152 858 152 846 163 789 163 777 152 776 152 774 152 749 152 747 152 746 152 744 152 731 164 707 164 670 152 669 152 667 152 666 152 665 152 654 162 593 164 570 154 569 154 567 154 434 164 366 154 365 154 363 154 362 154 350 164 252 166 254 198"/></Shape>
	    <String CONTENT="parc des ouailles qu’en ſe meſlant auec les loups,"
                    HPOS="252.0"
                    VPOS="151.0"
                    WIDTH="1031.0"
                    HEIGHT="62.0"
                    WC="0.9808978617191315"></String>
          </TextLine>
          <TextLine ID="line_3"
                    TAGREFS="LT8"
                    BASELINE="252 256 1289 251" 
                    HPOS="251.0"
                    VPOS="210.0"
                    WIDTH="1038.0"
                    HEIGHT="65.0">
            <Shape><Polygon POINTS="252 256 252 266 343 266 344 266 354 274 355 274 356 274 358 275 392 275 392 274 393 274 416 266 417 266 419 266 473 274 474 274 511 264 516 264 524 264 589 273 590 273 592 273 621 264 624 264 658 264 1124 270 1126 270 1168 262 1169 262 1197 270 1199 270 1200 270 1201 270 1203 270 1214 262 1264 268 1265 268 1266 268 1289 260 1289 251 1288 223 1273 210 1272 210 1270 210 1269 210 1235 212 1234 212 1233 212 1220 223 1191 210 1189 210 1188 210 1187 210 1139 224 1022 225 936 225 920 212 919 212 918 212 886 212 885 212 884 212 855 224 820 212 819 212 817 212 816 212 815 212 800 224 744 213 743 213 742 213 740 213 727 225 694 225 546 213 544 213 543 213 542 213 521 225 404 214 402 214 401 214 379 225 251 228 252 256"/></Shape>
	    <String CONTENT="lors qu’il y a eſcarmouche dreſſee: mais que le dã"
                    HPOS="251.0"
                    VPOS="210.0"
                    WIDTH="1038.0"
                    HEIGHT="65.0"
                    WC="0.993113120396932"></String>
          </TextLine>
          <TextLine ID="line_4"
                    TAGREFS="LT8"
                    BASELINE="254 314 1288 308" 
                    HPOS="252.0"
                    VPOS="270.0"
                    WIDTH="1036.0"
                    HEIGHT="66.0">
            <Shape><Polygon POINTS="254 314 254 336 306 327 354 335 355 335 356 335 358 335 359 335 373 324 473 324 489 333 490 333 492 333 493 335 527 335 527 333 528 333 530 333 530 332 543 323 744 329 851 332 853 332 892 327 941 320 974 320 985 325 993 331 995 331 996 331 997 331 1105 325 1107 325 1108 325 1110 324 1116 318 1128 323 1138 327 1139 327 1141 327 1287 320 1288 308 1285 281 1210 281 1178 270 1177 270 1176 270 1174 270 1173 270 1157 281 1116 281 1096 270 1095 270 1093 270 1092 270 1068 281 987 271 985 271 984 271 946 281 934 271 932 271 931 271 930 271 861 282 603 274 601 274 600 274 566 285 498 285 462 274 461 274 459 274 458 274 456 274 446 282 398 275 397 275 396 275 377 285 266 279 265 279 263 279 262 279 252 283 254 314"/></Shape>
	    <String CONTENT="ger y eſtoit grand de toutes parts. Oyant cela a¬"
                    HPOS="252.0"
                    VPOS="270.0"
                    WIDTH="1036.0"
                    HEIGHT="66.0"
                    WC="0.993915565159856"></String>
          </TextLine>
          <TextLine ID="line_5"
                    TAGREFS="LT8"
                    BASELINE="255 375 1291 369" 
                    HPOS="254.0"
                    VPOS="328.0"
                    WIDTH="1037.0"
                    HEIGHT="68.0">
            <Shape><Polygon POINTS="335 348 333 344 254 344 255 375 256 396 306 383 455 383 494 391 502 393 504 393 505 393 509 391 527 382 596 382 639 389 666 393 667 393 699 387 740 381 769 386 782 389 784 389 785 389 786 389 789 386 796 381 808 386 813 387 815 387 816 387 865 385 947 379 978 382 1043 390 1045 390 1046 390 1062 381 1064 381 1070 381 1112 385 1114 385 1115 385 1116 385 1122 379 1124 378 1146 379 1266 389 1268 389 1269 389 1291 377 1291 369 1288 339 1187 339 1168 328 1166 328 1133 328 1131 328 1130 328 1128 328 1115 337 1088 328 1087 328 1085 328 1031 340 911 340 888 329 886 329 885 329 884 329 882 329 882 331 870 340 777 331 776 331 774 331 773 331 761 340 724 333 723 333 636 341 600 332 598 332 597 332 596 332 569 341 494 332 493 332 492 332 490 332 478 341 465 332 463 332 462 332 461 332 459 332 416 344 336 344 335 348"/></Shape>
	    <String CONTENT="pres auoir prins langue d’eux ſur ce qu’ils ſcauoy"
                    HPOS="254.0"
                    VPOS="328.0"
                    WIDTH="1037.0"
                    HEIGHT="68.0"
                    WC="0.9638860189914703"></String>
          </TextLine>
          <TextLine ID="line_6"
                    TAGREFS="LT8"
                    BASELINE="254 431 1288 427" 
                    HPOS="252.0"
                    VPOS="387.0"
                    WIDTH="1036.0"
                    HEIGHT="61.0">
            <Shape><Polygon POINTS="254 431 254 440 338 440 369 448 370 448 371 448 432 440 492 448 493 448 536 440 815 446 816 446 817 446 835 439 843 446 845 446 846 446 941 447 942 447 1032 444 1034 444 1035 444 1043 437 1064 444 1065 444 1266 446 1268 446 1269 446 1288 435 1288 427 1287 401 1264 393 1262 393 1261 393 1227 400 1210 387 1208 387 1207 387 1206 387 1133 400 1101 391 1100 391 1099 391 1097 391 1080 400 928 400 916 389 915 389 913 389 874 389 873 389 872 389 845 401 761 401 705 389 704 389 703 389 701 389 685 402 604 402 559 390 558 390 557 390 555 390 554 390 539 402 486 390 485 390 447 398 405 390 404 390 402 390 401 390 388 401 352 390 351 390 350 390 348 390 347 390 333 402 320 396 319 396 317 396 252 404 254 431"/></Shape>
	    <String CONTENT="ent de l’eſtat de nos freres aſsiegez: entendant"
                    HPOS="252.0"
                    VPOS="387.0"
                    WIDTH="1036.0"
                    HEIGHT="61.0"
                    WC="0.9963113789757093"></String>
          </TextLine>
          <TextLine ID="line_7"
                    TAGREFS="LT8"
                    BASELINE="252 492 1283 485" 
                    HPOS="251.0"
                    VPOS="446.0"
                    WIDTH="1032.0"
                    HEIGHT="67.0">
            <Shape><Polygon POINTS="332 469 328 460 320 463 273 452 271 452 270 452 251 462 252 492 252 502 269 513 270 513 271 513 273 513 274 513 317 501 429 501 485 512 486 512 488 512 520 500 634 506 635 506 690 498 861 510 862 510 863 510 885 500 943 500 955 509 957 509 958 509 959 509 1069 498 1083 508 1084 508 1085 508 1087 508 1141 500 1210 508 1211 508 1283 493 1283 485 1279 458 1200 458 1199 458 1164 446 1162 446 1161 446 1160 446 1141 456 1128 447 1127 447 1126 447 1124 447 1123 447 1085 459 1065 459 800 460 796 460 703 448 701 448 700 448 699 448 685 458 619 450 617 450 616 450 589 462 558 455 557 455 470 459 452 451 451 451 404 451 402 451 401 451 400 451 389 459 374 451 373 451 371 451 335 459 332 469"/></Shape>
	    <String CONTENT="qu’ils eſtoyent aſſez bien garnis pour quelques"
                    HPOS="251.0"
                    VPOS="446.0"
                    WIDTH="1032.0"
                    HEIGHT="67.0"
                    WC="0.9970502308074464"></String>
          </TextLine>
          <TextLine ID="line_8"
                    TAGREFS="LT8"
                    BASELINE="252 551 1281 544" 
                    HPOS="251.0"
                    VPOS="502.0"
                    WIDTH="1030.0"
                    HEIGHT="60.0">
            <Shape><Polygon POINTS="332 525 329 520 305 520 302 519 279 508 278 508 277 508 275 508 251 517 252 551 252 560 1261 562 1262 562 1264 562 1281 554 1281 544 1279 514 1231 514 1218 505 1216 505 1215 505 1214 505 1212 505 1211 505 1201 514 1142 514 1120 502 1119 502 1118 502 1116 502 1115 502 1100 513 1046 504 1045 504 1043 504 1042 504 1030 514 997 504 996 504 965 504 964 504 962 504 961 504 949 513 919 504 918 504 916 504 915 504 913 504 899 516 893 516 868 516 862 516 800 505 799 505 797 505 796 505 784 516 782 517 659 517 658 516 646 506 644 506 643 506 616 506 615 506 613 506 612 506 598 517 597 519 577 519 574 517 555 506 554 506 498 506 497 506 496 506 456 517 451 519 448 517 427 508 425 508 424 508 423 508 398 517 394 520 333 520 332 525"/></Shape>
	    <String CONTENT="temps &amp; reſolus d’eux tres bien deffendre; ie prins"
                    HPOS="251.0"
                    VPOS="502.0"
                    WIDTH="1030.0"
                    HEIGHT="60.0"
                    WC="0.9862689516123604"></String>
          </TextLine>
          <TextLine ID="line_9"
                    TAGREFS="LT8"
                    BASELINE="255 609 1280 604" 
                    HPOS="254.0"
                    VPOS="566.0"
                    WIDTH="1026.0"
                    HEIGHT="53.0">
            <Shape><Polygon POINTS="335 581 332 574 277 571 275 571 274 571 254 578 255 609 255 619 1279 613 1280 604 1277 575 1100 566 1099 566 1097 566 1096 566 1085 574 953 567 951 567 950 567 949 567 939 575 884 569 882 569 881 569 858 577 693 577 658 569 657 569 655 569 654 569 653 569 642 578 538 578 512 569 511 569 509 569 454 577 389 570 388 570 386 570 385 570 375 578 336 575 335 581"/></Shape>
	    <String CONTENT="mon chemin tout droit vers nos freres du Dau¬"
                    HPOS="254.0"
                    VPOS="566.0"
                    WIDTH="1026.0"
                    HEIGHT="53.0"
                    WC="0.9828893436325921"></String>
          </TextLine>
          <TextLine ID="line_10"
                    TAGREFS="LT8"
                    BASELINE="255 667 1296 662" 
                    HPOS="254.0"
                    VPOS="621.0"
                    WIDTH="1042.0"
                    HEIGHT="68.0">
            <Shape><Polygon POINTS="335 636 332 632 324 633 282 625 281 625 279 625 254 635 255 667 255 689 302 679 420 686 439 687 440 687 442 687 443 687 444 686 458 678 630 677 671 683 694 686 696 686 697 686 699 686 704 682 712 677 722 682 730 686 731 686 732 687 769 687 769 686 770 686 772 686 778 681 788 677 861 679 916 682 918 682 919 682 930 679 941 675 946 678 954 683 955 683 957 683 958 683 1070 677 1122 674 1156 675 1264 681 1265 681 1266 681 1296 673 1296 662 1293 632 1223 632 1193 621 1192 621 1191 621 1189 621 1169 631 1139 621 1138 621 1137 621 1096 631 1085 621 1084 621 1083 621 1041 621 1039 621 1004 623 1003 623 1001 623 989 633 862 633 823 623 822 623 820 623 819 623 801 632 777 623 776 623 774 623 773 623 772 623 757 633 735 624 734 624 732 624 731 624 707 635 524 635 489 625 488 625 486 625 485 625 484 625 470 635 405 635 394 625 393 625 392 625 390 625 336 631 335 636"/></Shape>
	    <String CONTENT="phiné, que ie trouuay e pluſieurs endroits de leur"
                    HPOS="254.0"
                    VPOS="621.0"
                    WIDTH="1042.0"
                    HEIGHT="68.0"
                    WC="0.991459443288691"></String>
          </TextLine>
          <TextLine ID="line_11"
                    TAGREFS="LT8"
                    BASELINE="256 727 1291 721" 
                    HPOS="255.0"
                    VPOS="682.0"
                    WIDTH="1036.0"
                    HEIGHT="65.0">
            <Shape><Polygon POINTS="256 727 256 747 319 736 400 746 419 747 420 747 421 747 428 744 450 736 542 735 581 743 600 746 601 746 603 746 613 742 630 736 744 740 772 740 773 740 774 740 776 740 776 739 786 733 855 738 911 742 912 742 913 742 927 738 939 733 954 736 989 744 991 744 1127 735 1243 743 1245 743 1246 743 1291 731 1291 721 1288 693 1060 693 1032 682 1031 682 1030 682 1028 682 1001 693 974 683 973 683 972 683 863 693 805 683 804 683 803 683 766 694 751 685 750 685 749 685 747 685 746 685 744 685 735 693 724 685 723 685 722 685 696 685 694 685 693 685 692 685 680 696 657 696 566 685 565 685 563 685 543 694 484 686 482 686 425 696 265 690 263 690 262 690 260 690 255 694 256 727"/></Shape>
	    <String CONTENT="poure patrie eſpars ſous diuers Capitaines, qui"
                    HPOS="255.0"
                    VPOS="682.0"
                    WIDTH="1036.0"
                    HEIGHT="65.0"
                    WC="0.9903669966028091"></String>
          </TextLine>
          <TextLine ID="line_12"
                    TAGREFS="LT8"
                    BASELINE="254 785 1288 781" 
                    HPOS="252.0"
                    VPOS="743.0"
                    WIDTH="1036.0"
                    HEIGHT="63.0">
            <Shape><Polygon POINTS="254 785 254 805 333 794 455 794 466 802 469 805 470 805 471 805 473 806 509 806 509 805 511 805 520 801 534 794 598 793 819 796 820 796 842 804 843 804 845 804 923 797 939 804 941 804 942 804 1005 793 1019 792 1050 793 1269 802 1270 802 1272 802 1273 802 1288 790 1288 781 1285 754 1112 743 1111 743 1110 743 1108 743 1096 752 1080 744 1078 744 1077 744 1076 744 1074 744 1064 752 1047 743 1046 743 1045 743 1009 750 996 743 995 743 993 743 992 743 974 752 945 744 943 744 942 744 941 744 907 755 836 755 727 744 726 744 644 754 601 744 600 744 598 744 597 744 597 746 585 755 542 746 540 746 539 746 538 746 528 754 386 755 274 747 273 747 271 747 252 755 254 785"/></Shape>
	    <String CONTENT="par montagnes &amp; couſtaux, qui par les champs,"
                    HPOS="252.0"
                    VPOS="743.0"
                    WIDTH="1036.0"
                    HEIGHT="63.0"
                    WC="0.998521872361501"></String>
          </TextLine>
          <TextLine ID="line_13"
                    TAGREFS="LT8"
                    BASELINE="255 843 1219 840" 
                    HPOS="254.0"
                    VPOS="800.0"
                    WIDTH="965.0"
                    HEIGHT="62.0">
            <Shape><Polygon POINTS="255 843 255 861 359 862 361 862 362 862 363 862 365 861 373 852 406 852 543 858 642 862 643 862 671 856 693 852 770 855 893 861 895 861 896 861 923 854 935 851 988 851 991 852 996 858 997 858 999 858 1000 858 1218 850 1219 840 1216 812 1120 812 1072 800 1070 800 1069 800 1046 811 1015 800 1014 800 1012 800 1011 800 981 811 958 800 957 800 955 800 954 800 935 811 859 811 846 800 845 800 843 800 797 800 796 800 795 800 793 800 793 801 782 811 734 811 703 801 701 801 700 801 699 801 671 813 582 813 565 801 563 801 562 801 513 801 512 801 459 812 420 801 419 801 417 801 366 812 324 801 323 801 321 801 254 813 255 843"/></Shape>
	    <String CONTENT="qui par les villes, par les villages &amp; chaſteaux."
                    HPOS="254.0"
                    VPOS="800.0"
                    WIDTH="965.0"
                    HEIGHT="62.0"
                    WC="0.9994557706677184"></String>
          </TextLine>
        </TextBlock>
        <TextBlock HPOS="480.0"
                   VPOS="79.0"
                   WIDTH="585.0"
                   HEIGHT="64.0"
                   ID="block_3"
                   TAGREFS="BT18">
          <Shape><Polygon POINTS="1065 79 1065 143 480 143 480 79"/></Shape>
          <TextLine ID="line_1"
                    TAGREFS="LT10"
                    BASELINE="477 129 1065 127" 
                    HPOS="475.0"
                    VPOS="87.0"
                    WIDTH="590.0"
                    HEIGHT="54.0">
            <Shape><Polygon POINTS="1030 108 1016 108 1003 108 989 108 978 108 973 109 959 108 949 108 935 108 922 108 908 108 895 108 882 108 877 109 873 108 868 108 854 108 840 108 828 108 826 109 822 108 813 108 800 108 786 108 773 108 769 108 759 110 755 108 746 108 732 108 730 110 722 108 719 108 705 108 692 108 678 108 676 108 661 110 658 108 651 108 650 100 647 97 638 89 638 87 636 87 635 87 550 87 548 87 547 87 546 87 546 89 539 94 538 95 536 94 530 89 530 87 528 87 527 87 525 87 475 91 477 129 477 135 635 141 636 141 638 141 657 135 693 141 694 141 696 141 709 135 738 141 739 141 740 141 742 141 767 133 769 133 782 140 784 140 785 140 817 133 819 133 851 140 853 140 854 140 868 133 903 140 904 140 970 133 997 140 999 140 1000 140 1001 140 1003 140 1011 133 1053 140 1054 140 1055 140 1057 140 1065 132 1065 127 1062 110 1046 108 1043 108"/></Shape>
	    <String CONTENT="DIALOGVE FI."
                    HPOS="475.0"
                    VPOS="87.0"
                    WIDTH="590.0"
                    HEIGHT="54.0"
                    WC="0.9999160021543503"></String>
          </TextLine>
        </TextBlock>
        <TextBlock HPOS="254.0"
                   VPOS="865.0"
                   WIDTH="1037.0"
                   HEIGHT="402.0"
                   ID="block_2"
                   TAGREFS="BT100005">
          <Shape><Polygon POINTS="1291 865 1291 1267 255 1267 254 865"/></Shape>
          <TextLine ID="line_14"
                    TAGREFS="LT8"
                    BASELINE="301 900 1281 897" 
                    HPOS="300.0"
                    VPOS="856.0"
                    WIDTH="981.0"
                    HEIGHT="63.0">
            <Shape><Polygon POINTS="301 900 301 912 561 919 562 919 692 912 696 912 697 912 749 919 750 919 751 919 770 912 772 912 985 917 987 917 1280 909 1281 897 1280 866 1260 856 1258 856 1257 856 1256 856 1254 856 1241 866 1237 869 1030 869 1028 867 1003 856 1001 856 1000 856 999 856 997 856 984 867 984 869 915 869 892 869 861 856 859 856 790 856 789 856 744 865 727 858 726 858 724 858 723 858 722 858 705 869 688 858 686 858 685 858 684 858 682 858 646 869 626 858 624 858 563 858 562 858 507 869 443 858 442 858 440 858 439 858 425 870 392 870 370 858 369 858 319 858 317 858 316 858 315 858 300 867 301 900"/></Shape>
	    <String CONTENT="Montbrun, Mirebel, l’Edyguier, &amp;auec eux nõ"
                    HPOS="300.0"
                    VPOS="856.0"
                    WIDTH="981.0"
                    HEIGHT="63.0"
                    WC="0.9948452074419368"></String>
          </TextLine>
          <TextLine ID="line_15"
                    TAGREFS="LT8"
                    BASELINE="256 958 1280 958" 
                    HPOS="256.0"
                    VPOS="919.0"
                    WIDTH="1024.0"
                    HEIGHT="60.0">
            <Shape><Polygon POINTS="256 958 256 969 393 978 394 978 527 971 720 977 722 977 723 977 724 977 735 970 813 978 815 978 1083 970 1093 978 1095 978 1096 978 1097 979 1138 979 1138 978 1139 978 1168 970 1280 970 1280 958 1280 931 1178 929 1154 919 1153 919 1151 919 1097 928 1088 929 1085 928 1074 919 1073 919 1072 919 1041 919 1039 919 1038 919 1037 919 1027 927 1023 931 820 931 797 924 772 919 770 919 769 919 758 924 746 931 603 931 578 921 569 919 567 919 500 919 498 919 497 919 496 919 493 921 477 931 392 931 377 920 377 919 375 919 374 919 351 919 350 919 348 919 347 919 332 929 256 919 256 958"/></Shape>
	    <String CONTENT="bre de gentils hommes eſtoyent ceux-là qui con¬"
                    HPOS="256.0"
                    VPOS="919.0"
                    WIDTH="1024.0"
                    HEIGHT="60.0"
                    WC="0.9893709855775038"></String>
          </TextLine>
          <TextLine ID="line_16"
                    TAGREFS="LT8"
                    BASELINE="255 1017 1291 1017" 
                    HPOS="255.0"
                    VPOS="979.0"
                    WIDTH="1036.0"
                    HEIGHT="57.0">
            <Shape><Polygon POINTS="255 1017 255 1028 361 1036 362 1036 469 1029 548 1036 550 1036 612 1029 1060 1036 1061 1036 1062 1036 1085 1029 1291 1029 1291 1017 1291 990 1176 981 1174 981 1054 989 1028 979 1027 979 982 979 981 979 980 979 959 990 788 990 762 979 761 979 732 979 731 979 730 979 728 979 716 990 701 990 401 990 401 989 367 979 366 979 266 979 265 979 263 979 262 979 255 985 255 1017"/></Shape>
	    <String CONTENT="duiſoyent nos poures freres ramaſſez, armez au"
                    HPOS="255.0"
                    VPOS="979.0"
                    WIDTH="1036.0"
                    HEIGHT="57.0"
                    WC="0.9872363481832587"></String>
          </TextLine>
          <TextLine ID="line_17"
                    TAGREFS="LT8"
                    BASELINE="254 1075 1279 1073" 
                    HPOS="252.0"
                    VPOS="1036.0"
                    WIDTH="1027.0"
                    HEIGHT="61.0">
            <Shape><Polygon POINTS="254 1075 254 1088 484 1088 485 1088 494 1096 496 1096 497 1096 498 1097 534 1097 534 1096 535 1096 551 1088 552 1088 646 1088 648 1088 727 1096 728 1096 730 1096 751 1089 812 1094 813 1094 943 1086 955 1086 962 1086 1030 1094 1031 1094 1092 1086 1096 1086 1277 1086 1279 1073 1276 1047 1123 1047 1045 1036 1043 1036 957 1046 945 1036 943 1036 942 1036 912 1036 911 1036 909 1036 908 1036 896 1047 612 1047 597 1038 596 1038 594 1038 543 1038 542 1038 540 1038 515 1047 465 1038 463 1038 462 1038 461 1038 447 1047 413 1040 412 1040 377 1047 333 1038 332 1038 331 1038 305 1047 271 1038 270 1038 269 1038 267 1038 266 1038 252 1046 254 1075"/></Shape>
	    <String CONTENT="moins mal qu’ils ont peu pour ſe conſeruer tous"
                    HPOS="252.0"
                    VPOS="1036.0"
                    WIDTH="1027.0"
                    HEIGHT="61.0"
                    WC="0.9902309394897298"></String>
          </TextLine>
          <TextLine ID="line_18"
                    TAGREFS="LT8"
                    BASELINE="254 1136 1285 1132" 
                    HPOS="252.0"
                    VPOS="1090.0"
                    WIDTH="1033.0"
                    HEIGHT="64.0">
            <Shape><Polygon POINTS="254 1136 254 1144 271 1151 273 1151 274 1151 643 1144 712 1151 713 1151 715 1151 743 1144 751 1151 753 1151 754 1151 755 1151 757 1151 770 1144 830 1152 831 1152 832 1152 847 1144 861 1152 862 1152 863 1152 865 1154 941 1154 941 1152 1219 1144 1270 1150 1272 1150 1273 1150 1274 1150 1285 1142 1285 1132 1284 1104 1252 1090 1250 1090 1249 1090 1247 1090 1212 1101 1195 1090 1193 1090 1192 1090 1191 1090 1189 1090 1188 1090 1169 1104 1135 1104 1118 1090 1116 1090 1115 1090 1114 1090 1076 1098 1058 1090 1057 1090 1055 1090 1054 1090 1053 1090 1038 1102 1001 1094 1000 1094 999 1094 997 1094 987 1104 932 1105 816 1105 789 1093 788 1093 786 1093 785 1093 784 1093 770 1105 724 1105 708 1092 707 1092 705 1092 704 1092 659 1100 620 1092 619 1092 617 1092 588 1105 313 1093 312 1093 252 1107 254 1136"/></Shape>
	    <String CONTENT="enſemble contre l’effort des ennemis, leſquels ils"
                    HPOS="252.0"
                    VPOS="1090.0"
                    WIDTH="1033.0"
                    HEIGHT="64.0"
                    WC="0.9782161843776703"></String>
          </TextLine>
          <TextLine ID="line_19"
                    TAGREFS="LT8"
                    BASELINE="255 1194 1281 1194" 
                    HPOS="255.0"
                    VPOS="1162.0"
                    WIDTH="1026.0"
                    HEIGHT="51.0">
            <Shape><Polygon POINTS="1269 1174 1256 1174 1242 1174 1229 1174 1215 1174 1201 1174 1188 1174 1174 1174 1161 1174 1147 1174 1134 1174 1120 1174 1107 1174 1093 1174 1080 1174 1066 1174 1053 1174 1039 1174 1026 1174 1012 1174 999 1174 985 1174 972 1174 958 1174 945 1174 931 1174 918 1174 904 1174 891 1174 877 1174 863 1174 850 1174 836 1174 823 1174 809 1174 796 1174 782 1174 769 1174 755 1174 742 1174 728 1174 715 1174 701 1174 688 1174 674 1174 661 1174 647 1174 634 1174 620 1174 607 1174 593 1174 580 1174 566 1174 552 1174 539 1174 525 1174 512 1174 498 1174 485 1174 471 1174 458 1174 444 1174 431 1174 417 1174 404 1174 390 1174 377 1174 363 1174 350 1174 347 1166 255 1162 255 1194 255 1207 350 1207 365 1213 366 1213 367 1213 473 1207 831 1207 903 1213 904 1213 1229 1207 1268 1213 1269 1213 1270 1213 1272 1213 1281 1207 1281 1194 1281 1174 1269 1174"/></Shape>
	    <String CONTENT="battoyent bien ſouuent &amp; eſtoyent battus a leur"
                    HPOS="255.0"
                    VPOS="1162.0"
                    WIDTH="1026.0"
                    HEIGHT="51.0"
                    WC="0.9890313972818091"></String>
          </TextLine>
          <TextLine ID="line_20"
                    TAGREFS="LT8"
                    BASELINE="258 1252 386 1252" 
                    HPOS="258.0"
                    VPOS="1219.0"
                    WIDTH="128.0"
                    HEIGHT="43.0">
            <Shape><Polygon POINTS="258 1252 258 1262 386 1262 386 1252 386 1228 269 1219 267 1219 266 1219 265 1219 258 1224 258 1252"/></Shape>
	    <String CONTENT="tour."
                    HPOS="258.0"
                    VPOS="1219.0"
                    WIDTH="128.0"
                    HEIGHT="43.0"
                    WC="0.9790787935256958"></String>
          </TextLine>
        </TextBlock>
        <TextBlock HPOS="253.0"
                   VPOS="1269.0"
                   WIDTH="1041.0"
                   HEIGHT="771.0"
                   ID="block_1"
                   TAGREFS="BT100005">
          <Shape><Polygon POINTS="1294 1269 1294 2040 253 2040 253 1269"/></Shape>
          <TextLine ID="line_21"
                    TAGREFS="LT8"
                    BASELINE="313 1312 1281 1309" 
                    HPOS="312.0"
                    VPOS="1267.0"
                    WIDTH="969.0"
                    HEIGHT="63.0">
            <Shape><Polygon POINTS="313 1312 313 1321 374 1330 375 1330 377 1330 378 1330 386 1321 388 1321 458 1321 462 1321 498 1330 500 1330 501 1330 516 1321 519 1321 711 1321 712 1321 778 1330 780 1330 845 1320 853 1320 865 1320 957 1328 958 1328 1280 1319 1281 1309 1279 1280 1231 1267 1230 1267 1229 1267 1200 1280 1073 1280 1058 1271 1057 1271 1055 1271 1054 1271 1043 1277 1016 1267 1015 1267 1014 1267 1012 1267 1011 1267 995 1280 923 1280 908 1267 907 1267 905 1267 904 1267 903 1267 901 1267 888 1280 857 1280 843 1267 842 1267 840 1267 797 1267 796 1267 795 1267 766 1281 708 1281 694 1269 693 1269 692 1269 690 1269 600 1280 584 1269 582 1269 581 1269 580 1269 531 1277 512 1269 511 1269 509 1269 508 1269 488 1280 363 1280 340 1269 339 1269 338 1269 336 1269 312 1280 313 1312"/></Shape>
	    <String CONTENT="Apres que i’eu fait entẽdre aux principaux des"
                    HPOS="312.0"
                    VPOS="1267.0"
                    WIDTH="969.0"
                    HEIGHT="63.0"
                    WC="0.9965985353956831"></String>
          </TextLine>
          <TextLine ID="line_22"
                    TAGREFS="LT8"
                    BASELINE="255 1369 1295 1366" 
                    HPOS="254.0"
                    VPOS="1325.0"
                    WIDTH="1041.0"
                    HEIGHT="56.0">
            <Shape><Polygon POINTS="255 1369 255 1381 1293 1378 1295 1366 1293 1339 1246 1325 1245 1325 1243 1325 1242 1325 1241 1325 1224 1339 978 1339 946 1325 945 1325 943 1325 942 1325 941 1325 924 1339 876 1339 840 1325 839 1325 838 1325 836 1325 835 1325 819 1338 769 1332 767 1332 766 1332 765 1332 758 1339 731 1327 730 1327 728 1327 696 1334 688 1327 686 1327 685 1327 624 1327 623 1327 621 1327 581 1339 534 1327 532 1327 531 1327 530 1327 507 1339 467 1327 466 1327 465 1327 463 1327 462 1327 446 1339 413 1327 412 1327 411 1327 409 1327 408 1327 392 1339 363 1327 362 1327 361 1327 359 1327 338 1336 327 1327 325 1327 324 1327 269 1327 267 1327 266 1327 265 1327 265 1328 254 1336 255 1369"/></Shape>
	    <String CONTENT="Chefs &amp; du Conſeil l’occaſion de ma venue, &amp;"
                    HPOS="254.0"
                    VPOS="1325.0"
                    WIDTH="1041.0"
                    HEIGHT="56.0"
                    WC="0.9892111325805838"></String>
          </TextLine>
          <TextLine ID="line_23"
                    TAGREFS="LT8"
                    BASELINE="259 1430 1297 1426" 
                    HPOS="258.0"
                    VPOS="1386.0"
                    WIDTH="1039.0"
                    HEIGHT="54.0">
            <Shape><Polygon POINTS="259 1430 259 1440 1296 1436 1297 1426 1295 1398 1187 1398 1153 1386 1151 1386 1150 1386 1149 1386 1147 1386 1131 1398 1081 1398 1039 1386 1038 1386 1037 1386 1035 1386 1034 1386 1019 1398 993 1398 980 1386 978 1386 977 1386 951 1386 950 1386 949 1386 922 1400 847 1400 826 1388 824 1388 823 1388 822 1388 790 1398 735 1392 734 1392 586 1401 557 1401 542 1389 540 1389 539 1389 538 1389 492 1398 423 1389 421 1389 420 1389 386 1398 373 1389 371 1389 370 1389 315 1389 313 1389 258 1401 259 1430"/></Shape>
	    <String CONTENT="qu’ils m&#x27;eutẽt ouy tout au long, ils remercierent."
                    HPOS="258.0"
                    VPOS="1386.0"
                    WIDTH="1039.0"
                    HEIGHT="54.0"
                    WC="0.9917908708254496"></String>
          </TextLine>
          <TextLine ID="line_24"
                    TAGREFS="LT8"
                    BASELINE="255 1488 1297 1484" 
                    HPOS="254.0"
                    VPOS="1443.0"
                    WIDTH="1043.0"
                    HEIGHT="64.0">
            <Shape><Polygon POINTS="255 1488 255 1498 417 1498 421 1498 465 1507 466 1507 467 1507 469 1507 478 1498 479 1497 621 1497 627 1497 654 1504 655 1504 657 1504 658 1504 667 1497 670 1497 744 1497 755 1497 884 1505 885 1505 992 1504 993 1504 1022 1496 1026 1496 1037 1496 1124 1503 1126 1503 1296 1494 1297 1484 1295 1457 1197 1457 1196 1455 1180 1443 1178 1443 1177 1443 1176 1443 1174 1443 1151 1455 1150 1455 1037 1455 1037 1454 1022 1443 1020 1443 1019 1443 1018 1443 1016 1443 985 1454 980 1455 970 1454 916 1444 915 1444 913 1444 912 1444 901 1454 896 1457 859 1457 855 1453 845 1444 843 1444 842 1444 793 1444 792 1444 790 1444 789 1444 780 1453 778 1454 776 1453 759 1444 758 1444 757 1444 755 1444 754 1444 744 1453 739 1458 682 1458 673 1453 661 1444 659 1444 658 1444 635 1444 634 1444 632 1444 631 1444 623 1451 617 1455 589 1451 547 1446 546 1446 544 1446 543 1446 536 1451 530 1457 512 1451 496 1446 494 1446 493 1446 492 1446 490 1446 485 1451 474 1458 254 1450 255 1488"/></Shape>
	    <String CONTENT="beaucoup de fois Dieu &amp; l’Egliſe qui m’auoit en¬"
                    HPOS="254.0"
                    VPOS="1443.0"
                    WIDTH="1043.0"
                    HEIGHT="64.0"
                    WC="0.9946597119172415"></String>
          </TextLine>
          <TextLine ID="line_25"
                    TAGREFS="LT8"
                    BASELINE="255 1547 1285 1543" 
                    HPOS="254.0"
                    VPOS="1501.0"
                    WIDTH="1031.0"
                    HEIGHT="65.0">
            <Shape><Polygon POINTS="255 1547 255 1559 267 1566 269 1566 270 1566 271 1566 289 1558 306 1566 308 1566 309 1566 310 1566 342 1558 343 1558 375 1566 377 1566 378 1566 379 1566 409 1558 409 1557 615 1557 636 1557 862 1565 863 1565 865 1565 866 1565 877 1557 889 1565 891 1565 892 1565 893 1565 895 1565 926 1557 1187 1563 1188 1563 1189 1563 1207 1555 1284 1555 1285 1543 1284 1515 1257 1501 1256 1501 1254 1501 1253 1501 1220 1515 1114 1515 1084 1501 1083 1501 1043 1501 1042 1501 1041 1501 1016 1513 964 1504 962 1504 961 1504 936 1515 900 1503 899 1503 897 1503 896 1503 895 1503 873 1516 840 1516 819 1503 817 1503 816 1503 815 1503 813 1503 812 1503 796 1516 684 1516 667 1503 666 1503 665 1503 632 1503 631 1503 630 1503 594 1516 519 1516 502 1504 501 1504 500 1504 498 1504 497 1504 465 1513 451 1504 450 1504 448 1504 447 1504 446 1504 427 1512 417 1504 416 1504 415 1504 347 1504 346 1504 254 1517 255 1547"/></Shape>
	    <String CONTENT="uoyé, de la bonne ſouuenance &amp; cõpaſsion qu’el¬"
                    HPOS="254.0"
                    VPOS="1501.0"
                    WIDTH="1031.0"
                    HEIGHT="65.0"
                    WC="0.9788118065619955"></String>
          </TextLine>
          <TextLine ID="line_26"
                    TAGREFS="LT8"
                    BASELINE="252 1604 1297 1601" 
                    HPOS="251.0"
                    VPOS="1561.0"
                    WIDTH="1046.0"
                    HEIGHT="55.0">
            <Shape><Polygon POINTS="252 1604 252 1616 1296 1613 1297 1601 1293 1571 1180 1571 1177 1570 1164 1561 1162 1561 1161 1561 1160 1561 1158 1561 1134 1570 1131 1571 1130 1570 1104 1561 1103 1561 1061 1561 1060 1561 1058 1561 1057 1561 1046 1569 1015 1561 1014 1561 1012 1561 1011 1561 1009 1561 999 1570 997 1571 996 1570 977 1561 976 1561 974 1561 973 1561 938 1570 932 1573 876 1573 873 1570 861 1561 859 1561 858 1561 857 1561 855 1561 824 1570 820 1571 816 1570 792 1561 790 1561 789 1561 788 1561 786 1561 773 1570 769 1573 762 1570 739 1562 738 1562 736 1562 735 1562 715 1570 707 1574 663 1574 657 1570 644 1562 643 1562 642 1562 640 1562 639 1562 608 1570 596 1573 588 1570 567 1562 566 1562 565 1562 563 1562 547 1570 542 1573 534 1570 512 1562 511 1562 509 1562 508 1562 479 1570 478 1570 466 1562 465 1562 463 1562 462 1562 461 1562 434 1570 427 1571 423 1570 404 1562 402 1562 401 1562 400 1562 374 1570 363 1574 300 1574 293 1570 281 1562 279 1562 278 1562 277 1562 275 1562 251 1567 252 1604"/></Shape>
	    <String CONTENT="le auoit de leut eſtat; des bons auis &amp; ſainctes or"
                    HPOS="251.0"
                    VPOS="1561.0"
                    WIDTH="1046.0"
                    HEIGHT="55.0"
                    WC="0.9958782955711963"></String>
          </TextLine>
          <TextLine ID="line_27"
                    TAGREFS="LT8"
                    BASELINE="252 1665 1284 1661" 
                    HPOS="251.0"
                    VPOS="1622.0"
                    WIDTH="1033.0"
                    HEIGHT="54.0">
            <Shape><Polygon POINTS="252 1665 252 1676 1283 1672 1284 1661 1281 1634 1184 1634 1149 1622 1147 1622 1146 1622 1145 1622 1143 1622 1131 1632 1103 1632 1031 1622 1030 1622 1028 1622 1005 1632 966 1622 965 1622 964 1622 962 1622 928 1635 782 1635 765 1623 763 1623 762 1623 720 1623 719 1623 717 1623 716 1623 700 1635 639 1635 624 1623 623 1623 621 1623 596 1623 594 1623 504 1636 470 1636 451 1626 450 1626 448 1626 447 1626 419 1635 316 1635 273 1624 271 1624 270 1624 269 1624 267 1624 251 1634 252 1665"/></Shape>
	    <String CONTENT="donnances, que Daniel leur auoit dreſſees: les re¬"
                    HPOS="251.0"
                    VPOS="1622.0"
                    WIDTH="1033.0"
                    HEIGHT="54.0"
                    WC="0.9813350832462311"></String>
          </TextLine>
          <TextLine ID="line_28"
                    TAGREFS="LT8"
                    BASELINE="254 1724 1254 1719" 
                    HPOS="252.0"
                    VPOS="1704.0"
                    WIDTH="1002.0"
                    HEIGHT="31.0">
            <Shape><Polygon POINTS="1239 1715 1226 1715 1212 1715 1199 1715 1185 1715 1172 1715 1158 1715 1145 1715 1131 1715 1118 1715 1104 1715 1091 1715 1077 1715 1064 1715 1050 1715 1037 1715 1023 1715 1009 1715 996 1715 982 1715 969 1715 955 1715 942 1715 928 1715 915 1715 901 1715 888 1715 874 1715 861 1715 847 1715 834 1715 820 1715 807 1715 793 1715 780 1715 766 1715 753 1715 739 1715 726 1715 712 1715 699 1715 685 1715 671 1715 658 1715 644 1715 631 1715 617 1715 604 1715 590 1715 577 1715 563 1715 550 1715 536 1715 523 1715 509 1715 496 1715 482 1715 469 1715 455 1715 442 1715 428 1715 415 1715 401 1715 388 1715 374 1715 361 1715 347 1715 346 1704 252 1704 254 1724 254 1735 1253 1730 1254 1719 1253 1715 1239 1715"/></Shape>
	    <String CONTENT="Cogmaden Port neceſanes à leul Clnerda ti Onla"
                    HPOS="252.0"
                    VPOS="1704.0"
                    WIDTH="1002.0"
                    HEIGHT="31.0"
                    WC="0.9776600193470082"></String>
          </TextLine>
          <TextLine ID="line_29"
                    TAGREFS="LT8"
                    BASELINE="252 1782 1293 1780" 
                    HPOS="251.0"
                    VPOS="1738.0"
                    WIDTH="1042.0"
                    HEIGHT="62.0">
            <Shape><Polygon POINTS="252 1782 252 1790 370 1800 371 1800 436 1792 720 1800 722 1800 723 1800 751 1793 870 1797 872 1797 873 1797 874 1797 885 1790 1272 1799 1273 1799 1274 1799 1293 1788 1293 1780 1292 1751 1264 1738 1262 1738 1261 1738 1260 1738 1214 1750 1191 1738 1189 1738 1116 1738 1115 1738 1114 1738 1112 1738 1096 1750 1096 1751 1074 1751 1074 1750 1057 1738 1055 1738 1054 1738 1053 1738 1051 1738 1019 1750 1019 1751 884 1751 884 1750 859 1738 858 1738 857 1738 855 1738 824 1750 823 1750 816 1750 761 1745 759 1745 758 1745 757 1745 751 1750 747 1753 688 1753 681 1750 654 1739 653 1739 651 1739 580 1749 559 1753 492 1753 486 1749 481 1745 479 1745 478 1745 477 1745 412 1749 366 1751 361 1749 342 1739 340 1739 339 1739 338 1739 323 1746 316 1739 315 1739 313 1739 259 1739 258 1739 256 1739 255 1739 255 1740 251 1743 252 1782"/></Shape>
	    <String CONTENT="Mais pour ce qu’il y pourroit auoir des difficul."
                    HPOS="251.0"
                    VPOS="1738.0"
                    WIDTH="1042.0"
                    HEIGHT="62.0"
                    WC="0.9906283702169146"></String>
          </TextLine>
          <TextLine ID="line_30"
                    TAGREFS="LT8"
                    BASELINE="254 1840 1285 1838" 
                    HPOS="252.0"
                    VPOS="1797.0"
                    WIDTH="1033.0"
                    HEIGHT="64.0">
            <Shape><Polygon POINTS="254 1840 254 1851 397 1851 401 1851 439 1861 440 1861 482 1851 484 1851 486 1851 525 1861 527 1861 592 1851 594 1851 603 1851 749 1857 750 1857 751 1857 774 1850 778 1850 782 1850 819 1859 820 1859 1110 1851 1207 1859 1208 1859 1284 1849 1285 1838 1283 1797 1231 1797 1230 1797 1229 1797 1197 1809 1138 1809 1124 1800 1123 1800 1122 1800 1120 1800 1119 1800 1118 1800 1107 1809 1042 1809 1026 1797 1024 1797 1023 1797 1022 1797 1020 1797 1019 1797 987 1809 918 1809 882 1799 878 1797 877 1797 876 1797 874 1797 873 1797 873 1799 858 1809 823 1809 799 1799 795 1797 793 1797 792 1797 790 1797 788 1799 766 1809 730 1809 717 1799 716 1799 715 1799 713 1799 712 1799 711 1799 680 1809 621 1803 620 1803 619 1803 597 1809 588 1801 586 1801 585 1801 584 1801 582 1801 581 1801 570 1809 525 1809 508 1800 505 1799 504 1799 502 1799 496 1800 459 1808 432 1800 427 1799 425 1799 424 1799 423 1799 421 1799 420 1800 408 1809 381 1800 375 1799 374 1799 329 1799 328 1799 327 1799 325 1799 324 1800 315 1807 252 1801 254 1840"/></Shape>
	    <String CONTENT="tez ſur quelques artieles: &amp; principa lement, quãd"
                    HPOS="252.0"
                    VPOS="1797.0"
                    WIDTH="1033.0"
                    HEIGHT="64.0"
                    WC="0.9885063837556278"></String>
          </TextLine>
          <TextLine ID="line_31"
                    TAGREFS="LT8"
                    BASELINE="252 1899 1281 1896" 
                    HPOS="251.0"
                    VPOS="1857.0"
                    WIDTH="1030.0"
                    HEIGHT="62.0">
            <Shape><Polygon POINTS="252 1899 252 1909 415 1909 416 1909 425 1918 427 1918 428 1918 429 1919 465 1919 465 1918 466 1918 467 1918 481 1909 482 1909 508 1909 765 1915 766 1915 882 1908 899 1908 904 1908 946 1916 947 1918 1100 1918 1100 1916 1101 1916 1118 1909 1189 1916 1191 1916 1280 1907 1281 1896 1276 1861 1256 1868 1242 1861 1234 1857 1233 1857 1231 1857 1230 1857 1229 1857 1224 1861 1216 1868 1115 1868 1100 1861 1099 1861 1097 1861 1096 1861 1095 1861 1093 1861 1085 1868 1066 1861 1054 1857 1053 1857 1051 1857 1050 1857 1041 1861 1026 1869 811 1869 801 1862 799 1859 797 1859 796 1859 795 1859 781 1862 744 1870 716 1870 701 1862 694 1858 693 1858 623 1858 621 1858 620 1858 619 1858 615 1862 605 1869 574 1862 554 1858 505 1858 504 1858 502 1858 501 1858 494 1862 484 1869 456 1862 438 1858 436 1858 415 1862 385 1869 355 1862 332 1858 331 1858 251 1862 252 1899"/></Shape>
	    <String CONTENT="il ſeroit queſtion de les mettre en pratique, pour"
                    HPOS="251.0"
                    VPOS="1857.0"
                    WIDTH="1030.0"
                    HEIGHT="62.0"
                    WC="0.9954577028751374"></String>
          </TextLine>
          <TextLine ID="line_32"
                    TAGREFS="LT8"
                    BASELINE="251 1957 1285 1953" 
                    HPOS="250.0"
                    VPOS="1913.0"
                    WIDTH="1035.0"
                    HEIGHT="64.0">
            <Shape><Polygon POINTS="251 1957 251 1968 321 1977 323 1977 324 1977 348 1968 350 1968 447 1968 451 1968 528 1977 530 1977 578 1969 778 1976 780 1976 781 1976 808 1968 815 1974 816 1974 817 1974 819 1976 895 1976 895 1974 896 1974 897 1974 907 1968 976 1974 977 1974 1038 1965 1045 1965 1051 1965 1112 1972 1114 1972 1115 1972 1128 1965 1142 1972 1143 1972 1145 1972 1284 1963 1285 1953 1283 1926 1192 1926 1191 1924 1174 1913 1173 1913 1172 1913 1147 1913 1146 1913 1145 1913 1143 1913 1128 1924 1124 1927 977 1927 970 1923 953 1913 951 1913 950 1913 949 1913 928 1923 926 1924 924 1923 915 1915 913 1915 912 1915 881 1915 880 1915 878 1915 865 1922 857 1927 849 1922 838 1915 836 1915 835 1915 834 1915 832 1915 807 1922 788 1928 676 1928 657 1920 639 1915 638 1915 636 1915 580 1916 578 1916 570 1920 554 1930 474 1930 447 1919 436 1916 435 1916 434 1916 405 1919 331 1928 250 1919 251 1957"/></Shape>
	    <String CONTENT="le peu de cognoiſſance que les Frãçois ont d’vn e¬"
                    HPOS="250.0"
                    VPOS="1913.0"
                    WIDTH="1035.0"
                    HEIGHT="64.0"
                    WC="0.9908187847871047"></String>
          </TextLine>
        </TextBlock>
        <TextBlock HPOS="1138.0"
                   VPOS="2036.0"
                   WIDTH="137.0"
                   HEIGHT="56.0"
                   ID="block_0"
                   TAGREFS="BT17">
          <Shape><Polygon POINTS="1275 2036 1275 2092 1138 2092 1138 2036"/></Shape>
          <TextLine ID="line_33"
                    TAGREFS="LT8"
                    BASELINE="1133 2076 1276 2076" 
                    HPOS="1133.0"
                    VPOS="2036.0"
                    WIDTH="143.0"
                    HEIGHT="52.0">
            <Shape><Polygon POINTS="1133 2088 1276 2088 1276 2076 1276 2047 1219 2036 1218 2036 1191 2041 1156 2046 1134 2036 1133 2076 1133 2088"/></Shape>
	    <String CONTENT="nours"
                    HPOS="1133.0"
                    VPOS="2036.0"
                    WIDTH="143.0"
                    HEIGHT="52.0"
                    WC="0.9999701023101807"></String>
          </TextLine>
        </TextBlock>
        <TextBlock HPOS="886.0"
                   VPOS="2304.0"
                   WIDTH="323.0"
                   HEIGHT="82.0"
                   ID="eSc_textblock_7dd80c03"
                   TAGREFS="BT9">
          <Shape><Polygon POINTS="886 2304 886 2386 1209 2386 1209 2304"/></Shape>
        </TextBlock>
      </PrintSpace>
    </Page>
  </Layout>
</alto>
