1400 2426
147.0 144.0 1037.0 64.0 rie à leurs Conſuls, & capitaines, le deſplaiſir

144.0 222.0 1040.0 46.0 qu’ils receuoyet de la perte d’vne bataille, & pen¬

147.0 266.0 1038.0 60.0 ſoyent eſtre mal ſeant, redoubler leur mal, par re

145.0 324.0 1037.0 62.0 proches, ou par quelque autre chaſtiment: auſsi

142.0 386.0 1044.0 50.0 ſcait-on bien que les armes ſont iournalieres le

145.0 440.0 1041.0 66.0 plus ſouuent, & que tel a bien fait ſur le tyllac vn

141.0 498.0 1048.0 65.0 iour, qui s’en ira le lendemain cacher pres le leſt

141.0 564.0 1045.0 57.0 du nauire:tel a rompu ſon ennemy, qui toſt apres

141.0 622.0 1043.0 57.0 eſt mis en route. C'eſt preſque comme vn ieu

142.0 680.0 1039.0 57.0 d eſchets, où les pions, mattent ſouuent les Rois,

144.0 734.0 1041.0 59.0 prenent les Cheualiers: les Roynes, forcent les

145.0 793.0 1039.0 66.0 Rocques, & chaſteaux, par ſois les fols qu’on lo¬

147.0 851.0 1035.0 64.0 ge pres des Rois, font auſsi eux-meſmes l’office,

141.0 909.0 635.0 62.0 ou iouent au Roy deſpouillé.

335.0 84.0 586.0 49.0 DIALOGVE II.

142.0 967.0 1043.0 65.0 L’hiſt. Il eſt certain. L’autre diſoit que tous les

142.0 1032.0 1044.0 51.0 dieux iouent des hommes à la pelote, les eſleuant

147.0 1093.0 1038.0 64.0 pour s’en mocquer, toſt apres les iettant par ter¬

141.0 1151.0 1045.0 56.0 re: mais en ce fait-cy dont nous parlons, c’eſt vne

141.0 1203.0 1044.0 62.0 choſe treſ-certaine, que le Dieu des dieux, ſouue¬

142.0 1262.0 1039.0 57.0 rain Dieu des armees, & batailles par ſon treſſe¬

141.0 1324.0 1043.0 62.0 cret iugement, ayant retité les meilleurs, a affady

141.0 1381.0 1041.0 62.0 le cœur des autres arcs boutans, ainſi qu’il ſem¬

142.0 1438.0 1040.0 63.0 bloit, de toute l’Egliſe Françoiſe: la dis-ie oſté en

142.0 1498.0 1030.0 62.0 tierement à la Nobleſſe, (qu’on appelle) & là dõ¬

142.0 1556.0 1038.0 62.0 né & fait à croire aux petits & humiliez: à fin qu’à

142.0 1617.0 1036.0 59.0 ſon accouſtumee, par les choſes foibles, & baſſes,

141.0 1675.0 1040.0 55.0 il confondiſt les fortes, & hautaines: & que par là

148.0 1734.0 1033.0 63.0 toute la gloire, & honneur de la deliurance de ſes

141.0 1791.0 472.0 60.0 enfans luy fuſt rendu.

1112.0 78.0 57.0 61.0 69

142.0 1851.0 1038.0 62.0 Le pol. C’eſt tresbien dit. Et pour certain, qui ne

144.0 1909.0 1032.0 64.0 Ie voit eſt bien aueugle. Dieu a beſogné puiſſam¬

147.0 1970.0 1031.0 63.0 ment (ce dit la Vierge, au L. de S. Luc)par ſon bras

917.0 2037.0 110.0 50.0 e.iii.
