1407 2450
121.0 200.0 1006.0 61.0 auant vers toy & en arriere qui teuienent ie n'en

141.0 261.0 497.0 58.0 voy pas ſeulement vne.

303 119 594 70 DIALOGVE III.

183.0 311.0 952.0 63.0 L'hiſt. Si feu monſieur l'hmiral euſt ſceu:

125.0 374.0 1006.0 65.0 ce conte & qu’il euſt parlé en regnard, Il nous

125.0 431.0 1008.0 63.0 en euſt à tous mieux pris? Mais la brebis com¬

128.0 494.0 1005.0 58.0 me tu ſcay, ne ſcait rien faire que beeler, & ne

126.0 549.0 1007.0 64.0 ſcachant auec lès loups hurler pour deſguiſer ſa

126.0 608.0 1012.0 65.0 voix, elle n’a garde d’eſchapper. Mais quant à

125.0 668.0 746.0 60.0 ces autres Courtiſans: quel remede?

179.0 724.0 958.0 65.0 Quand ces miſerables voyans reluire le thre¬

129.0 785.0 1002.0 62.0 ſor du tyran, qu’il tire de la ſueur du peuple,

128.0 843.0 1014.0 62.0 & de la deſpouille des bons, regardent tous e¬

126.0 901.0 1019.0 59.0 ſtonnez les rayons de ſa brauerie: & allechez de

126.0 960.0 1016.0 64.0 ceſte clarté s’approchent de luy, ſans regarder

129.0 1019.0 1013.0 65.0 qu’ils ſe mettent dans la flamme qui ne peut fail

129.0 1078.0 392.0 53.0 lir à les conſumer,

1040.0 122.0 67.0 79.0 175

186.0 1133.0 956.0 64.0 Ainſi le Satyre indiſcret voyant, comme di¬

128.0 1192.0 1025.0 65.0 ſent les fables anciennes, eſclairer le ſeu trou¬

132.0 1250.0 1027.0 66.0 ué par Promethee, le trouua ſi beau qu’il l’allæ

133.0 1312.0 443.0 54.0 baiſer & s’y bruſler.

189.0 1365.0 959.0 69.0 Ainſi le Papillon qui eſpere iouyr de quel¬

132.0 1425.0 1027.0 66.0 que grand plaiſir ſe met au feu de la chandelles

134.0 1486.0 1026.0 67.0 qu’il voit eſtre clait & luyſant, eſprouuant eu

133.0 1547.0 768.0 60.0 iceluy ſon autre vertu qui le brufle.

197.0 1603.0 958.0 63.0 C’eſt vne choſe bien certaine que ces co¬

133.0 1661.0 1023.0 66.0 quins mendie-faueurs ſouffrent vne peine in¬

133.0 1720.0 1030.0 67.0 credible, à qui y regarde de pres: eſtans con¬

136.0 1778.0 1028.0 66.0 trains d’eſtre nuict & iour apres à ſonger pour

138.0 1838.0 1030.0 66.0 plaire au tyran, & ſe rompre, ſe tuer, & tra¬

134.0 1900.0 1026.0 58.0 uailler pour inuenter nouueaux moyens de tra¬

137.0 1953.0 1019.0 68.0 bir, de tuer, de paillarder, de piller, de deſro¬

137.0 2014.0 1026.0 71.0 ber, & qu’ils laiſſeut leur gouſt pour le ſien,

898.0 2082.0 130.0 48.0 m a
