<?xml version="1.0" encoding="UTF-8"?>
<alto xmlns:xsi="http://www.w3.org/2001/XMLSchema-instance"
      xmlns="http://www.loc.gov/standards/alto/ns-v4#"
      xsi:schemaLocation="http://www.loc.gov/standards/alto/ns-v4# http://www.loc.gov/standards/alto/v4/alto-4-2.xsd">
  <Description>
    <MeasurementUnit>pixel</MeasurementUnit>
    <sourceImageInformation>
      <fileName>page_00232.png</fileName>
      <fileIdentifier>mets//page_00205.zip/page_00232.png</fileIdentifier>
    </sourceImageInformation>
  </Description>
  <Tags>
    <OtherTag ID="BT7" LABEL="CustomZone" DESCRIPTION="block type CustomZone"/><OtherTag ID="BT8" LABEL="DamageZone" DESCRIPTION="block type DamageZone"/><OtherTag ID="BT9" LABEL="DigitizationArtefactZone" DESCRIPTION="block type DigitizationArtefactZone"/><OtherTag ID="BT10" LABEL="DropCapitalZone" DESCRIPTION="block type DropCapitalZone"/><OtherTag ID="BT11" LABEL="GraphicZone" DESCRIPTION="block type GraphicZone"/><OtherTag ID="BT12" LABEL="MainZone" DESCRIPTION="block type MainZone"/><OtherTag ID="BT13" LABEL="MarginTextZone" DESCRIPTION="block type MarginTextZone"/><OtherTag ID="BT14" LABEL="MusicZone" DESCRIPTION="block type MusicZone"/><OtherTag ID="BT15" LABEL="NumberingZone" DESCRIPTION="block type NumberingZone"/><OtherTag ID="BT17" LABEL="QuireMarksZone" DESCRIPTION="block type QuireMarksZone"/><OtherTag ID="BT18" LABEL="RunningTitleZone" DESCRIPTION="block type RunningTitleZone"/><OtherTag ID="BT19" LABEL="SealZone" DESCRIPTION="block type SealZone"/><OtherTag ID="BT20" LABEL="StampZone" DESCRIPTION="block type StampZone"/><OtherTag ID="BT21" LABEL="TableZone" DESCRIPTION="block type TableZone"/><OtherTag ID="BT22" LABEL="TitlePageZone" DESCRIPTION="block type TitlePageZone"/><OtherTag ID="BT100001" LABEL="MainZone-Head" DESCRIPTION="block type MainZone-Head"/><OtherTag ID="BT100005" LABEL="MainZone-P" DESCRIPTION="block type MainZone-P"/><OtherTag ID="BT100008" LABEL="MainZone-Sp" DESCRIPTION="block type MainZone-Sp"/><OtherTag ID="BT100006" LABEL="MainZone-Continued" DESCRIPTION="block type MainZone-Continued"/><OtherTag ID="BT100011" LABEL="MainZone-Entry" DESCRIPTION="block type MainZone-Entry"/><OtherTag ID="BT100010" LABEL="MainZone-Other" DESCRIPTION="block type MainZone-Other"/><OtherTag ID="BT100002" LABEL="MainZone-Lg" DESCRIPTION="block type MainZone-Lg"/>
    <OtherTag ID="LT7" LABEL="CustomLine" DESCRIPTION="line type CustomLine"/><OtherTag ID="LT8" LABEL="DefaultLine" DESCRIPTION="line type DefaultLine"/><OtherTag ID="LT9" LABEL="DropCapitalLine" DESCRIPTION="line type DropCapitalLine"/><OtherTag ID="LT10" LABEL="HeadingLine" DESCRIPTION="line type HeadingLine"/><OtherTag ID="LT11" LABEL="InterlinearLine" DESCRIPTION="line type InterlinearLine"/><OtherTag ID="LT12" LABEL="MusicLine" DESCRIPTION="line type MusicLine"/><OtherTag ID="LT764" LABEL="default" DESCRIPTION="line type default"/>
  </Tags>
  <Layout>
    <Page WIDTH="1424"
          HEIGHT="2420"
          PHYSICAL_IMG_NR="32"
          ID="eSc_dummypage_">
      <PrintSpace HPOS="0"
                  VPOS="0"
                  WIDTH="1424"
                  HEIGHT="2420">
        <TextBlock HPOS="149.0"
                   VPOS="133.0"
                   WIDTH="1031.0"
                   HEIGHT="1402.0"
                   ID="eSc_textblock_9d040e05"
                   TAGREFS="BT100006">
          <Shape><Polygon POINTS="149 136 149 1535 1180 1522 1178 133"/></Shape>
          <TextLine ID="line_2"
                    TAGREFS="LT8"
                    BASELINE="150 170 1176 165" 
                    HPOS="149.0"
                    VPOS="119.0"
                    WIDTH="1027.0"
                    HEIGHT="62.0">
            <Shape><Polygon POINTS="150 170 150 181 1175 178 1176 165 1175 125 1156 119 1155 119 1153 119 1152 119 1151 119 1145 125 1136 133 1114 133 1087 126 1059 119 1058 119 1056 119 1055 119 1048 126 1040 133 919 133 914 127 904 121 903 121 902 121 876 121 875 121 874 121 872 121 863 129 856 134 812 134 806 129 796 121 794 121 793 121 754 121 753 121 751 121 750 121 740 129 719 121 718 121 716 121 715 121 714 121 701 130 700 131 699 130 680 121 679 121 677 121 676 121 675 121 662 131 660 134 649 131 613 122 611 122 610 122 609 122 582 133 578 134 574 133 555 122 554 122 552 122 551 122 516 131 478 122 477 122 476 122 474 122 473 122 458 134 457 135 337 135 336 135 322 123 321 123 320 123 225 123 224 123 223 123 221 123 207 134 164 130 162 130 161 130 149 135 150 170"/></Shape>
	    <String CONTENT="ne laiſſent pas d’eſtre inuiolables: Et toutefois ſi"
                    HPOS="149.0"
                    VPOS="119.0"
                    WIDTH="1027.0"
                    HEIGHT="62.0"
                    WC="0.9958915114402771"></String>
          </TextLine>
          <TextLine ID="line_3"
                    TAGREFS="LT8"
                    BASELINE="153 228 1175 223" 
                    HPOS="151.0"
                    VPOS="194.0"
                    WIDTH="1024.0"
                    HEIGHT="45.0">
            <Shape><Polygon POINTS="1160 198 1146 198 1133 198 1120 198 1106 198 1093 198 1079 198 1066 198 1052 198 1039 198 1025 198 1012 198 999 198 985 198 972 198 958 198 945 198 931 198 918 198 904 198 891 198 878 198 864 198 851 198 837 198 831 198 824 198 810 198 797 198 783 198 770 198 757 198 743 198 730 198 716 198 703 198 689 198 676 198 670 198 661 200 658 198 649 198 636 198 622 198 609 198 595 198 582 198 566 200 533 198 528 198 515 198 501 198 488 198 474 198 461 198 447 198 434 198 420 198 407 198 393 198 387 198 379 201 365 198 353 198 340 198 326 198 313 198 299 198 286 198 272 198 259 198 246 198 232 198 219 198 205 198 192 198 189 194 162 194 161 194 160 194 158 194 151 198 153 228 153 239 1173 233 1175 223 1172 198 1160 198"/></Shape>
	    <String CONTENT="on tenoit leurs maiſtres, on les traiteroit hoſti¬"
                    HPOS="151.0"
                    VPOS="194.0"
                    WIDTH="1024.0"
                    HEIGHT="45.0"
                    WC="0.9879179763793945"></String>
          </TextLine>
          <TextLine ID="line_4"
                    TAGREFS="LT8"
                    BASELINE="151 286 1179 283" 
                    HPOS="150.0"
                    VPOS="242.0"
                    WIDTH="1029.0"
                    HEIGHT="61.0">
            <Shape><Polygon POINTS="151 286 151 295 461 295 465 295 501 303 502 303 631 297 661 303 662 303 664 303 665 303 696 295 703 294 712 295 739 299 740 299 857 295 899 294 906 295 931 301 933 301 1177 294 1179 283 1176 250 1144 242 1142 242 1141 242 1126 250 1117 255 1030 255 1021 250 1009 242 1008 242 1007 242 1005 242 1004 242 978 248 935 242 934 242 933 242 913 251 908 252 906 251 895 242 894 242 892 242 868 242 867 242 865 242 864 242 853 251 852 252 771 254 763 251 736 242 735 242 734 242 732 242 731 242 719 251 715 255 654 255 645 252 605 243 603 243 602 243 579 252 572 256 502 256 496 252 471 243 470 243 469 243 467 243 466 243 454 252 450 256 411 256 407 254 393 243 392 243 391 243 340 243 338 243 337 243 336 243 322 254 320 256 199 256 194 254 162 243 161 243 160 243 158 243 157 243 157 244 150 250 151 286"/></Shape>
	    <String CONTENT="lement: Mais le priuilege des ambaſſadeurs eſt"
                    HPOS="150.0"
                    VPOS="242.0"
                    WIDTH="1029.0"
                    HEIGHT="61.0"
                    WC="0.9981050439502882"></String>
          </TextLine>
          <TextLine ID="line_5"
                    TAGREFS="LT8"
                    BASELINE="150 344 1176 341" 
                    HPOS="149.0"
                    VPOS="301.0"
                    WIDTH="1027.0"
                    HEIGHT="63.0">
            <Shape><Polygon POINTS="150 344 150 354 558 354 560 354 648 364 649 364 707 354 718 363 719 363 720 363 722 364 771 364 771 363 810 353 814 353 875 353 876 353 887 363 888 363 890 363 891 363 1048 353 1051 353 1052 353 1114 363 1116 363 1175 352 1176 341 1173 314 1120 314 1083 301 1082 301 1081 301 1079 301 1054 313 1040 301 1039 301 1038 301 996 301 995 301 993 301 992 301 977 314 865 314 610 314 609 314 592 302 591 302 590 302 588 302 587 302 555 310 525 302 524 302 523 302 521 302 520 302 505 314 482 314 471 314 470 314 437 302 435 302 434 302 432 302 431 302 415 314 415 315 354 315 354 314 322 302 321 302 246 302 244 302 243 302 242 302 228 313 162 302 161 302 160 302 158 302 158 303 149 310 150 344"/></Shape>
	    <String CONTENT="fondé ſur vn droict de gens, par ce que s’il n’y a¬"
                    HPOS="149.0"
                    VPOS="301.0"
                    WIDTH="1027.0"
                    HEIGHT="63.0"
                    WC="0.9993081448169855"></String>
          </TextLine>
          <TextLine ID="line_6"
                    TAGREFS="LT8"
                    BASELINE="149 401 1173 404" 
                    HPOS="147.0"
                    VPOS="360.0"
                    WIDTH="1026.0"
                    HEIGHT="62.0">
            <Shape><Polygon POINTS="149 401 147 410 162 418 164 418 165 418 640 414 699 422 700 422 779 414 939 414 958 422 960 422 961 422 1038 414 1160 422 1161 422 1163 422 1164 422 1172 414 1173 404 1173 373 1099 372 1086 361 1085 361 1083 361 1082 361 1001 372 997 372 976 372 941 372 919 361 918 361 890 361 888 361 887 361 886 361 868 372 867 373 751 373 748 372 719 361 718 361 716 361 673 372 668 372 497 372 496 371 474 360 473 360 471 360 470 360 450 368 441 360 439 360 438 360 363 360 361 360 360 360 359 360 345 371 344 372 311 372 309 371 268 360 267 360 266 360 264 360 263 360 250 371 248 371 149 371 149 401"/></Shape>
	    <String CONTENT="uoit franchiſe &amp; immunité pour telles perſõnes,"
                    HPOS="147.0"
                    VPOS="360.0"
                    WIDTH="1026.0"
                    HEIGHT="62.0"
                    WC="0.9886110072233238"></String>
          </TextLine>
          <TextLine ID="line_7"
                    TAGREFS="LT8"
                    BASELINE="151 461 1179 461" 
                    HPOS="151.0"
                    VPOS="420.0"
                    WIDTH="1028.0"
                    HEIGHT="53.0">
            <Shape><Polygon POINTS="151 461 151 471 1176 473 1179 461 1177 420 1152 420 1151 420 1149 420 1148 420 1133 432 974 432 946 423 939 420 938 420 937 420 935 420 934 420 931 423 921 432 883 432 852 423 840 420 839 420 837 420 836 420 826 424 809 431 693 431 681 426 669 420 668 420 630 420 629 420 627 420 614 426 603 432 535 432 494 427 415 420 414 420 412 420 411 420 400 428 400 430 348 431 336 430 285 420 283 420 282 420 255 431 252 432 151 432 151 461"/></Shape>
	    <String CONTENT="toute ſeureté humaine ſeroit perdue, &amp; ceux meſ"
                    HPOS="151.0"
                    VPOS="420.0"
                    WIDTH="1028.0"
                    HEIGHT="53.0"
                    WC="0.9756233046452204"></String>
          </TextLine>
          <TextLine ID="line_8"
                    TAGREFS="LT8"
                    BASELINE="150 521 1173 518" 
                    HPOS="149.0"
                    VPOS="477.0"
                    WIDTH="1024.0"
                    HEIGHT="60.0">
            <Shape><Polygon POINTS="150 521 150 531 297 537 298 537 299 537 325 531 328 531 562 531 563 531 609 537 610 537 673 529 683 529 896 529 899 529 926 536 927 536 929 536 1094 529 1144 536 1145 536 1146 536 1173 528 1173 518 1172 489 1145 477 1144 477 1142 477 1141 477 1116 489 1069 489 1051 477 1050 477 1048 477 1005 477 1004 477 1003 477 984 486 966 477 965 477 931 477 930 477 929 477 927 477 914 488 738 488 707 477 705 477 704 477 703 477 701 477 688 489 558 489 535 478 533 478 532 478 482 486 471 478 470 478 469 478 432 478 431 478 430 478 428 478 416 489 372 489 350 478 349 478 299 478 298 478 297 478 295 478 282 490 149 490 150 521"/></Shape>
	    <String CONTENT="mes qui les oſſenſeroyent ſont intereſſez à les cõ¬"
                    HPOS="149.0"
                    VPOS="477.0"
                    WIDTH="1024.0"
                    HEIGHT="60.0"
                    WC="0.9869452771150841"></String>
          </TextLine>
          <TextLine ID="line_9"
                    TAGREFS="LT8"
                    BASELINE="150 579 1155 579" 
                    HPOS="150.0"
                    VPOS="539.0"
                    WIDTH="1005.0"
                    HEIGHT="51.0">
            <Shape><Polygon POINTS="150 579 150 590 1155 590 1155 579 1155 551 1060 548 1043 539 1042 539 1040 539 997 548 952 539 950 539 949 539 947 539 937 547 857 543 856 543 829 548 821 551 797 551 794 548 783 539 782 539 781 539 779 539 740 548 738 548 734 548 679 539 677 539 676 539 675 539 664 548 617 551 247 551 225 545 193 539 192 539 150 544 150 579"/></Shape>
	    <String CONTENT="ſeruer, autrement on en feroit autant des leurs."
                    HPOS="150.0"
                    VPOS="539.0"
                    WIDTH="1005.0"
                    HEIGHT="51.0"
                    WC="0.9824002000192801"></String>
          </TextLine>
          <TextLine ID="line_10"
                    TAGREFS="LT8"
                    BASELINE="150 638 1175 635" 
                    HPOS="149.0"
                    VPOS="591.0"
                    WIDTH="1026.0"
                    HEIGHT="57.0">
            <Shape><Polygon POINTS="150 638 150 648 1173 645 1175 635 1172 606 992 606 974 591 973 591 972 591 892 591 891 591 890 591 888 591 878 600 861 591 860 591 859 591 857 591 833 602 820 591 818 591 817 591 794 591 793 591 792 591 750 605 693 591 692 591 691 591 646 606 642 606 484 606 482 606 466 592 465 592 463 592 462 592 461 592 418 603 406 592 404 592 403 592 354 592 353 592 352 592 318 606 315 606 313 606 266 592 264 592 263 592 262 592 260 592 244 606 243 607 197 607 194 606 164 592 162 592 161 592 160 592 158 592 158 594 149 600 150 638"/></Shape>
	    <String CONTENT="Les Conſuls Romains reſpondirẽt à Hanno am¬"
                    HPOS="149.0"
                    VPOS="591.0"
                    WIDTH="1026.0"
                    HEIGHT="57.0"
                    WC="0.9914626942740546"></String>
          </TextLine>
          <TextLine ID="line_11"
                    TAGREFS="LT8"
                    BASELINE="149 697 1173 695" 
                    HPOS="147.0"
                    VPOS="652.0"
                    WIDTH="1026.0"
                    HEIGHT="63.0">
            <Shape><Polygon POINTS="149 697 149 707 379 707 383 707 424 715 426 715 427 715 447 707 449 707 543 707 547 707 645 715 646 715 648 715 665 707 666 705 680 705 763 713 765 713 861 705 872 705 977 705 1124 705 1161 713 1163 713 1164 713 1165 713 1173 705 1173 695 1171 665 1120 664 1106 652 1105 652 1103 652 1062 652 1060 652 1059 652 1058 652 1040 662 1038 665 917 665 910 661 884 652 883 652 882 652 880 652 857 661 851 665 681 665 662 660 641 653 640 653 638 653 637 653 625 658 611 665 595 658 582 653 580 653 579 653 556 658 528 665 510 657 500 653 498 653 473 653 471 653 470 653 469 653 463 657 451 665 420 657 407 653 406 653 404 653 403 653 395 656 372 665 314 665 297 656 293 653 291 653 290 653 289 653 281 656 264 660 233 654 221 653 220 653 219 653 217 653 216 654 205 662 147 654 149 697"/></Shape>
	    <String CONTENT="baſſadeur des Carthaginiens, que leurs maiſtres"
                    HPOS="147.0"
                    VPOS="652.0"
                    WIDTH="1026.0"
                    HEIGHT="63.0"
                    WC="0.9873609745756109"></String>
          </TextLine>
          <TextLine ID="line_12"
                    TAGREFS="LT8"
                    BASELINE="149 756 1175 754" 
                    HPOS="147.0"
                    VPOS="713.0"
                    WIDTH="1028.0"
                    HEIGHT="61.0">
            <Shape><Polygon POINTS="149 756 149 766 281 766 320 774 321 774 322 774 346 764 349 764 357 764 439 774 441 774 442 774 458 764 459 764 474 764 572 770 574 770 654 764 681 763 695 764 755 773 757 773 817 764 820 764 931 764 933 764 970 773 972 773 1012 764 1013 764 1069 773 1070 773 1173 763 1175 754 1172 723 1138 723 1128 713 1126 713 1125 713 1124 713 1122 713 1097 721 1051 713 1050 713 1011 721 942 713 941 713 939 713 922 721 888 713 887 713 886 713 884 713 861 721 825 713 824 713 822 713 821 713 813 721 755 721 732 713 731 713 730 713 654 723 591 715 590 715 588 715 563 724 277 724 244 715 243 715 242 715 240 715 224 723 182 717 181 717 147 724 149 756"/></Shape>
	    <String CONTENT="meritoyent qu’on ne leur tint point la ſoy nõ plus"
                    HPOS="147.0"
                    VPOS="713.0"
                    WIDTH="1028.0"
                    HEIGHT="61.0"
                    WC="0.9984141775206024"></String>
          </TextLine>
          <TextLine ID="line_13"
                    TAGREFS="LT8"
                    BASELINE="149 814 1176 812" 
                    HPOS="147.0"
                    VPOS="770.0"
                    WIDTH="1029.0"
                    HEIGHT="54.0">
            <Shape><Polygon POINTS="149 814 149 824 1175 821 1176 812 1173 782 977 782 956 770 954 770 882 770 880 770 879 770 857 779 847 770 845 770 844 770 818 770 817 770 816 770 781 782 684 782 665 770 664 770 662 770 661 770 610 771 609 771 583 783 363 783 346 775 345 775 344 775 342 775 341 775 332 782 314 771 313 771 311 771 310 771 267 778 211 771 209 771 147 783 149 814"/></Shape>
	    <String CONTENT="qu’ils l’auoyent tenue à leurs ambaſſadeurs: mais"
                    HPOS="147.0"
                    VPOS="770.0"
                    WIDTH="1029.0"
                    HEIGHT="54.0"
                    WC="0.9992005574703217"></String>
          </TextLine>
          <TextLine ID="line_14"
                    TAGREFS="LT8"
                    BASELINE="147 873 1176 869" 
                    HPOS="146.0"
                    VPOS="832.0"
                    WIDTH="1030.0"
                    HEIGHT="59.0">
            <Shape><Polygon POINTS="147 873 147 880 375 883 389 891 391 891 392 891 447 883 617 890 618 890 701 880 707 880 782 880 783 880 793 887 794 887 796 887 797 887 836 880 845 879 989 879 997 880 1044 888 1046 888 1124 881 1164 888 1165 888 1167 888 1168 888 1176 880 1176 869 1173 840 1128 832 1126 832 1125 832 1108 840 1106 840 1062 840 787 833 786 833 785 833 783 833 775 840 773 841 744 840 654 834 653 834 603 840 588 841 560 840 481 836 480 836 427 840 398 842 391 840 377 834 376 834 375 834 342 840 328 844 209 844 204 840 196 834 194 834 193 834 192 834 146 840 147 873"/></Shape>
	    <String CONTENT="ils ne vouloyent pas punir au ſeruiteur ce que le"
                    HPOS="146.0"
                    VPOS="832.0"
                    WIDTH="1030.0"
                    HEIGHT="59.0"
                    WC="0.9969896394379285"></String>
          </TextLine>
          <TextLine ID="line_15"
                    TAGREFS="LT8"
                    BASELINE="147 933 1175 929" 
                    HPOS="146.0"
                    VPOS="888.0"
                    WIDTH="1029.0"
                    HEIGHT="62.0">
            <Shape><Polygon POINTS="147 933 147 941 165 947 166 947 168 947 465 941 506 950 508 950 509 950 510 950 523 941 552 941 638 950 640 950 641 950 675 939 831 945 832 945 833 945 848 938 856 938 1101 949 1102 949 1103 949 1121 941 1157 947 1159 947 1160 947 1161 947 1175 937 1175 929 1171 898 977 899 976 898 964 888 962 888 961 888 863 888 861 888 860 888 859 888 847 899 845 900 610 900 588 894 587 894 586 894 504 900 465 891 463 891 462 891 461 891 442 900 315 902 275 891 274 891 219 891 217 891 216 891 215 891 200 902 173 896 172 896 170 896 146 903 147 933"/></Shape>
	    <String CONTENT="maiſtre meritoit, non pour autre choſe que pour"
                    HPOS="146.0"
                    VPOS="888.0"
                    WIDTH="1029.0"
                    HEIGHT="62.0"
                    WC="0.9957771859270461"></String>
          </TextLine>
          <TextLine ID="line_16"
                    TAGREFS="LT8"
                    BASELINE="147 993 1175 986" 
                    HPOS="146.0"
                    VPOS="941.0"
                    WIDTH="1029.0"
                    HEIGHT="70.0">
            <Shape><Polygon POINTS="147 993 147 1000 322 1011 324 1011 325 1011 352 1000 354 1000 360 1000 416 1009 418 1009 556 1000 587 998 636 1000 750 1004 751 1004 753 1004 762 1000 767 997 775 1000 796 1006 797 1006 798 1008 828 1008 828 1006 829 1006 831 1006 839 1000 843 997 915 1000 1071 1005 1073 1005 1175 998 1175 986 1173 946 1165 941 1164 941 1163 941 1161 941 1160 941 1159 941 1149 947 1138 957 1062 957 1044 949 1023 941 1021 941 1020 941 1019 941 1017 941 1004 950 995 955 986 950 972 941 970 941 969 941 968 941 966 941 941 950 925 957 913 950 895 942 894 942 892 942 891 942 890 942 879 951 871 958 837 958 814 951 777 942 775 942 774 942 773 942 771 942 759 953 755 957 695 957 688 953 673 943 672 943 670 943 637 943 636 943 634 943 633 943 621 953 609 943 607 943 606 943 558 943 556 943 555 943 554 943 536 954 527 961 466 961 450 955 412 945 411 945 354 945 353 945 352 945 350 945 337 957 334 959 285 961 268 958 219 946 217 946 216 946 215 946 197 958 193 961 188 958 161 946 160 946 158 946 157 946 155 946 155 947 146 954 147 993"/></Shape>
	    <String CONTENT="la foy publique. D’ailleurs il y a des faicts, qui"
                    HPOS="146.0"
                    VPOS="941.0"
                    WIDTH="1029.0"
                    HEIGHT="70.0"
                    WC="0.9987920880317688"></String>
          </TextLine>
          <TextLine ID="line_17"
                    TAGREFS="LT8"
                    BASELINE="149 1050 1173 1044" 
                    HPOS="147.0"
                    VPOS="1002.0"
                    WIDTH="1026.0"
                    HEIGHT="58.0">
            <Shape><Polygon POINTS="149 1050 149 1060 1172 1055 1173 1044 1171 1016 1130 1016 1130 1015 1114 1002 1113 1002 1112 1002 1110 1002 1109 1002 1079 1015 1064 1015 917 1015 904 1004 903 1004 902 1004 900 1004 825 1015 813 1017 766 1017 763 1015 747 1004 746 1004 744 1004 692 1004 691 1004 689 1004 688 1004 675 1015 673 1016 665 1015 619 1005 618 1005 556 1015 535 1019 458 1019 451 1015 431 1005 430 1005 428 1005 353 1006 352 1006 334 1015 324 1020 200 1020 193 1015 184 1006 182 1006 181 1006 180 1006 147 1013 149 1050"/></Shape>
	    <String CONTENT="lont excuſables voire louables aux ſeruiteurs, fre¬"
                    HPOS="147.0"
                    VPOS="1002.0"
                    WIDTH="1026.0"
                    HEIGHT="58.0"
                    WC="0.9868298558627858"></String>
          </TextLine>
          <TextLine ID="line_18"
                    TAGREFS="LT8"
                    BASELINE="147 1110 1173 1103" 
                    HPOS="146.0"
                    VPOS="1060.0"
                    WIDTH="1027.0"
                    HEIGHT="61.0">
            <Shape><Polygon POINTS="147 1110 147 1119 966 1121 968 1121 1172 1113 1173 1103 1171 1067 1099 1060 1098 1060 1097 1060 1095 1060 1087 1067 1086 1068 1083 1067 1075 1060 1074 1060 1073 1060 1043 1060 1042 1060 1040 1060 1039 1060 1030 1068 1025 1072 997 1072 992 1068 974 1060 973 1060 972 1060 942 1062 941 1062 939 1062 931 1070 927 1071 925 1070 914 1062 913 1062 911 1062 910 1062 908 1062 876 1070 875 1070 865 1062 864 1062 863 1062 812 1062 810 1062 809 1062 808 1062 797 1071 794 1074 508 1075 502 1074 465 1064 463 1064 462 1064 420 1072 392 1064 391 1064 389 1064 388 1064 387 1064 373 1075 293 1066 291 1066 290 1066 262 1076 262 1078 146 1078 147 1110"/></Shape>
	    <String CONTENT="res, enfans &amp; ſemmes pour vne ſidelité &amp; affectiõ"
                    HPOS="146.0"
                    VPOS="1060.0"
                    WIDTH="1027.0"
                    HEIGHT="61.0"
                    WC="0.9870829254973168"></String>
          </TextLine>
          <TextLine ID="line_19"
                    TAGREFS="LT8"
                    BASELINE="147 1168 1175 1162" 
                    HPOS="146.0"
                    VPOS="1119.0"
                    WIDTH="1029.0"
                    HEIGHT="58.0">
            <Shape><Polygon POINTS="147 1168 147 1177 1173 1177 1175 1162 1172 1133 1106 1133 1077 1119 1075 1119 1074 1119 1073 1119 1071 1119 1052 1133 949 1133 919 1119 918 1119 917 1119 915 1119 879 1133 812 1121 810 1121 809 1121 785 1134 708 1134 670 1121 669 1121 668 1121 666 1121 640 1136 609 1136 592 1122 591 1122 590 1122 588 1122 587 1122 544 1136 497 1136 477 1122 476 1122 474 1122 437 1122 435 1122 434 1122 402 1136 372 1123 371 1123 369 1123 368 1123 345 1136 326 1123 325 1123 324 1123 277 1123 275 1123 274 1123 242 1136 162 1123 161 1123 160 1123 158 1123 158 1125 146 1134 147 1168"/></Shape>
	    <String CONTENT="ſeruiable &amp; officieuſe, qui toutefois ſeroyent bien"
                    HPOS="146.0"
                    VPOS="1119.0"
                    WIDTH="1029.0"
                    HEIGHT="58.0"
                    WC="0.996270450891233"></String>
          </TextLine>
          <TextLine ID="line_20"
                    TAGREFS="LT8"
                    BASELINE="150 1227 1173 1222" 
                    HPOS="149.0"
                    VPOS="1181.0"
                    WIDTH="1024.0"
                    HEIGHT="62.0">
            <Shape><Polygon POINTS="150 1227 150 1243 978 1232 995 1232 1110 1239 1112 1239 1173 1230 1173 1222 1171 1192 984 1181 982 1181 935 1191 918 1181 917 1181 915 1181 914 1181 882 1193 730 1193 695 1183 693 1183 692 1183 691 1183 689 1183 677 1193 523 1193 432 1184 431 1184 430 1184 410 1195 274 1195 236 1185 235 1185 233 1185 149 1196 150 1227"/></Shape>
	    <String CONTENT="punis aux maiſtres, peres &amp; meres. Les hiſtoires"
                    HPOS="149.0"
                    VPOS="1181.0"
                    WIDTH="1024.0"
                    HEIGHT="62.0"
                    WC="0.9896079351504644"></String>
          </TextLine>
          <TextLine ID="line_21"
                    TAGREFS="LT8"
                    BASELINE="149 1283 1172 1278" 
                    HPOS="147.0"
                    VPOS="1238.0"
                    WIDTH="1025.0"
                    HEIGHT="60.0">
            <Shape><Polygon POINTS="149 1283 149 1294 1063 1297 1064 1297 1066 1297 1067 1297 1075 1290 1083 1297 1085 1297 1086 1297 1087 1298 1146 1298 1146 1297 1148 1297 1172 1289 1172 1278 1169 1251 1125 1250 1112 1238 1110 1238 1109 1238 1108 1238 1106 1238 1073 1251 899 1251 743 1239 742 1239 740 1239 712 1251 615 1240 614 1240 613 1240 611 1240 598 1253 555 1253 508 1240 506 1240 505 1240 504 1240 502 1240 490 1251 453 1254 359 1254 328 1242 326 1242 325 1242 324 1242 289 1253 275 1242 274 1242 272 1242 242 1242 240 1242 239 1242 208 1254 173 1242 172 1242 170 1242 169 1242 168 1242 147 1253 149 1283"/></Shape>
	    <String CONTENT="des ſeruiteurs qui ont hazardé leur vie pour ſau¬"
                    HPOS="147.0"
                    VPOS="1238.0"
                    WIDTH="1025.0"
                    HEIGHT="60.0"
                    WC="0.9973901522159576"></String>
          </TextLine>
          <TextLine ID="line_22"
                    TAGREFS="LT8"
                    BASELINE="150 1344 1169 1340" 
                    HPOS="149.0"
                    VPOS="1297.0"
                    WIDTH="1020.0"
                    HEIGHT="58.0">
            <Shape><Polygon POINTS="150 1344 150 1353 1167 1355 1169 1340 1167 1310 1035 1310 1003 1297 1001 1297 1000 1297 999 1297 997 1297 982 1309 892 1309 859 1297 857 1297 856 1297 855 1297 853 1297 840 1309 808 1310 785 1298 783 1298 757 1298 755 1298 754 1298 753 1298 736 1309 715 1298 714 1298 712 1298 711 1298 681 1310 641 1298 640 1298 592 1298 591 1298 590 1298 588 1298 570 1312 450 1312 418 1300 416 1300 415 1300 414 1300 412 1300 399 1310 385 1300 384 1300 383 1300 381 1300 380 1300 340 1312 307 1300 306 1300 305 1300 303 1300 270 1312 238 1300 236 1300 235 1300 233 1300 232 1300 220 1310 149 1313 150 1344"/></Shape>
	    <String CONTENT="uer la vie de leurs maiſtres iuſtemẽt condamnez,"
                    HPOS="149.0"
                    VPOS="1297.0"
                    WIDTH="1020.0"
                    HEIGHT="58.0"
                    WC="0.9895966247636445"></String>
          </TextLine>
          <TextLine ID="line_23"
                    TAGREFS="LT8"
                    BASELINE="147 1403 1173 1398" 
                    HPOS="146.0"
                    VPOS="1355.0"
                    WIDTH="1027.0"
                    HEIGHT="64.0">
            <Shape><Polygon POINTS="147 1403 147 1410 357 1419 359 1419 406 1410 560 1410 623 1418 625 1418 626 1418 627 1418 638 1411 718 1417 719 1417 720 1417 722 1417 734 1408 1160 1414 1161 1414 1163 1414 1164 1414 1173 1406 1173 1398 1169 1365 1140 1365 1138 1365 1126 1355 1125 1355 1124 1355 1082 1355 1081 1355 1079 1355 1054 1365 1042 1355 1040 1355 1039 1355 1038 1355 1036 1355 1015 1363 1005 1355 1004 1355 1003 1355 956 1355 954 1355 953 1355 952 1355 938 1367 922 1367 841 1367 839 1367 794 1356 793 1356 792 1356 790 1356 777 1365 765 1356 763 1356 762 1356 740 1356 739 1356 738 1356 712 1368 666 1368 598 1368 567 1357 566 1357 564 1357 563 1357 562 1357 549 1368 500 1368 469 1357 467 1357 466 1357 465 1357 463 1357 449 1368 375 1359 373 1359 372 1359 348 1369 311 1359 310 1359 309 1359 307 1359 306 1359 293 1371 247 1371 161 1359 160 1359 158 1359 157 1359 146 1365 147 1403"/></Shape>
	    <String CONTENT="ſont vulgaires &amp; en louange à chacun. Mais ſi les"
                    HPOS="146.0"
                    VPOS="1355.0"
                    WIDTH="1027.0"
                    HEIGHT="64.0"
                    WC="0.9924819922447204"></String>
          </TextLine>
          <TextLine ID="line_24"
                    TAGREFS="LT8"
                    BASELINE="147 1462 1168 1456" 
                    HPOS="146.0"
                    VPOS="1413.0"
                    WIDTH="1022.0"
                    HEIGHT="65.0">
            <Shape><Polygon POINTS="147 1462 147 1478 1167 1468 1168 1456 1164 1413 1056 1425 1005 1415 991 1413 989 1413 988 1413 980 1415 952 1426 900 1417 879 1414 878 1414 876 1414 875 1414 871 1418 859 1427 818 1427 794 1419 775 1414 774 1414 773 1414 771 1414 759 1419 744 1429 689 1429 673 1422 656 1415 654 1415 653 1415 652 1415 650 1415 640 1422 633 1427 627 1422 619 1415 618 1415 617 1415 567 1415 566 1415 564 1415 541 1425 533 1427 516 1425 466 1417 465 1417 463 1417 445 1426 442 1427 415 1427 329 1423 328 1423 291 1429 283 1430 279 1430 247 1418 246 1418 244 1418 243 1418 205 1431 146 1431 147 1462"/></Shape>
	    <String CONTENT="condamnez euſſent fait de meſme, ils euſſent eſté"
                    HPOS="146.0"
                    VPOS="1413.0"
                    WIDTH="1022.0"
                    HEIGHT="65.0"
                    WC="0.9956447088718414"></String>
          </TextLine>
          <TextLine ID="line_25"
                    TAGREFS="LT8"
                    BASELINE="149 1520 560 1516" 
                    HPOS="147.0"
                    VPOS="1473.0"
                    WIDTH="413.0"
                    HEIGHT="61.0">
            <Shape><Polygon POINTS="149 1520 149 1534 559 1527 560 1516 558 1489 537 1489 519 1473 517 1473 516 1473 497 1473 496 1473 494 1473 493 1473 474 1488 430 1482 428 1482 427 1482 426 1482 418 1489 306 1488 287 1474 286 1474 285 1474 283 1474 232 1476 231 1476 229 1476 211 1488 170 1476 169 1476 168 1476 166 1476 165 1476 147 1489 149 1520"/></Shape>
	    <String CONTENT="doublement punis."
                    HPOS="147.0"
                    VPOS="1473.0"
                    WIDTH="413.0"
                    HEIGHT="61.0"
                    WC="0.9998852365157184"></String>
          </TextLine>
        </TextBlock>
        <TextBlock HPOS="329.0"
                   VPOS="51.0"
                   WIDTH="575.0"
                   HEIGHT="58.0"
                   ID="block_2"
                   TAGREFS="BT18">
          <Shape><Polygon POINTS="904 51 904 109 329 109 329 51"/></Shape>
          <TextLine ID="line_0"
                    TAGREFS="LT10"
                    BASELINE="324 99 911 96" 
                    HPOS="322.0"
                    VPOS="59.0"
                    WIDTH="589.0"
                    HEIGHT="44.0">
            <Shape><Polygon POINTS="874 68 860 68 855 68 853 69 851 68 847 68 833 68 822 68 813 77 810 80 771 80 767 75 759 68 753 68 747 68 740 75 735 80 685 80 675 72 668 68 658 68 645 68 641 68 638 71 631 79 613 82 490 82 469 68 457 68 443 68 442 65 438 69 432 64 427 60 427 59 426 59 424 59 423 59 322 60 324 99 324 103 910 100 911 96 910 80 887 68"/></Shape>
	    <String CONTENT="DIAEOGVE Ils"
                    HPOS="322.0"
                    VPOS="59.0"
                    WIDTH="589.0"
                    HEIGHT="44.0"
                    WC="0.9998017102479935"></String>
          </TextLine>
        </TextBlock>
        <TextBlock HPOS="1129.0"
                   VPOS="65.0"
                   WIDTH="47.0"
                   HEIGHT="53.0"
                   ID="block_4"
                   TAGREFS="BT15">
          <Shape><Polygon POINTS="1176 65 1176 118 1129 118 1129 65"/></Shape>
          <TextLine ID="line_1"
                    TAGREFS="LT8"
                    BASELINE="1129 110 1169 107" 
                    HPOS="1125.0"
                    VPOS="68.0"
                    WIDTH="44.0"
                    HEIGHT="48.0">
            <Shape><Polygon POINTS="1152 68 1138 68 1125 68 1129 110 1129 116 1169 115 1169 107 1164 68 1152 68"/></Shape>
	    <String CONTENT="33"
                    HPOS="1125.0"
                    VPOS="68.0"
                    WIDTH="44.0"
                    HEIGHT="48.0"
                    WC="0.9999975562095642"></String>
          </TextLine>
        </TextBlock>
        <TextBlock HPOS="149.0"
                   VPOS="1535.0"
                   WIDTH="1026.0"
                   HEIGHT="474.0"
                   ID="eSc_textblock_0b4f90b5"
                   TAGREFS="BT100005">
          <Shape><Polygon POINTS="1175 2009 1172 1535 149 1545 149 2009"/></Shape>
          <TextLine ID="line_26"
                    TAGREFS="LT8"
                    BASELINE="201 1581 379 1575 1173 1577" 
                    HPOS="200.0"
                    VPOS="1531.0"
                    WIDTH="973.0"
                    HEIGHT="62.0">
            <Shape><Polygon POINTS="201 1581 200 1583 229 1593 231 1593 232 1593 282 1586 501 1593 502 1593 613 1585 937 1585 973 1591 974 1591 976 1591 993 1585 1000 1591 1001 1591 1003 1591 1004 1591 1005 1591 1019 1586 1090 1593 1091 1593 1172 1583 1173 1577 1173 1544 1148 1531 1146 1531 1145 1531 1144 1531 1108 1544 981 1544 953 1531 952 1531 950 1531 949 1531 947 1531 933 1544 856 1544 836 1531 835 1531 833 1531 806 1531 805 1531 804 1531 774 1544 727 1544 692 1531 691 1531 689 1531 688 1531 661 1543 645 1531 644 1531 642 1531 641 1531 580 1538 543 1531 541 1531 540 1531 539 1531 521 1544 442 1544 423 1531 422 1531 420 1531 419 1531 418 1531 416 1531 402 1544 333 1544 318 1531 317 1531 315 1531 291 1531 290 1531 289 1531 287 1531 271 1544 252 1544 221 1531 220 1531 219 1531 217 1531 216 1531 201 1540 201 1581"/></Shape>
	    <String CONTENT="La ſeconde qualité &amp; circonſtance de ce quela"
                    HPOS="200.0"
                    VPOS="1531.0"
                    WIDTH="973.0"
                    HEIGHT="62.0"
                    WC="0.9985309139541958"></String>
          </TextLine>
          <TextLine ID="line_27"
                    TAGREFS="LT8"
                    BASELINE="151 1638 1172 1632" 
                    HPOS="150.0"
                    VPOS="1590.0"
                    WIDTH="1022.0"
                    HEIGHT="69.0">
            <Shape><Polygon POINTS="151 1638 151 1648 181 1648 182 1648 203 1659 204 1659 205 1659 207 1659 236 1648 264 1648 283 1648 285 1648 298 1659 299 1659 301 1659 302 1659 303 1659 305 1659 320 1648 320 1646 570 1645 580 1645 680 1656 681 1656 683 1656 703 1645 704 1644 785 1644 805 1644 839 1645 852 1655 853 1655 855 1655 856 1655 1005 1645 1027 1653 1028 1653 1030 1655 1122 1655 1122 1653 1171 1641 1172 1632 1169 1602 1079 1602 1059 1591 1058 1591 1056 1591 1055 1591 1054 1591 1042 1602 923 1602 898 1590 896 1590 895 1590 894 1590 892 1590 874 1603 840 1603 820 1590 818 1590 817 1590 816 1590 814 1590 813 1590 798 1603 670 1603 603 1591 602 1591 601 1591 576 1603 519 1593 517 1593 516 1593 489 1605 476 1593 474 1593 473 1593 471 1593 411 1602 399 1593 398 1593 396 1593 354 1593 353 1593 298 1594 297 1594 259 1606 161 1599 160 1599 158 1599 157 1599 150 1603 151 1638"/></Shape>
	    <String CONTENT="royne d’Eſcoſſe eſt refugiee en Angleterre, &amp; par"
                    HPOS="150.0"
                    VPOS="1590.0"
                    WIDTH="1022.0"
                    HEIGHT="69.0"
                    WC="0.9961590815563591"></String>
          </TextLine>
          <TextLine ID="line_28"
                    TAGREFS="LT8"
                    BASELINE="151 1695 1173 1691" 
                    HPOS="150.0"
                    VPOS="1650.0"
                    WIDTH="1023.0"
                    HEIGHT="58.0">
            <Shape><Polygon POINTS="151 1695 151 1704 989 1708 991 1708 992 1708 1016 1702 1054 1708 1055 1708 1056 1708 1058 1708 1067 1702 1156 1708 1157 1708 1159 1708 1173 1700 1173 1691 1171 1663 1059 1663 1035 1650 1034 1650 1032 1650 1031 1650 1030 1650 1015 1663 982 1663 947 1650 946 1650 945 1650 943 1650 942 1650 929 1663 779 1663 714 1652 712 1652 711 1652 709 1652 695 1664 672 1664 642 1652 641 1652 640 1652 638 1652 619 1659 563 1652 562 1652 560 1652 535 1663 446 1653 445 1653 443 1653 442 1653 424 1665 313 1665 258 1653 256 1653 209 1660 186 1653 185 1653 184 1653 182 1653 150 1665 151 1695"/></Shape>
	    <String CONTENT="ainſi ne peut eſtre offenſee ſans reproche &amp; note"
                    HPOS="150.0"
                    VPOS="1650.0"
                    WIDTH="1023.0"
                    HEIGHT="58.0"
                    WC="0.9942431376904858"></String>
          </TextLine>
          <TextLine ID="line_29"
                    TAGREFS="LT8"
                    BASELINE="151 1754 1175 1750" 
                    HPOS="150.0"
                    VPOS="1707.0"
                    WIDTH="1025.0"
                    HEIGHT="63.0">
            <Shape><Polygon POINTS="151 1754 151 1762 205 1770 207 1770 267 1763 490 1770 492 1770 543 1762 774 1762 816 1769 817 1769 865 1761 902 1767 903 1767 964 1761 1164 1767 1165 1767 1167 1767 1168 1767 1168 1766 1175 1759 1175 1750 1172 1720 1095 1707 1094 1707 1093 1707 1091 1707 1077 1720 1034 1720 1016 1707 1015 1707 1013 1707 991 1707 989 1707 988 1707 986 1707 970 1720 945 1720 926 1707 925 1707 923 1707 899 1707 898 1707 896 1707 895 1707 880 1720 720 1720 691 1708 689 1708 688 1708 687 1708 685 1708 672 1720 637 1720 614 1708 613 1708 572 1708 571 1708 570 1708 568 1708 549 1722 471 1722 455 1710 454 1710 453 1710 407 1710 406 1710 404 1710 383 1722 364 1710 363 1710 361 1710 295 1710 294 1710 293 1710 291 1710 278 1720 208 1722 173 1710 172 1710 170 1710 169 1710 168 1710 150 1720 151 1754"/></Shape>
	    <String CONTENT="de perfidie, fait pareillemẽt contre elle. Car d’au"
                    HPOS="150.0"
                    VPOS="1707.0"
                    WIDTH="1025.0"
                    HEIGHT="63.0"
                    WC="0.9903041640153298"></String>
          </TextLine>
          <TextLine ID="line_30"
                    TAGREFS="LT8"
                    BASELINE="153 1812 1173 1809" 
                    HPOS="151.0"
                    VPOS="1767.0"
                    WIDTH="1022.0"
                    HEIGHT="62.0">
            <Shape><Polygon POINTS="153 1812 153 1823 528 1823 532 1823 619 1829 621 1829 657 1823 662 1821 665 1821 680 1828 681 1828 683 1828 1172 1820 1173 1809 1171 1780 981 1780 965 1767 964 1767 962 1767 937 1767 935 1767 934 1767 904 1778 887 1767 886 1767 884 1767 773 1767 771 1767 770 1767 769 1767 757 1776 695 1771 693 1771 653 1780 640 1769 638 1769 637 1769 636 1769 634 1769 609 1778 558 1769 556 1769 555 1769 554 1769 541 1780 512 1780 490 1769 489 1769 488 1769 486 1769 454 1780 411 1769 410 1769 408 1769 407 1769 406 1769 388 1781 322 1781 301 1769 299 1769 252 1769 251 1769 250 1769 216 1780 186 1769 185 1769 184 1769 182 1769 151 1781 153 1812"/></Shape>
	    <String CONTENT="tãt sõ ingratitude eſt plus puniſſable, d’auoir vou"
                    HPOS="151.0"
                    VPOS="1767.0"
                    WIDTH="1022.0"
                    HEIGHT="62.0"
                    WC="0.9767489646965603"></String>
          </TextLine>
          <TextLine ID="line_31"
                    TAGREFS="LT8"
                    BASELINE="154 1872 1149 1867" 
                    HPOS="153.0"
                    VPOS="1824.0"
                    WIDTH="996.0"
                    HEIGHT="63.0">
            <Shape><Polygon POINTS="154 1872 154 1880 629 1887 630 1887 631 1887 653 1879 685 1886 687 1886 743 1879 898 1886 899 1886 968 1878 1134 1884 1136 1884 1137 1884 1138 1884 1149 1876 1149 1867 1146 1839 1075 1839 1075 1837 1055 1824 1054 1824 1052 1824 1030 1824 1028 1824 1027 1824 1025 1824 1012 1836 982 1824 981 1824 980 1824 978 1824 977 1824 966 1833 914 1837 892 1839 887 1837 849 1825 848 1825 847 1825 845 1825 801 1837 793 1839 731 1837 689 1836 677 1825 676 1825 675 1825 673 1825 631 1827 630 1827 629 1827 613 1837 606 1841 572 1841 566 1836 552 1827 551 1827 549 1827 521 1827 520 1827 519 1827 517 1827 504 1836 501 1839 494 1836 466 1827 465 1827 463 1827 462 1827 435 1836 432 1837 428 1836 406 1827 404 1827 403 1827 402 1827 384 1836 373 1841 291 1840 286 1836 275 1828 274 1828 272 1828 271 1828 236 1836 212 1841 199 1836 180 1828 178 1828 177 1828 176 1828 153 1835 154 1872"/></Shape>
	    <String CONTENT="lu oſter la vie à celle qui luy conſeruoit la ſiene."
                    HPOS="153.0"
                    VPOS="1824.0"
                    WIDTH="996.0"
                    HEIGHT="63.0"
                    WC="0.9861314836538063"></String>
          </TextLine>
          <TextLine ID="line_32"
                    TAGREFS="LT8"
                    BASELINE="157 1931 1173 1926" 
                    HPOS="155.0"
                    VPOS="1886.0"
                    WIDTH="1018.0"
                    HEIGHT="63.0">
            <Shape><Polygon POINTS="157 1931 157 1940 365 1949 367 1949 438 1940 638 1945 640 1945 742 1938 880 1946 882 1946 933 1937 949 1944 950 1944 952 1944 953 1944 954 1944 965 1937 1046 1944 1047 1944 1081 1937 1090 1945 1091 1945 1093 1945 1094 1946 1138 1946 1138 1945 1140 1945 1173 1934 1173 1926 1169 1888 1030 1897 982 1897 974 1890 969 1886 968 1886 966 1886 965 1886 964 1886 946 1891 927 1895 910 1891 895 1887 894 1887 892 1887 891 1887 890 1887 884 1891 875 1899 801 1899 757 1892 707 1887 705 1887 704 1887 703 1887 695 1894 692 1897 626 1901 434 1901 419 1897 381 1890 380 1890 345 1898 332 1901 318 1898 278 1890 277 1890 233 1897 165 1890 164 1890 162 1890 161 1890 161 1891 155 1895 157 1931"/></Shape>
	    <String CONTENT="Si celuy qui n’a rien merité enuers le Prince qut"
                    HPOS="155.0"
                    VPOS="1886.0"
                    WIDTH="1018.0"
                    HEIGHT="63.0"
                    WC="0.9938214218616486"></String>
          </TextLine>
          <TextLine ID="line_33"
                    TAGREFS="LT8"
                    BASELINE="157 1989 1171 1987" 
                    HPOS="155.0"
                    VPOS="1944.0"
                    WIDTH="1016.0"
                    HEIGHT="68.0">
            <Shape><Polygon POINTS="157 1989 157 2001 240 2001 258 2012 259 2012 260 2012 262 2012 313 2001 392 2001 416 2012 418 2012 419 2012 420 2012 422 2012 435 2004 510 2012 512 2012 513 2012 515 2012 527 2004 548 2012 549 2012 551 2012 552 2012 586 2001 657 2001 669 2011 670 2011 672 2011 673 2011 724 2001 782 2011 783 2011 785 2011 816 2000 898 2005 899 2005 1012 2000 1105 2011 1106 2011 1108 2011 1109 2011 1125 2000 1171 1997 1171 1987 1169 1953 1157 1944 1156 1944 1155 1944 1153 1944 1103 1953 1091 1944 1090 1944 1089 1944 1062 1944 1060 1944 1059 1944 1058 1944 1040 1954 1038 1957 1013 1957 1011 1954 989 1944 988 1944 986 1944 985 1944 984 1944 968 1954 929 1944 927 1944 926 1944 925 1944 923 1944 910 1954 908 1956 908 1954 892 1944 891 1944 890 1944 865 1944 864 1944 863 1944 861 1944 844 1954 843 1956 792 1957 506 1957 497 1954 469 1945 467 1945 442 1945 441 1945 439 1945 438 1945 423 1954 416 1958 396 1958 391 1954 380 1945 379 1945 377 1945 376 1945 375 1945 346 1954 345 1954 342 1954 317 1945 315 1945 314 1945 313 1945 295 1954 289 1958 205 1958 199 1954 185 1945 184 1945 182 1945 181 1945 180 1945 155 1953 157 1989"/></Shape>
	    <String CONTENT="le reçoit à reſuge, veut que pour le ſeul reſpect"
                    HPOS="155.0"
                    VPOS="1944.0"
                    WIDTH="1016.0"
                    HEIGHT="68.0"
                    WC="0.9841918022024865"></String>
          </TextLine>
        </TextBlock>
        <TextBlock HPOS="923.0"
                   VPOS="2019.0"
                   WIDTH="34.0"
                   HEIGHT="43.0"
                   ID="block_5"
                   TAGREFS="BT17">
          <Shape><Polygon POINTS="957 2019 957 2062 923 2062 923 2019"/></Shape>
          <TextLine ID="line_34"
                    TAGREFS="LT8"
                    BASELINE="935 2048 942 2048" 
                    HPOS="935.0"
                    VPOS="2012.0"
                    WIDTH="7.0"
                    HEIGHT="54.0">
            <Shape><Polygon POINTS="935 2048 935 2066 942 2066 942 2048 942 2012 935 2012 935 2048"/></Shape>
	    <String CONTENT="t"
                    HPOS="935.0"
                    VPOS="2012.0"
                    WIDTH="7.0"
                    HEIGHT="54.0"
                    WC="0.9976711869239807"></String>
          </TextLine>
        </TextBlock>
        <TextBlock HPOS="543.0"
                   VPOS="2307.0"
                   WIDTH="290.0"
                   HEIGHT="63.0"
                   ID="eSc_textblock_7fff27a2"
                   TAGREFS="BT9">
          <Shape><Polygon POINTS="543 2307 543 2370 833 2370 833 2307"/></Shape>
        </TextBlock>
      </PrintSpace>
    </Page>
  </Layout>
</alto>
