1422 2409
133.0 147.0 1021.0 68.0 ment que d’eſtat, & regne temporel, mais elle

133.0 207.0 1035.0 68.0 importoit changement de la Religion, en laquel

135.0 264.0 1032.0 70.0 le, quand les Princes voudroyent quitter leur of

136.0 322.0 1032.0 71.0 ſenſe, negliger le ſoin qu’ils doyuent du ſa lut, &

132.0 384.0 1038.0 69.0 repos des ſuiets que Dieu leur a bailié en prote¬

135.0 444.0 1029.0 63.0 ction, encores ne peuuent-ils quitter l’offenſe,

139.0 501.0 1025.0 62.0 qui tend à renuerſer le regne de Dieu, ſon hon¬

139.0 562.0 719.0 64.0 neur, & gloire, & ſon vray ſeruice.

303 74 596 66 DIALOGVE II.

199.0 615.0 969.0 67.0 Il eſt certain, que ſi la conſpiration euſt ſorty

140.0 671.0 1030.0 70.0 ſon effect, la Religion euſt changé en Angleter¬

140.0 734.0 1030.0 69.0 re: l’intelligence du Pape, du roy d’Eſpagne, & du

141.0 823.0 687.0 28.0 duc d IxiDe le ueicouureht anCh.

196.0 849.0 974.0 73.0 Que la royne d’Angleterre donques ſe repre¬

140.0 908.0 1028.0 64.0 ſente, le iuſte iugement que Dieu fit ſur Saul,

145.0 967.0 1022.0 71.0 pour auoir ſauué la vie à Agag roy d’Amalec,

144.0 1025.0 1027.0 68.0 Roy qui auoit coniuré la ruine du peuple, & du

140.0 1085.0 1028.0 59.0 ſeruice de Dieu. Ceſte clemence le fit reietter

141.0 1148.0 1031.0 55.0 de deuant la face de Dieu, rendit inutiles les prie

143.0 1200.0 1025.0 67.0 res de Samuel, iuſques là, que Dieu luy deffen¬

144.0 1258.0 1024.0 69.0 dit de prier pour Saul: & fit que le Royaume fuſt

145.0 1318.0 1027.0 69.0 tranſporté de luy à ſon prochain, ainſi qu’en parle

148.0 1379.0 248.0 58.0 l’Eſcriture.

1104.0 80.0 54.0 62.0 39

207.0 1433.0 960.0 67.0 Achab ayant donné la vie à Benadab, ennemy

145.0 1493.0 1025.0 66.0 & contempteur de la puiſſance de Dieu, fut con¬

147.0 1549.0 1025.0 63.0 damné par la ſentence de Dieu, prononcee de la

148.0 1608.0 1024.0 66.0 bouche du Prophete, qui luy dit que ſon ame ſe¬

148.0 1671.0 1024.0 64.0 roit pour la ſiene. Dieu a voulu que les hommes

148.0 1729.0 1026.0 59.0 fuſſent clemens & doux à pardonner leurs inu¬

149.0 1789.0 669.0 63.0 res, & ſeueres à punir les ſienes.

207.0 1841.0 973.0 67.0 Et ſi on regarde bien l’hiſtoire ſaincte, en la¬

153.0 1919.0 1026.0 51.0 quelle les iugemens de Dieu ſe cognoiſſent au

158.0 1964.0 1020.0 70.0 vray, & par certitude: (Car aux prophanes, ils ne

910.0 2023.0 119.0 51.0 c iiii.
