1430 2437
143.0 144.0 1024.0 65.0 ceu vn autre Roy à reſuge, il luy ſeroit loiſible cõ

143.0 207.0 1024.0 62.0 ſpirer contre celuy qui luy fait bon office, ſans

143.0 273.0 1024.0 53.0 crainte d’aucune punition. Il n'en ſaut faire iuges

143.0 324.0 1021.0 57.0 que ceux meſmes qui ſont refugiez chez autruy,

143.0 383.0 1027.0 54.0 ceux-là les deteſteront comme pernicieux &dom

147.0 445.0 1025.0 50.0 mageables à tous les Princes, tant à ceux qui re¬

144.0 500.0 1026.0 64.0 çoyuent, que auſsi à ceux qui ont beſoin d’eſtre

147.0 568.0 171.0 42.0 receus.

346.0 82.0 591.0 49.0 BIALOGVE II.

201.0 613.0 970.0 63.0 Pour la derniere qualité & circonſtance: Tu

143.0 672.0 1031.0 64.0 dis que la royne d’Eſcoſſe eſtant priſonniere &

142.0 732.0 1029.0 64.0 mal traictee pour ſa condition & dignité Roya¬

143.0 815.0 1033.0 37.0 lepeue nciccmene ceucoueouonco luoy eua pour ex

142.0 848.0 1030.0 63.0 chapper & recouurer ſa liberté. Ceſte opinion

143.0 907.0 1031.0 55.0 eſt veritable, mais qu’elle ſoit bien entendue: c’eſt

143.0 966.0 1032.0 65.0 à dire qu’on ne peut point imputer deſloyauté à

147.0 1024.0 1028.0 64.0 celuy, que l’on tient ſur garde, & ne ſe fie on en

144.0 1084.0 1028.0 65.0 rien à ſa foy, s’il cerche quelques moyens pour e¬

147.0 1144.0 154.0 56.0 uader.

1111.0 81.0 56.0 69.0 35

201.0 1198.0 973.0 65.0 Mais que ſi vn priſonnier pour eſchapper com

146.0 1260.0 1028.0 61.0 met quelque crime qu’on ne l’en puiſſe punir: il

147.0 1318.0 1029.0 61.0 s’enſuyuroit que pour eſtre priſonnier, il auroit

150.0 1374.0 555.0 55.0 toute licence de mal faire.

209.0 1433.0 965.0 63.0 Le plus vrgent argument en ce faict, eſt, de ce

151.0 1493.0 1021.0 62.0 que la royne d’Eſcoſſe pretend eſtre iniuſtemẽt,

147.0 1550.0 1024.0 63.0 & ſans legitime, occaſion detenue priſonnieré par

150.0 1619.0 1020.0 53.0 la royne d’Angleterre, comme n’ayant eſté prin¬

148.0 1672.0 569.0 56.0 ſe en guerre ou autrement.

195.0 1728.0 979.0 60.0 Et par ainſi, comme entre les Rois, le glai¬

151.0 1791.0 1024.0 58.0 ue eſt le vray iuge pour punir, & venger leurs

150.0 1843.0 1024.0 61.0 faits: Si elle a voulu faire tous appreſts, pour

155.0 1925.0 1020.0 43.0 Venger par vhe gaxlre lecore qu'ene precend que¬

154.0 1960.0 1021.0 66.0 la royne d’Angleterre luy faict, elle ne fait que ce

950.0 2021.0 99.0 55.0 c.ii.
