1459 2442
275.0 99.0 67.0 69.0 F

278.0 157.0 1045.0 70.0 Daniel parlant de ceſt Empire des Romains, il

278.0 222.0 1046.0 64.0 m’a ſemblé, afin que ie ne mente, parler aux vrais.

276.0 280.0 1043.0 67.0 doigts de terre, deſquels Daniel le Prophete, fait

275.0 341.0 1042.0 55.0 mention, tous ſeparez les vns, des autres: aiſez à

276.0 396.0 1037.0 67.0 rompre,& à froiſſet, ou bien, ainſi que diſoit l’au¬

275.0 459.0 1038.0 64.0 tre, cous preſts à vẽdre, s’ils tro uuoyẽt quelqu’vn

275.0 518.0 512.0 62.0 qui les vouluſt acheter.

518 97 600 53 DIALOSVEII..

339.0 577.0 980.0 61.0 Voyant que ie ne proſitois de rien enuers eux,

275.0 634.0 1041.0 63.0 ainſi comme nous tombions d’vn propos, à l'au¬

275.0 694.0 1042.0 63.0 tre: ie leur ay mis les iugemens de Dieu deuant

273 748 1045 63 les yeux. Ie leur ay dit, que ce n'eſt pas le Iuiſ, qui

275.0 808.0 1045.0 68.0 qui tue Ieſus Chriſt: car il attẽd ſon Meſsie. Que

274.0 868.0 1045.0 68.0 ce n’eſt pas auſsi le Turc: que le Papiſte ne tue nõ

276.0 929.0 1043.0 61.0 plus (par maniere de dire) Ieſus Chriſt en ſes mẽ¬

272.0 987.0 1047.0 57.0 bres: Il penſe (comme dit l'Eſcriture) faire vn ſa¬

274.0 1047.0 1046.0 64.0 crifice à Dieu, en ce faiſant: qu’il n’y a perſonne

276.0 1108.0 1040.0 61.0 qui tue plus veritablement Ieſus Chriſt en ſes

272.0 1166.0 1044.0 65.0 membres,que les Rois, Princes, Potentats, & peu

279.0 1225.0 1037.0 65.0 ples, qui cognoiſſent Ieſus Chriſt,qui l’ont receu:

274.0 1283.0 1047.0 61.0 & laiſſant neant moins à leurs portes, & comme

272.0 1343.0 1044.0 55.0 en leur preſence, maſſacrer leurs ſreres, combour

272.0 1402.0 1045.0 61.0 geois, & concitoyens, ſans leur donner aucune ai¬

274.0 1462.0 310.0 52.0 de ne ſecours.

298.0 1518.0 1022.0 65.0 En ſomme, l’amy. ie t’aſſeure, que ie n’ay, Dieu

271.0 1576.0 1053.0 65.0 mercy, rien laiſſé à dire, de ce que i'ay eſtimé pou

272.0 1637.0 1045.0 61.0 uoir ſeruir, à promouuoir vne ſi bonne cauſe.

271.0 1695.0 1046.0 56.0 Pour tout cela, comme ſi le fait ne les euſt en rien

272.0 1755.0 1044.0 54.0 touché, pas vn d’eux n’a fait ſemblant de vouloir

268.0 1809.0 1049.0 65.0 donner vn brin d’aide. Bien ont-ils confeſſé cha¬

267.0 1872.0 1054.0 61.0 cun à ſon tour, que l’acte eſtoit treſ-inhumain: la

272.0 1929.0 1047.0 62.0 trahiſon treſ-deteſtable: Charles de Valois, &

271.0 1988.0 1050.0 74.0 tout ſon Cõſeil, le plus deſloyal de la terte: qu’ils

1251.0 2064.0 68.0 53.0 ne
