1422 2449
126.0 176.0 1032.0 64.0 Somme, que quoy qu’eux deux n’euſſent qu’vn

123.0 244.0 1039.0 58.0 Maiſtre, que leurs offices eſtoyent ſeparez, & qu’a

125.0 297.0 1033.0 59.0 chacun le ſien n’eſt pas trop: s’aſſeurant d’auoir

123.0 355.0 1033.0 61.0 bien toſt ſon paſſe temps à tenir compre des bõs

125.0 414.0 1033.0 63.0 petits coups de baſton. Baudet, ſe voyant eſcon¬

121.0 470.0 1031.0 63.0 duit du cheual, craignant les menaces du Maiſtre,

122.0 533.0 1037.0 58.0 voire, & s’aſſeurant des coups, autant, dit-il lors,

122.0 593.0 1030.0 60.0 me vaut-il mourir icy, que plus attẽdre: mon Mai

119.0 648.0 1040.0 63.0 ſtre me tuera de coups. Si ſe mit ſans plus mar¬

115.0 704.0 1045.0 60.0 chãd er, à deuoir de bié̃ paſſer outre: mais le bour¬

122.0 768.0 1034.0 64.0 bier par trop profond, luy ayant rõpu ſon deſſein

119.0 825.0 1039.0 63.0 l'arreſta tout court, & de ſorte, qu’il luy fut force

121.0 884.0 1042.0 62.0 d’y mourir, le col caſſé ſous la charge. Lecheual

118.0 944.0 1040.0 65.0 auſsi mal-enſeigné, que beaucoup de gens de no¬

119.0 1005.0 1039.0 63.0 ſtre aage, qui ne rient iamais mieux, qu’alors que

121.0 1062.0 1038.0 65.0 quelque mal s’addreſſe, ſe print à rire auſsi graſſe

119.0 1125.0 1041.0 60.0 ment, comme s’il eut fait quelque grande conque

122.0 1179.0 1037.0 61.0 ſte: mais le Maiſtre arriué, ayant demandé nou¬

118.0 1239.0 1033.0 61.0 uelles de Martin, le voyant mort ſous la charge,

117.0 1297.0 1042.0 63.0 fit bien toſt changer contenance, à ce beau mon¬

115.0 1356.0 1043.0 57.0 ſieur le cheual, luy remonſtrant, qu’il eſtoit force,

118.0 1413.0 1040.0 67.0 de luy charger le baſt deſſus, qu’il ne vouloit pas

118.0 1472.0 1042.0 66.0 laiſſer perdre ſa marchãdiſe, ny la laiſſer illec plus

118.0 1538.0 307.0 59.0 longuement.

287.0 118.0 601.0 45.0 DPADOSV EEte

1102.0 140.0 51.0 34.0 23

115.0 1591.0 1045.0 57.0 Le pol.Hé que i’euſſe volontiers veu la contenan

117.0 1647.0 295.0 59.0 ce du cheual!

114.0 1707.0 1041.0 63.0 L’hi. Il faiſoit lors (ce dit le compte) vne bien pi¬

115.0 1768.0 1040.0 64.0 teuſe grimaſſe, & n’allegant rien que ſes droits,

115.0 1827.0 1045.0 57.0 ſes qualitez, & ſes merites, diſoit, qu’il n’eſtoit cou

117.0 1885.0 1046.0 66.0 ſtumier à porter rien plus que la ſelle: Ce qu’il fai

115.0 1945.0 1045.0 56.0 ſoit bien volontiers, s’offrant à mieux porter ſon

118.0 2002.0 1041.0 72.0 Maiſtre, qu’il n’auoit fait par le paſſé: mais au re¬

874.0 2066.0 115.0 52.0 d.iii.
