1391 2426
155.0 134.0 1036.0 64.0 ſance de la deité, & corrompu & diſsipé en toutes

156.0 196.0 1035.0 65.0 ſortes la Religion, laquelle eſt le principal lien de

155.0 256.0 425.0 53.0 la ſocieté humaine,

331.0 72.0 609.0 46.0 DIALVGVE II.

212.0 308.0 979.0 68.0 Item s’il faut fuyr la ſedition en la police hu¬

155.0 402.0 1036.0 34.0 Miſrtucyu pluolesec iauomde lade ilsapa cudagur

153.0 428.0 1039.0 63.0 ſe de Dieu & aſſemblee Chreſtiene: laquel le eſt

153.0 490.0 1039.0 59.0 liee & conioincte eſtroitement par le treſſainct

152.0 547.0 1036.0 66.0 & ſacré lien du ſainct Eſprit. Cependant en la y

152.0 610.0 1039.0 65.0 rannie Eccleſiaſtique du Pape, qui a corromqui

153.0 667.0 1030.0 59.0 toute doctrine & violé tout ordre enl’Egliſe,n'ay

149.0 725.0 1041.0 70.0 ant eſté permis d’aſſembler vn Synode libre, qui

149.0 785.0 1039.0 58.0 euſt eſté comme les trois eſtats en la police, au¬

149.0 842.0 1038.0 62.0 quel il euſt fallu recourir, n’ayant, dis-ie, eſté loi¬

148.0 898.0 1039.0 65.0 ſible de l’aſſembler, par ce qu’il euſt eſté beſoin le

146.0 966.0 1041.0 56.0 demander aux meſmes tyrans, & par con ſequent

149.0 1025.0 1035.0 59.0 approuuer la tyrannie Papale: cepeudant, dis-ie,

148.0 1080.0 1036.0 65.0 il a eſté permis à vne partie, pendant que la plus

149.0 1142.0 1035.0 60.0 grand part ſommeilloit en proſondes tencbres,

146.0 1198.0 1036.0 54.0 de ſe diſtraire d’icelle tyrannie, ſans encourir en¬

145.0 1257.0 1041.0 59.0 tre les bons le nom de ſciſmatique. Pourquoy e¬

145.0 1316.0 1041.0 58.0 ſtimerons-nous ceux-là ſeditieux qui ſe retirent

145.0 1374.0 1038.0 62.0 de la ſuiection d’vn magiſtrat periure, perfide,

144.0 1434.0 1036.0 62.0 cruel oppreſſeur de peuple, mangeſuiet, de l’in¬

147.0 1485.0 869.0 63.0 fameté duquel toute la terre eſt infecteé?

1140.0 91.0 44.0 42.0 95

141.0 1548.0 1042.0 63.0 L’hi. Mon Dieu que ie ſuis aiſe de t’auoir ouy a¬

145.0 1610.0 1034.0 59.0 uancer & deduire rant de bonnes & belles rai¬

142.0 1667.0 1037.0 60.0 ſons pour la iuſti fication de nos freres. Elles ue

145.0 1730.0 1030.0 61.0 ſont que trop ſuffiſantes pour prouuer, qu’il a &

144.0 1784.0 1031.0 62.0 ſſé loiſible à la Rochelle & autres villes & pro¬

144.0 1846.0 1034.0 62.0 uinces oppreſſees du reng deſquelles on peut mot

145.0 1908.0 1026.0 54.0 tre toute la France, au quatre coins & au milieu

144.0 1962.0 1029.0 61.0 de l'obeiſſance & ſuiection du tyran: &pour le
