1401 2429
132.0 159.0 1031.0 66.0 L'hi. I’ay eu durup muo vrayement pour la lon¬

133.0 236.0 1033.0 48.0 gueur du chemin, & diuerſite des Regions, par ou

129.0 279.0 1026.0 61.0 il m’a conuenu paſſer. Mais la gayeté de cœur, de

130.0 334.0 1028.0 60.0 laquelle i'ay marché, m’a fait trouuer toue le la¬

132.0 398.0 1027.0 60.0 beur facile: Quant aux dangers, tu ſcay bien que

130.0 456.0 1032.0 59.0 celuy pour lequel ie marchois eſt bon &fort pour

133.0 516.0 1031.0 58.0 garder ceux qui ſe retirent on ſa garde: auſsi m’a¬

129.0 573.0 1035.0 63.0 il tellement garanty que les dangers ne m'ont ap¬

133.0 630.0 1023.0 66.0 proché que de bien loin. Le plus d’ennuy que i’ay

132.0 689.0 1040.0 61.0 ſenty, ç’à eſté (afin que ie n’en diſsimu le rien) les

129.0 747.0 1041.0 58.0 Karhous & autres inſolences ou lon m’a voulu cõ

130.0 808.0 1041.0 59.0 traindre d’entrer par pluſieurs fois en trauerſant

129.0 864.0 1037.0 65.0 les Allemagnes: Les coups de coude pareillemẽt

128.0 921.0 1032.0 62.0 & les brocards de Franche dogues, dont les An¬

129.0 982.0 1026.0 61.0 glois vſent ſouuent, conioints auec la vaine & ſu¬

132.0 1043.0 1023.0 60.0 perbe contenance, & autres deſbauches qu’on

129.0 1102.0 1026.0 58.0 voit en Angleterre, m’ont merueilleuſement oſ¬

125.0 1149.0 138.0 61.0 fenſé,

338 91 585 64 DIALOGVE II.

1111.0 107.0 40.0 58.0 7

118.0 1211.0 1037.0 70.0 Le pol. Il y auoit aſſez dequoy ſe faſcher: mais l’en

125.0 1273.0 1038.0 64.0 nuy ſeroit grand au double, ſi ces ſottiſes eſtoyẽt

129.0 1334.0 1025.0 65.0 pratiquees par quelques Chreſtiens & gens de

125.0 1393.0 1037.0 60.0 marque. Et ie me doute bien que les Karhous Al¬

125.0 1456.0 1033.0 56.0 lemans ne ſe trouuent que parmi quelques vieux

126.0 1511.0 1026.0 61.0 ybrongnes Papiſtes,és tauernes &hoſtelleries où

124.0 1566.0 1021.0 64.0 il ſeroit biẽ aiſé de ſe faire ſeruir à part pour fuyr

124.0 1632.0 1032.0 54.0 la violence de ces Sacs-à vin. Quant aux cours

124.0 1688.0 1023.0 58.0 des Princes & Seigneurs Proteſtans, où tu auois

128.0 1747.0 1030.0 59.0 le plus affaire, ie m’aſſeure que tu n’y as rien veu

124.0 1804.0 1030.0 60.0 de ſemblable, ny pareillement parmi les Anglois

125.0 1864.0 1027.0 57.0 de bonne eſtoſſe (ſi leur contenance ne trompe

122.0 1924.0 1025.0 61.0 mon iugement) rien que courtoiſie & douceur,

128.0 1982.0 727.0 61.0 accompagnee de toute modeſt ie.

881.0 2033.0 121.0 59.0 a.iiii.
