1462 2442
272.0 77.0 99.0 62.0 t44

270.0 139.0 1033.0 63.0 Le pol. Au reſte la Rochelle, Niſmes & Montan

270.0 200.0 1033.0 67.0 ban iouirõt, ce dit ceſt edit de leurs priuileges an¬

268.0 260.0 1037.0 58.0 ciens, & modernes droits de Iuriſdiction& autres

268.0 321.0 1041.0 62.0 eſquels ils ſeront maintenus & conſeruez ſans a¬

270.0 382.0 1031.0 60.0 uoir aucune garniſon, en baillant durant deux ans

268.0 440.0 1037.0 63.0 quatre des principaux bourgeois de chacune deſ

270.0 500.0 1034.0 61.0 dictes villes, qui ſeront choiſis par le tyran entre

268.0 561.0 1036.0 58.0 ceux qu’ils nommeront & changez de trois en

267.0 617.0 1038.0 59.0 trois mois pour demonſtration & ſeureté de leur

267.0 672.0 256.0 59.0 obeiſſance.

507 73 592 49 DIALOGVE Il.

264.0 729.0 1033.0 67.0 L’hi. Ce terme de deux ans m’eſt fort ſuſpect,

266.0 793.0 1031.0 54.0 quand ie me ſouuiens des deux ans de l’autre e¬

266.0 850.0 1033.0 65.0 dict irreuocable. Et ces bourgeois qu’on baillera

266.0 911.0 1037.0 63.0 ne ſeront pas à leur retour ſi aſſeurez qu’au para¬

266.0 986.0 1034.0 50.0 nant. Rt’aneure toy qu’iua voul qu’on na ce

264.0 1032.0 1037.0 64.0 changement de trois en trois mois, que poura¬

266.0 1089.0 1037.0 60.0 uoir meilleur moyen de corrompre tant plus

266.0 1146.0 1037.0 61.0 de gens; afin de ſurprendre ces villes. Au de¬

264.0 1208.0 1037.0 59.0 meurant ie t’accorde qu’elles iouyront de leurs

267.0 1263.0 1034.0 69.0 priuileges, ſi elles pratiquent les articles de Da¬

264.0 1321.0 1036.0 60.0 niel, la reſolution de ceux du Dauphiné, & celle

263.0 1379.0 1038.0 64.0 que eu m’as dicte de nos freres de Niſmes, autre¬

263.0 1443.0 1032.0 65.0 ment ie ny voy point d’ordre, quelque edict que

263.0 1501.0 304.0 61.0 le tyranface.

257.0 1556.0 1038.0 66.0 Le pol. Auſsi ne s’y fient-ils pat, & ſcauent fort

260.0 1617.0 1030.0 62.0 bien dés ceſte heure à quoy ils ſe doyuent tenir.

257.0 1676.0 1036.0 63.0 Mais tant y a que la Rochelle en ſent quelque ſou

256.0 1735.0 1037.0 66.0 lagemẽt, non par la vertu de l’edit, ains par la ver¬

255.0 1792.0 1038.0 70.0 tu de la force ou pluſtoſt par grace de Dieu, qui a

252.0 1853.0 992.0 63.0 ſait retirer l’armee & le camp de nos ennemis.

291.0 1915.0 998.0 53.0 Quant à ceux de Montauban & Niſmes & ton

256.0 1968.0 1037.0 76.0 tes les Egliſes de la Guienne, Languedoc, Viua¬

1187.0 2037.0 97.0 57.0 rez,
