1429 2424
235.0 70.0 69.0 63.0 88

285.0 145.0 975.0 62.0 En Angleterre les Parlemens, qui ont meſme

234.0 206.0 1027.0 63.0 puiſſance qu’auoyent les eſtats en France,ont ſou

234.0 266.0 594.0 53.0 uent condamné leurs Rois.

290.0 324.0 985.0 61.0 Cela eſt hors de toute doute que ceux qui ont

233.0 379.0 1031.0 58.0 la puiſſance de deſliet,ont auſsi pouuoir de lier.

489.0 72.0 572.0 61.0 DIALOGVE II.

289.0 439.0 970.0 56.0 Et partant és lieux où ceſt ordre eſt eſtably,

233.0 499.0 1041.0 62.0 qu’il y en a quelques vns qui ſeruent de bride aux

231.0 554.0 1036.0 65.0 Rois, & aux loix de ſeure garde: ie dis que ceux là

228.0 615.0 1040.0 58.0 ſans faillir peuuent & doiuent reſiſter aux iniques

228.0 677.0 1047.0 59.0 ou prophanes commandemens des Rois. Et ne

234.0 733.0 1036.0 68.0 peuuent ceux-là laiſſer la royauté & legitime gou

233.0 797.0 1033.0 56.0 uernement degenerer en tyrannie ſans commet¬

231.0 853.0 1039.0 60.0 tre vne manifeſte trahiſon enuers le peuples qui a

233.0 911.0 1037.0 63.0 eſleu tels eſtats principalement à celle fin, qu’ils

227.0 969.0 1036.0 65.0 empeſchent la tyrannie. Que ſi de malheur elle y

230.0 1034.0 1037.0 55.0 ſuruient, (comme nous la voyons par nos pechez

228.0 1086.0 1036.0 55.0 arriuee à ſon comble, diſpoſant des biens & des

228.0 1144.0 1036.0 63.0 corps, de l’honneur & de l’ame à ſon gré) c’eſt aux

228.0 1209.0 1031.0 54.0 ſuiets priuez de recourir au remede vers les e¬

227.0 1263.0 1036.0 59.0 ſtats: eſtant choſe toute aſſeuree, que ces trois e¬

227.0 1322.0 1039.0 61.0 ſtats ſont comme ſouuerains magiſtrats par deſ¬

226.0 1380.0 1041.0 64.0 ſus le Roy en ceſt endroit, quoy qu’ils ſoyent pri¬

227.0 1442.0 1040.0 62.0 uez & au deſſous du Roy pour vn regard ordi¬

226.0 1505.0 145.0 45.0 naire.

292.0 1554.0 975.0 63.0 Que ſi ce droit là des eſtats vient à deſcheoir

224.0 1614.0 1043.0 62.0 & à ſe perdre? Ie te reſpõs, & fort bien ce me ſem

224.0 1673.0 1044.0 61.0 ble: que les Rois qui ont ſi ſouuent en leur bou¬

222.0 1737.0 1053.0 59.0 che, qu’on ne preſcrit rien contre eux, nous enſei

224.0 1793.0 1046.0 64.0 gnent auſside dire, qu’il n’y a point de preſcriptiõ

223.0 1854.0 1053.0 62.0 contre les droits du peuple & des eſtats. Et que:

222.0 1910.0 1038.0 61.0 Ia loy ciuile de laquelle nous vſons, qui a la raisõ

226.0 1971.0 1041.0 66.0 pour ſon ame, nous enſeigne & apprẽt, qu’vn pof

1096.0 2017.0 157.0 64.0 ſeſſeur
