1427 2424
141.0 148.0 1042.0 59.0 ſiours nourris en ſeruage, & commandez à ba¬

140.0 207.0 1045.0 59.0 guette comme l’on dict, au plaiſir de ceux que les

138.0 263.0 1047.0 53.0 Rois leur eſleuoyent deſſus la teſte: Car tele¬

137.0 321.0 1044.0 62.0 ſtoit leur plaiſir: Ils prioyent que ie ne trouuaſ¬

138.0 382.0 1046.0 61.0 ſe pas eſtrange ſi eux, (qui auoyent eſtroicte con

138.0 441.0 1053.0 57.0 federation, & intelligence auec nos freres de:

141.0 503.0 1044.0 58.0 Lranguedoc, Viuarez, & autres) me renuoyoient

140.0 561.0 1048.0 55.0 auec quelqu’vn d’entre eux au Conſeil qu’on:

140.0 615.0 1048.0 59.0 tiendra à Niſmes, pour ordonner de leur eſtat &.

141.0 674.0 178.0 63.0 police.

288.0 87.0 640.0 44.0 DIALOGVE,AT

230.0 732.0 957.0 63.0 Quant à eux, ils cognoiſſoyent facilement

141.0 793.0 1035.0 58.0 qu’ils auoyent beſoin parmi eux de ces deux nerfs

142.0 853.0 1035.0 50.0 tant excellens pour tenir les vices en,bride, & les

141.0 907.0 1036.0 59.0 ſoldats en leur deuoir: à ſcauoir de la diſcipline

141.0 991.0 1043.0 40.0 Ecciehiaſtique, & de la diſcipline Miſitaire; ay¬¬

141.0 1028.0 1040.0 50.0 ans au reſte tout ce qui rendoit les hommes har¬

145.0 1085.0 1032.0 56.0 dis, & vaillans: A ſcauoir eſt, la bonne cauſe,

142.0 1143.0 1034.0 60.0 qui rend la conſcience toute aſſeuree, d’où le bon

141.0 1202.0 1035.0 53.0 cœur a accouſtumé de ſortir, & la neceſsité de ſe

142.0 1264.0 1041.0 59.0 deffendre, qui rend les couards, courageux pour

142.0 1323.0 1031.0 53.0 conſeruer leurs biens, leurs vies, leur honneur,

144.0 1378.0 1037.0 53.0 leur ſalut, & celuy de leurs familles, contre la ra¬

144.0 1436.0 1039.0 62.0 ge de ces traiſtres, qui les aſſaillent à credit, d’vn

146.0 1498.0 1038.0 57.0 cœur animé à mal faire, alteré du ſang innocent,

146.0 1556.0 1031.0 58.0 qu’ils eſtoyent tous bien reſolus de iamais plus

146.0 1616.0 1035.0 57.0 ne s’y fier: & de ne plus poſer les armes, quelque

149.0 1671.0 1028.0 60.0 paix qu’on leur ſceuſt offrit, s’on ne leur bailloit

148.0 1731.0 911.0 64.0 de bons gages, bons oſtages, & reſpondans.

1107.0 103.0 77.0 30.0 4

177.0 1795.0 1010.0 55.0 Sur ces mots, de ne poſer les armes, pource

149.0 1848.0 1038.0 61.0 que le ſeigneur de Gordes, qui cõmande pour le

150.0 1909.0 1031.0 58.0 tyran en Dauphiné, auoit teſcrit à quelqu’vn des

150.0 1964.0 1031.0 64.0 chefs de nos freres, des letres fort douces, luy

967.0 2021.0 12.0 24.0 .

939.0 2037.0 90.0 43.0 1111.
