1460 2442
260.0 132.0 1034.0 59.0 moins de ſe deffendre contre l’inuaſion de ſes ſa¬

259.0 194.0 1034.0 66.0 rellites, concuſsion de ſes officiers, oppreſsion de

260.0 255.0 1030.0 58.0 ſes gabelliers, violences & infametez de ſa cour:

259.0 317.0 1032.0 61.0 Et,pour le dire en vn mot,contre tout ce qui pro

259.0 369.0 692.0 62.0 cede de luy & de ſes Ianniſſaires.

270.0 74.0 81.0 57.0 94

486.0 63.0 611.0 59.0 DIALOGVE II.

333.0 430.0 957.0 61.0 Et tant s’en ſaut qu’en ſe deffendant, ou reti¬

255.0 491.0 1032.0 59.0 rant du tyran, on acquiere le nom de ſeditieux,

257.0 550.0 1034.0 57.0 qu’au contraire ceux-là ſont treſmauuais conci¬

256.0 611.0 1038.0 60.0 toyens, compatriotes, & mauuais voiſins, qui ne

257.0 666.0 416.0 61.0 s’adioignent à eux.

255.0 720.0 1038.0 65.0 Le pol. Cela eſt hors de difficulté, que ceux qui

253.0 782.0 1038.0 55.0 deſirent la conſeruation de la France, & ſur tout

255.0 837.0 1029.0 63.0 de l’Egliſe de Dieu, ſe doiuent ioindre à eux. Et

252.0 902.0 1034.0 61.0 aſſeure toy, que ceux qui par couardie, ou autre¬

253.0 974.0 1037.0 39.0 ment ſaiſſent les ſecourit, ortont vn iour & a bon

255.0 1021.0 1035.0 57.0 droit prononcer la ſentence contre eux, que De¬

251.0 1077.0 1038.0 51.0 bora donna contre la ville de Meros, pourtant

255.0 1135.0 1034.0 61.0 qu’elle ne vint point à l’aide du Seigneur cõtre Ia¬

255.0 1193.0 755.0 63.0 bin roy de Chanaan. Iug.5.22.& 23.

314.0 1249.0 972.0 66.0 Cependant le Seigneur ne lairra point de fai¬

252.0 1311.0 1034.0 61.0 re ſon œuure, pour paracheuer leur entiere deli¬

253.0 1370.0 1031.0 57.0 urance, comme il a commencé, ainſi que ie te di¬

252.0 1429.0 1035.0 63.0 ray. Mais ie te prie paracheue ce que tu as à dire.

251.0 1485.0 1047.0 67.0 & te deſpeche, afin que i’aye auſsi quelque peu de

255.0 1547.0 1035.0 62.0 loiſir de t’entretenir de ce qui s’eſt paſſé en mon

256.0 1613.0 176.0 59.0 voyage.

249.0 1657.0 1045.0 67.0 L'hi. Ie le veux bien:que pleuſt à Dieu que les Sei

252.0 1720.0 1032.0 65.0 gneurs des cantõs Papiſtes t’euſſẽt ouy diſcourir

249.0 1774.0 1037.0 62.0 en plein Cõſeil de la iuſtice de la cauſe de nos fre

249.0 1838.0 1038.0 64.0 res, de la puiſſance des magiſtrats, & iuſques où el

248.0 1896.0 1035.0 57.0 le s’eſtend. Ie m’aſſeure que cela ioint auec les au

246.0 1956.0 1034.0 68.0 tres occaſions qu’ils ont de tenir pour ſuſpectes

1195.0 2017.0 83.0 58.0 les
