1417 2442
141.0 141.0 1033.0 73.0 rricle de Daniel touchant la douceur, de laquel¬

138.0 200.0 1033.0 75.0 le il veut qu’on vſe enuers les Catholiques paiſi¬

138.0 261.0 1034.0 68.0 bles: Cela eſt hien tout arreſté qu’il ne leur ſere

134.0 321.0 1034.0 71.0 ſait aucun outrage ne ſorce enleur conſcience,

134.0 382.0 1037.0 61.0 honneur, vie & biens: ains ſeront conſeruez en

138.0 443.0 1029.0 67.0 paix & amitié comme bons compatriotes & ſre¬

133.0 499.0 333.0 57.0 res bien aimez.

303 71 598 59 DIALOGVE II.

187.0 561.0 978.0 67.0 Sachans bien le regret que portent telles gens

131.0 618.0 1036.0 58.0 des extorſions & cruautez, dont on vſe en noſtre

133.0 678.0 1035.0 64.0 endroit, & l’enuie qu’ils ont de voir la tyrannie

130.0 735.0 1038.0 61.0 bas, & les anciẽs ordres de la France remis au deſ

130.0 796.0 1038.0 65.0 ſus. A cauſe dequoy tant s’en faut qu’on les vueil

130.0 854.0 1034.0 71.0 le ſurcharger, qu’au contraire on les eſpargnera,

131.0 914.0 1036.0 68.0 autant qu’il ſera poſsible aux contriburiõs qu’on

128.0 971.0 1032.0 72.0 ſera contraint de faire pour poſtre conſeruation,

127.0 1032.0 907.0 68.0 chargeans pluſtoſt les noſtres que eeux-là.

1088.0 96.0 83.0 50.0 R9

187.0 1093.0 977.0 66.0 Quant aux Eueſques, preſtres, moynes, & au,

124.0 1151.0 1040.0 71.0 tres gens de l’Egliſe papale, qui ne porterõt point

124.0 1210.0 1040.0 63.0 les armes & qui ſeront contens de viure parml

126.0 1268.0 1038.0 61.0 nous ſans rien attenter, & ſans eſmouuoit ou ſe¬

126.0 1325.0 1037.0 68.0 duire le peuple qu’ils auoyent deceu, ie ſcay auſt̃

124.0 1385.0 1033.0 65.0 qu’on leurdonra moyen de viure honneſtement,

123.0 1442.0 1033.0 72.0 & le mieux qu’il ſera poſsible. Le ſurplus de leur

123.0 1504.0 825.0 69.0 reuenu ſera pour deſcharger le peuple.

124.0 1560.0 1033.0 73.0 L’hi. Ce ſera vn ordre parſait, s’ils prariquẽt tous

124.0 1623.0 266.0 55.0 ces artieles.

123.0 1675.0 1036.0 72.0 Le pol. Ne doute pas qu’ils ne le facent, ſi Dieu

123.0 1739.0 1034.0 69.0 leur preſte ſa faueur. Mais pour te dire le ſurplus

122.0 1803.0 1034.0 66.0 que i'ay apprins en mon voyage: apres la reſolu¬

119.0 1858.0 1036.0 64.0 tion prinſe en ce Conſeil,ſur beaucoup d’autres

119.0 1918.0 1034.0 65.0 choſes neceſſaires pendant que i’eſtois de ſeiour

120.0 1976.0 1030.0 75.0 à Niſmes, mal diſpoſé à voyager, nous receuions

983 2041 28 63 i
