1424 2440
141.0 176.0 1032.0 66.0 que les Rochellois apres Dieu doyuent au ſei¬

141.0 254.0 1037.0 46.0 gneur de la Noue, tout ce qu’ils ont du premier

139.0 296.0 1040.0 64.0 cœur & de l’aſſeurance qu’ils eurent ſur ces pre¬

141.0 357.0 1040.0 56.0 miers commencemens, qu'il leur mit le cœur au

143.0 417.0 1038.0 62.0 vẽtre, qu’il les ordonna mieux qu’on ne ſcauroit

141.0 471.0 1036.0 68.0 dire, qu’il les aguerrit leur faiſant faire pluſieurs

141.0 534.0 1032.0 62.0 bonnes & belles ſorties auec leur auantage qui

142.0 595.0 1033.0 52.0 leur ſeruoit de bonne curee, luy eſtant touſiours

141.0 649.0 1014.0 59.0 le premier à la meſlee, & le dernier à la retraite.

301.0 99.0 585.0 69.0 DIALOGVE II.

187.0 711.0 988.0 63.0 Au ſurplus pource que le ſiege continuoit lõ¬

145.0 768.0 1028.0 68.0 guement deuant la Rochelle, que les bleds & pou

138.0 829.0 1033.0 64.0 dres approchoyent de leur periode, & l’eſperan¬

138.0 886.0 1039.0 60.0 ce d’eſtre auituaillez alloit touſiours amoindriſ¬

136.0 946.0 1038.0 57.0 ſant. Les Rochellois ayans pour leur conſerua¬

139.0 1007.0 1032.0 58.0 tion fait tenter toute ſorte d’honneſtes ſecours

135.0 1065.0 1039.0 61.0 & remedes, furent contraints à la fin de regarder

136.0 1125.0 1037.0 58.0 comme de nouueau à leurs titres & liberté, pour

135.0 1180.0 1036.0 67.0 ſcauoir au vray quelle eſtoit l’obligation que pre

136.0 1238.0 1039.0 57.0 tendoit la maiſon de Valois ſur eux, s’elle s’eſten

135.0 1299.0 1034.0 63.0 doit iuſques là de leur pouuoir rauir leurs vies,

138.0 1360.0 1032.0 55.0 leurs biens, leurs honneurs & celuy de leurs fem¬

135.0 1417.0 1038.0 64.0 mes, & leurs familles: & iuſques à les faire per¬

135.0 1477.0 1036.0 60.0 dre & damner auec tous les diables pour faire ſer

136.0 1538.0 1034.0 53.0 uice aux Valois, comme ils demandoyent en ſub¬

134.0 1598.0 1037.0 61.0 ſtance, Surquoy ayans trouué par eſcrit en bon¬

131.0 1656.0 1040.0 60.0 nes & ancienes pancartes, que l’obligation eſtoit

132.0 1710.0 1041.0 60.0 fort petite & bien aiſee, ſous des condit ions tou¬

131.0 1777.0 1042.0 59.0 teſois qu’on leur auoit ſouuent romnpu, eux ayans.

134.0 1832.0 1033.0 64.0 touſiours de leur part plus ſatisfait, qu’à leur de¬

134.0 1893.0 1037.0 59.0 uoir. Et que lors c’eſtoit à tout rompre: apres a¬

138.0 1941.0 1031.0 69.0 uoir fait clerement voir leurs droits au Conſeil,

135.0 2007.0 1023.0 68.0 qui pour ce fut aſſemblé d’entre eux & qu’ils eu¬

1122.0 142.0 47.0 38.0 95

905.0 2065.0 97.0 61.0 i.iii.
