1425 2432
219 94 75 69 105

212 156 1023 58 narder en delices, & ſe veautrer dans les ſales &t

214 218 1021 56 vilains plaiſirs: vous vous affoibliſſez afin de le rẽ

213 276 1022 64 dre plus fort, & roide à vous tenir plus courte la

217 333 149 58 bride.

271 391 971 67 De tant d’indignitez, que les beſtes meſmes

216 456 1023 52 ne les ſouffriroyent point, vous pouuez vous en

216 521 1022 50 deliurer ſi vous eſſayez, non pas de vous en deli¬

219 571 1020 53 urer: mais ſeulement de le vouloir faire. Soyez re

217 628 1024 62 ſolus de ne ſeruir plus, & vous voy la libres, ie

217 689 1022 63 ne veux pas que vous le pouſſiez, ou esbranliez:

221 748 1022 57 mais ſeulement ne le ſouſtenez plus, & vous le

223 806 1028 62 verrez comme vn grand Coloſſe, à qui on a deſ

224 862 1021 64 tobé la baſe, de ſon poix, de ſoy-meſme fondre

225 925 432 61 en bas & ſe rompre.

452 97 590 54 DIAEOSVE II.

242.0 975.0 1005.0 69.0 L’hiſt. Il n’y a rien de plus veritable entre les

225.0 1036.0 1021.0 69.0 choſes humaines, que ce que tu viẽs d’enſeigner:

227.0 1099.0 1022.0 60.0 que pleut à Dieu, que ces beaux mots euſſent pie

229.0 1152.0 1020.0 64.0 çà eſté ſemęz au beau milieu d’vne grande aſſem¬

228.0 1213.0 1019.0 67.0 blee de nos Catholiques François, ie m’aſſeure,

227.0 1271.0 1023.0 59.0 qu’ils y auroyent eſté fort bien recueillis, & qu’il

228.0 1332.0 1025.0 62.0 n’y auroit celuy d’entre eux, qui n’en fiſt bien

231.0 1388.0 1023.0 67.0 ſon profit: uul auquel ils ne creaſſent par maniere

229.0 1448.0 1018.0 63.0 de dire, vn nouuel eſprit dans le ventre. Et quoy

232.0 1506.0 1015.0 66.0 que le peuple François ſemble auoir perdu long

233.0 1568.0 1021.0 65.0 teps y a toute cognoiſſance, & que par là, on puiſ¬

233.0 1624.0 1023.0 66.0 ſe iuger, que ſa maladie ſoit cõme mortelle, puis

235.0 1684.0 1021.0 64.0 qu’il ne ſent rien plus ſon mal: ſi eſt-ce, que i’o¬

236.0 1745.0 1017.0 62.0 ſerois promettre, que ce diſcours vn peu dilaté,

235.0 1799.0 1025.0 65.0 & accompagnè de raiſons, & d’exemples & de

239.0 1859.0 1015.0 59.0 quelque belle forme d’adminiſtration de l'eſtat,

243.0 1915.0 1017.0 75.0 de la iuſtice, & de la police, approchante à celle

1165.0 1991.0 89.0 62.0 que
