1422 2441
142.0 154.0 1043.0 72.0 ſoulagenient de l’Egliſe Françoiſe qu’à la ruine&

142.0 216.0 1038.0 57.0 ſubuerſion de la liberté des Polonois, ſi Dieu n’a

143.0 279.0 1044.0 61.0 biep:grand pitié d’eux ayant, dis-ie, receu cesnou

143.0 336.0 1048.0 59.0 uelles,ſon ambition luy cõmandant de ſe haſter à

146.0 400.0 1043.0 57.0 porter la couronne: il ouyt lors plus volontiers

149.0 458.0 1035.0 60.0 parler de paix qu’au parauant. Et ayant fait ſor¬

146.0 516.0 1033.0 60.0 tir les deputez de la Rochelle pour parlementer,

143.0 573.0 1042.0 52.0 Il receut lors de leurs mains le 25 de Iuin leurs ar

147.0 634.0 1037.0 58.0 ticles & leurs demandes qu’il enuoya incontinẽt

149.0 691.0 651.0 62.0 par deuers Charles le tyran.

294.0 98.0 619.0 48.0 DIALOOVE II.

191.0 747.0 998.0 66.0 Toſt apres l’armee de l’ẽnemy, qui ne cerchoit

150.0 806.0 1038.0 64.0 que le repos toute haraſſee d’auoir eſté ſi ſouuẽt

149.0 866.0 1040.0 64.0 battue & moquee, commença à ſe desbander çà

149.0 926.0 1038.0 55.0 & là. Et auſsi les noſtres à auoir de relaſche plus

150.0 1010.0 567.0 40.0 3o lisn cuienc olc pemicr.

162.0 1042.0 1026.0 67.0 Ie ne te dis pas le nombre de ceux qui ont eſté

151.0 1103.0 1037.0 64.0 tuez du coſté de l’ennemy: il paſſe plus de huict

153.0 1166.0 1034.0 58.0 mille. Ie ne te nõme pas auſsi les principaux d’en

150.0 1221.0 1035.0 64.0 tre eux quiy ont eſté tuez ou bleſſez pource que le

153.0 1280.0 1036.0 66.0 diſcours qui ẽ eſt imprimé en nõme la plus part:

1124.0 119.0 56.0 38.0 131

161.0 1339.0 1028.0 63.0 Seulement ie te diray en paſſant, qu’vn ſeul bo

151.0 1408.0 1036.0 55.0 leuard appellé de l'Euangile, contre lequell en¬

153.0 1457.0 1032.0 64.0 nemy:s aheurta le cuydant emporter de volee, à

151.0 1517.0 1036.0 54.0 ſait perdre à vne infinité des ennemis leur meſ¬

151.0 1575.0 1032.0 65.0 chante paillarde vie ſans qu’ils ayent rien exploi¬

150.0 1631.0 1039.0 64.0 te. C’eſt de là d’où fut tiré vn coup de couleuri¬

154.0 1697.0 1030.0 56.0 ne qui tua le duc d’Aumale derriere vn gabion.

153.0 1753.0 1034.0 60.0 c’eſt de là ou l’eſpec vierge du Perõ ſe retirãt des

156.0 1814.0 1035.0 60.0 trẽchees, le iour qu’õ batit ce bouleuard de 4o ca

154.0 1870.0 1038.0 61.0 nons fut bleſſé au dos qu’il luy auoit tourné: c’eſt

157.0 1933.0 1031.0 60.0 ce bouleuard que les Princes accompagnez de la

160.0 1985.0 1028.0 70.0 Nouleſſe allerẽt aſſaillir le ſeptieme d’Aouſt où

865.0 2046.0 117.0 58.0 i.iiii.
