<?xml version="1.0" encoding="UTF-8"?>
<alto xmlns:xsi="http://www.w3.org/2001/XMLSchema-instance"
      xmlns="http://www.loc.gov/standards/alto/ns-v4#"
      xsi:schemaLocation="http://www.loc.gov/standards/alto/ns-v4# http://www.loc.gov/standards/alto/v4/alto-4-2.xsd">
  <Description>
    <MeasurementUnit>pixel</MeasurementUnit>
    <sourceImageInformation>
      <fileName>page_00247.png</fileName>
      <fileIdentifier>mets//page_00205.zip/page_00247.png</fileIdentifier>
    </sourceImageInformation>
  </Description>
  <Tags>
    <OtherTag ID="BT7" LABEL="CustomZone" DESCRIPTION="block type CustomZone"/><OtherTag ID="BT8" LABEL="DamageZone" DESCRIPTION="block type DamageZone"/><OtherTag ID="BT9" LABEL="DigitizationArtefactZone" DESCRIPTION="block type DigitizationArtefactZone"/><OtherTag ID="BT10" LABEL="DropCapitalZone" DESCRIPTION="block type DropCapitalZone"/><OtherTag ID="BT11" LABEL="GraphicZone" DESCRIPTION="block type GraphicZone"/><OtherTag ID="BT12" LABEL="MainZone" DESCRIPTION="block type MainZone"/><OtherTag ID="BT13" LABEL="MarginTextZone" DESCRIPTION="block type MarginTextZone"/><OtherTag ID="BT14" LABEL="MusicZone" DESCRIPTION="block type MusicZone"/><OtherTag ID="BT15" LABEL="NumberingZone" DESCRIPTION="block type NumberingZone"/><OtherTag ID="BT17" LABEL="QuireMarksZone" DESCRIPTION="block type QuireMarksZone"/><OtherTag ID="BT18" LABEL="RunningTitleZone" DESCRIPTION="block type RunningTitleZone"/><OtherTag ID="BT19" LABEL="SealZone" DESCRIPTION="block type SealZone"/><OtherTag ID="BT20" LABEL="StampZone" DESCRIPTION="block type StampZone"/><OtherTag ID="BT21" LABEL="TableZone" DESCRIPTION="block type TableZone"/><OtherTag ID="BT22" LABEL="TitlePageZone" DESCRIPTION="block type TitlePageZone"/><OtherTag ID="BT100001" LABEL="MainZone-Head" DESCRIPTION="block type MainZone-Head"/><OtherTag ID="BT100005" LABEL="MainZone-P" DESCRIPTION="block type MainZone-P"/><OtherTag ID="BT100008" LABEL="MainZone-Sp" DESCRIPTION="block type MainZone-Sp"/><OtherTag ID="BT100006" LABEL="MainZone-Continued" DESCRIPTION="block type MainZone-Continued"/><OtherTag ID="BT100011" LABEL="MainZone-Entry" DESCRIPTION="block type MainZone-Entry"/><OtherTag ID="BT100010" LABEL="MainZone-Other" DESCRIPTION="block type MainZone-Other"/><OtherTag ID="BT100002" LABEL="MainZone-Lg" DESCRIPTION="block type MainZone-Lg"/>
    <OtherTag ID="LT7" LABEL="CustomLine" DESCRIPTION="line type CustomLine"/><OtherTag ID="LT8" LABEL="DefaultLine" DESCRIPTION="line type DefaultLine"/><OtherTag ID="LT9" LABEL="DropCapitalLine" DESCRIPTION="line type DropCapitalLine"/><OtherTag ID="LT10" LABEL="HeadingLine" DESCRIPTION="line type HeadingLine"/><OtherTag ID="LT11" LABEL="InterlinearLine" DESCRIPTION="line type InterlinearLine"/><OtherTag ID="LT12" LABEL="MusicLine" DESCRIPTION="line type MusicLine"/><OtherTag ID="LT764" LABEL="default" DESCRIPTION="line type default"/>
  </Tags>
  <Layout>
    <Page WIDTH="1449"
          HEIGHT="2419"
          PHYSICAL_IMG_NR="47"
          ID="eSc_dummypage_">
      <PrintSpace HPOS="0"
                  VPOS="0"
                  WIDTH="1449"
                  HEIGHT="2419">
        <TextBlock HPOS="275.0"
                   VPOS="63.0"
                   WIDTH="65.0"
                   HEIGHT="62.0"
                   ID="block_3"
                   TAGREFS="BT15">
          <Shape><Polygon POINTS="340 63 340 125 275 125 275 63"/></Shape>
          <TextLine ID="line_1"
                    TAGREFS="LT8"
                    BASELINE="276 107 352 104" 
                    HPOS="275.0"
                    VPOS="59.0"
                    WIDTH="77.0"
                    HEIGHT="65.0">
            <Shape><Polygon POINTS="276 107 276 115 305 124 306 124 307 124 309 124 352 111 352 104 350 72 313 59 311 59 310 59 309 59 307 59 307 60 297 72 275 73 276 107"/></Shape>
	    <String CONTENT="48"
                    HPOS="275.0"
                    VPOS="59.0"
                    WIDTH="77.0"
                    HEIGHT="65.0"
                    WC="0.9999656677246094"></String>
          </TextLine>
        </TextBlock>
        <TextBlock HPOS="260.0"
                   VPOS="121.0"
                   WIDTH="1050.0"
                   HEIGHT="1008.0"
                   ID="block_0"
                   TAGREFS="BT100006">
          <Shape><Polygon POINTS="1310 121 1300 1120 270 1129 260 121"/></Shape>
          <TextLine ID="line_2"
                    TAGREFS="LT8"
                    BASELINE="302 178 483 173 1299 170" 
                    HPOS="301.0"
                    VPOS="159.0"
                    WIDTH="998.0"
                    HEIGHT="31.0">
            <Shape><Polygon POINTS="1295 163 1282 163 1268 163 1255 163 1242 163 1228 163 1215 163 1201 163 1188 163 1174 163 1161 163 1147 163 1134 163 1121 163 1107 163 1094 163 1080 163 1067 163 1053 163 1040 163 1026 163 1013 163 1000 163 986 163 973 163 959 163 946 163 932 163 919 163 905 163 892 163 879 163 865 163 852 163 838 163 825 163 811 163 798 163 784 163 771 163 758 163 744 163 731 163 717 163 704 163 690 163 677 163 664 163 650 163 637 163 623 163 610 163 596 163 583 163 569 163 556 163 543 163 529 163 516 163 502 163 489 163 475 163 462 163 448 163 435 163 422 163 408 163 395 163 381 163 368 163 354 163 353 159 301 159 302 178 302 186 650 184 661 185 690 190 692 190 693 190 694 190 702 185 707 184 736 185 858 190 860 190 922 184 939 182 1298 182 1299 170 1297 163 1295 163"/></Shape>
	    <String CONTENT="Pour conciciloo, là puuicion de cene compile"
                    HPOS="301.0"
                    VPOS="159.0"
                    WIDTH="998.0"
                    HEIGHT="31.0"
                    WC="0.9845091938972473"></String>
          </TextLine>
          <TextLine ID="line_3"
                    TAGREFS="LT8"
                    BASELINE="271 235 1299 231" 
                    HPOS="270.0"
                    VPOS="188.0"
                    WIDTH="1029.0"
                    HEIGHT="64.0">
            <Shape><Polygon POINTS="271 235 271 243 510 243 513 243 529 252 530 252 532 252 595 243 614 241 774 241 789 243 834 251 836 251 837 251 861 244 954 251 955 251 1006 243 1030 240 1039 243 1052 249 1053 249 1055 251 1091 251 1091 249 1092 249 1104 243 1111 240 1118 243 1126 247 1127 247 1129 247 1298 243 1299 231 1297 201 1260 201 1246 188 1244 188 1243 188 1242 188 1240 188 1208 200 1145 188 1143 188 1142 188 1118 201 1041 201 1025 188 1024 188 1022 188 996 188 994 188 993 188 991 188 979 198 931 201 905 201 892 189 891 189 889 189 888 189 834 201 819 189 818 189 817 189 789 189 787 189 786 189 784 189 770 200 743 189 741 189 647 189 646 189 645 189 643 189 627 202 483 202 444 190 443 190 442 190 440 190 419 201 384 190 383 190 381 190 380 190 379 190 364 201 286 196 284 196 283 196 282 196 270 201 271 235"/></Shape>
	    <String CONTENT="tion ſur la royne d’Eſcoſſe, ſuppoſe qu’elle ſoit"
                    HPOS="270.0"
                    VPOS="188.0"
                    WIDTH="1029.0"
                    HEIGHT="64.0"
                    WC="0.9933754947720742"></String>
          </TextLine>
          <TextLine ID="line_4"
                    TAGREFS="LT8"
                    BASELINE="272 292 1298 290" 
                    HPOS="271.0"
                    VPOS="248.0"
                    WIDTH="1027.0"
                    HEIGHT="62.0">
            <Shape><Polygon POINTS="272 292 272 301 369 307 370 307 608 301 638 301 643 301 707 310 708 310 709 310 733 302 875 309 876 309 877 309 892 301 896 299 939 299 942 301 951 309 953 309 954 309 955 310 994 310 994 309 996 309 1026 301 1033 299 1039 301 1060 306 1061 306 1063 306 1297 299 1298 290 1297 262 1251 248 1250 248 1219 248 1217 248 1216 248 1215 248 1200 260 1135 260 1104 248 1103 248 1102 248 1100 248 1099 248 1079 260 1047 248 1045 248 1044 248 1043 248 1041 248 1030 258 951 260 891 248 889 248 888 248 887 248 875 259 838 262 799 262 778 249 776 249 727 249 725 249 724 249 723 249 708 262 668 249 666 249 665 249 664 249 662 249 649 260 576 262 397 249 396 249 395 249 393 249 379 262 271 263 272 292"/></Shape>
	    <String CONTENT="veritablement coulpable, quoy que ſachent dire"
                    HPOS="271.0"
                    VPOS="248.0"
                    WIDTH="1027.0"
                    HEIGHT="62.0"
                    WC="0.9963232654592266"></String>
          </TextLine>
          <TextLine ID="line_5"
                    TAGREFS="LT8"
                    BASELINE="270 353 1297 348" 
                    HPOS="268.0"
                    VPOS="306.0"
                    WIDTH="1029.0"
                    HEIGHT="64.0">
            <Shape><Polygon POINTS="270 353 270 362 379 362 380 362 389 370 391 370 392 370 393 370 501 362 536 361 544 362 563 369 564 369 565 369 606 362 622 361 661 362 762 369 763 369 809 362 837 360 1016 360 1021 362 1033 368 1035 368 1036 368 1067 362 1096 358 1115 362 1129 366 1130 366 1131 366 1295 362 1297 348 1293 318 1198 318 1197 318 1168 306 1166 306 1165 306 1164 306 1141 318 1121 306 1119 306 1118 306 1116 306 1115 306 1086 314 1064 306 1063 306 1061 306 1060 306 1059 306 1044 318 987 307 986 307 985 307 983 307 969 319 967 321 876 321 862 321 806 307 805 307 803 307 802 307 779 321 768 321 635 314 634 314 567 321 526 309 525 309 524 309 454 321 350 310 349 310 348 310 325 322 286 310 284 310 283 310 282 310 280 310 268 318 270 353"/></Shape>
	    <String CONTENT="&amp; alleguer ſes partizans, eſt treſ-iuſte, &amp; legitime,"
                    HPOS="268.0"
                    VPOS="306.0"
                    WIDTH="1029.0"
                    HEIGHT="64.0"
                    WC="0.9887493331477327"></String>
          </TextLine>
          <TextLine ID="line_6"
                    TAGREFS="LT8"
                    BASELINE="271 408 1299 408" 
                    HPOS="271.0"
                    VPOS="370.0"
                    WIDTH="1028.0"
                    HEIGHT="54.0">
            <Shape><Polygon POINTS="271 408 271 424 1299 417 1299 408 1299 380 1154 380 1103 370 1102 370 1056 380 916 380 778 370 776 370 775 370 774 370 763 380 654 380 591 370 590 370 536 378 491 370 490 370 489 370 467 380 271 380 271 408"/></Shape>
	    <String CONTENT="par toutes loix diuines, &amp; humaines: vtile, voire"
                    HPOS="271.0"
                    VPOS="370.0"
                    WIDTH="1028.0"
                    HEIGHT="54.0"
                    WC="0.9778950761775581"></String>
          </TextLine>
          <TextLine ID="line_7"
                    TAGREFS="LT8"
                    BASELINE="270 467 1299 467" 
                    HPOS="270.0"
                    VPOS="426.0"
                    WIDTH="1029.0"
                    HEIGHT="52.0">
            <Shape><Polygon POINTS="270 467 270 478 1299 478 1299 467 1299 436 1274 426 1272 426 1271 426 1270 426 1239 434 1208 426 1207 426 1205 426 1204 426 1203 426 1188 436 1052 436 1020 426 1018 426 1017 426 900 436 869 426 868 426 866 426 865 426 833 436 739 426 737 426 736 426 735 426 723 435 690 426 689 426 688 426 686 426 657 438 517 438 495 426 494 426 458 426 457 426 401 436 340 426 338 426 337 426 336 426 319 438 270 438 270 467"/></Shape>
	    <String CONTENT="trelneceſſaire, pour le ſalut, &amp; conſeruation de la"
                    HPOS="270.0"
                    VPOS="426.0"
                    WIDTH="1029.0"
                    HEIGHT="52.0"
                    WC="0.9798280199368795"></String>
          </TextLine>
          <TextLine ID="line_8"
                    TAGREFS="LT8"
                    BASELINE="271 528 1295 522" 
                    HPOS="270.0"
                    VPOS="479.0"
                    WIDTH="1025.0"
                    HEIGHT="67.0">
            <Shape><Polygon POINTS="271 528 271 546 327 537 461 544 463 544 465 544 466 544 528 536 627 536 641 541 645 544 646 544 647 544 670 541 705 537 723 541 739 544 740 544 741 544 743 544 747 540 752 534 798 534 918 537 1037 541 1039 541 1107 534 1134 533 1155 534 1247 541 1248 541 1294 532 1295 522 1293 493 1266 493 1250 479 1248 479 1247 479 1246 479 1244 479 1220 493 1180 493 1165 479 1164 479 1162 479 1161 479 1160 479 1158 479 1149 486 1118 479 1116 479 1115 479 1114 479 1098 491 1018 481 1017 481 1016 481 1014 481 1001 491 987 481 986 481 985 481 983 481 982 481 935 494 852 494 818 481 817 481 815 481 814 481 813 481 797 493 770 482 768 482 767 482 766 482 764 482 750 494 634 494 619 482 618 482 616 482 587 482 586 482 584 482 583 482 569 493 539 482 537 482 536 482 534 482 533 482 533 483 522 491 487 483 486 483 485 483 483 483 467 495 353 483 352 483 350 483 327 495 270 497 271 528"/></Shape>
	    <String CONTENT="perſonne de la Royne, &amp; de tout l’eſtat d’Angle¬"
                    HPOS="270.0"
                    VPOS="479.0"
                    WIDTH="1025.0"
                    HEIGHT="67.0"
                    WC="0.9966944865882397"></String>
          </TextLine>
          <TextLine ID="line_9"
                    TAGREFS="LT8"
                    BASELINE="270 587 1298 583" 
                    HPOS="268.0"
                    VPOS="542.0"
                    WIDTH="1030.0"
                    HEIGHT="60.0">
            <Shape><Polygon POINTS="270 587 270 595 392 602 393 602 434 595 436 593 733 593 740 593 852 600 853 600 889 593 1044 599 1045 599 1134 592 1147 599 1149 599 1150 600 1285 600 1285 599 1286 599 1287 599 1298 591 1298 583 1295 549 1244 542 1243 542 1242 542 1240 542 1232 549 1227 555 1001 555 997 552 986 542 985 542 983 542 955 542 954 542 953 542 951 542 939 552 938 553 936 552 922 544 920 544 884 544 883 544 881 544 880 544 869 553 865 556 678 556 676 555 634 544 633 544 631 544 630 544 629 544 615 555 510 545 509 545 508 545 487 556 486 557 471 557 444 557 403 545 401 545 400 545 399 545 397 545 383 556 283 550 282 550 280 550 268 556 270 587"/></Shape>
	    <String CONTENT="terre, &amp; meſmes de ceux, que la Royne a occaſiõ"
                    HPOS="268.0"
                    VPOS="542.0"
                    WIDTH="1030.0"
                    HEIGHT="60.0"
                    WC="0.9948704702158769"></String>
          </TextLine>
          <TextLine ID="line_10"
                    TAGREFS="LT8"
                    BASELINE="268 643 1298 643" 
                    HPOS="268.0"
                    VPOS="602.0"
                    WIDTH="1030.0"
                    HEIGHT="57.0">
            <Shape><Polygon POINTS="268 643 268 651 294 659 295 659 297 659 298 659 299 659 311 653 481 659 482 659 598 653 916 653 934 659 935 659 936 659 1237 653 1248 659 1250 659 1251 659 1252 659 1298 651 1298 643 1298 615 1242 611 1231 602 1229 602 1228 602 1227 602 1225 602 1176 614 1125 602 1123 602 1122 602 1121 602 1110 611 997 614 961 602 959 602 916 602 915 602 914 602 912 602 896 615 697 615 643 602 642 602 641 602 639 602 623 615 583 615 520 602 518 602 517 602 485 614 447 602 446 602 444 602 443 602 416 614 338 614 321 602 319 602 318 602 290 602 288 602 287 602 286 602 268 612 268 643"/></Shape>
	    <String CONTENT="d’aimer le plus. Au contraire, l’impunité, eſt vn"
                    HPOS="268.0"
                    VPOS="602.0"
                    WIDTH="1030.0"
                    HEIGHT="57.0"
                    WC="0.9927417683601379"></String>
          </TextLine>
          <TextLine ID="line_11"
                    TAGREFS="LT8"
                    BASELINE="271 704 1294 701" 
                    HPOS="270.0"
                    VPOS="658.0"
                    WIDTH="1024.0"
                    HEIGHT="60.0">
            <Shape><Polygon POINTS="271 704 271 712 364 718 365 718 366 718 368 718 375 713 377 712 658 712 673 714 692 718 693 718 694 718 696 718 700 714 705 712 932 716 1022 717 1024 717 1025 717 1029 716 1055 710 1291 717 1294 701 1291 671 1233 671 1209 658 1208 658 1162 658 1161 658 1160 658 1158 658 1143 670 1119 658 1118 658 1116 658 1115 658 1082 666 1061 658 1060 658 1059 658 1057 658 1056 658 1040 671 983 671 946 658 944 658 943 658 942 658 940 658 926 670 807 670 783 658 782 658 780 658 779 658 754 671 729 659 728 659 727 659 725 659 697 671 591 659 590 659 588 659 587 659 573 671 540 671 504 659 502 659 501 659 500 659 498 659 483 671 424 659 423 659 422 659 399 671 270 673 271 704"/></Shape>
	    <String CONTENT="vray refus de iuſtice, &amp; de protection à ſes ſuiets,"
                    HPOS="270.0"
                    VPOS="658.0"
                    WIDTH="1024.0"
                    HEIGHT="60.0"
                    WC="0.9948115821154613"></String>
          </TextLine>
          <TextLine ID="line_12"
                    TAGREFS="LT8"
                    BASELINE="270 763 1297 760" 
                    HPOS="268.0"
                    VPOS="717.0"
                    WIDTH="1029.0"
                    HEIGHT="62.0">
            <Shape><Polygon POINTS="270 763 270 771 400 771 411 779 412 779 414 779 415 779 457 771 465 770 766 770 780 771 836 778 837 778 881 771 893 770 897 771 911 778 912 778 914 778 970 771 986 770 989 771 997 778 998 778 1000 778 1001 778 1002 778 1021 771 1024 771 1029 771 1071 778 1072 778 1295 771 1297 760 1294 724 1267 717 1266 717 1264 717 1263 717 1255 724 1247 731 1104 731 1096 725 1090 721 1088 721 1087 721 1086 721 1084 721 1075 725 1067 729 1057 725 1037 717 1036 717 1035 717 1033 717 1032 717 1020 725 1014 731 989 731 979 727 954 717 953 717 951 717 950 717 924 727 923 728 837 729 828 728 783 717 782 717 780 717 759 728 754 731 746 728 715 718 713 718 712 718 711 718 689 729 685 731 680 729 646 718 645 718 591 718 590 718 588 718 587 718 569 731 568 731 565 731 529 718 528 718 526 718 525 718 524 718 504 731 500 731 408 718 407 718 405 718 381 731 309 725 307 725 268 732 270 763"/></Shape>
	    <String CONTENT="vn meſpris du ſalut de ſon peuple, &amp; (ce qui eſt"
                    HPOS="268.0"
                    VPOS="717.0"
                    WIDTH="1029.0"
                    HEIGHT="62.0"
                    WC="0.9968696969250838"></String>
          </TextLine>
          <TextLine ID="line_13"
                    TAGREFS="LT8"
                    BASELINE="271 821 1297 817" 
                    HPOS="270.0"
                    VPOS="779.0"
                    WIDTH="1027.0"
                    HEIGHT="59.0">
            <Shape><Polygon POINTS="271 821 271 838 362 829 416 829 430 837 431 837 432 837 434 838 477 838 477 837 478 837 479 837 490 829 565 835 579 837 580 837 582 837 586 835 614 827 862 827 880 833 889 835 891 835 892 835 912 833 961 826 1036 831 1071 834 1072 834 1295 829 1297 817 1294 788 959 788 927 779 926 779 924 779 923 779 922 779 909 790 833 790 700 779 698 779 697 779 696 779 684 790 595 790 576 780 575 780 573 780 444 788 368 780 366 780 365 780 342 788 298 780 297 780 295 780 270 790 271 821"/></Shape>
	    <String CONTENT="plus à regreter) vne deſertion, &amp; contemnement"
                    HPOS="270.0"
                    VPOS="779.0"
                    WIDTH="1027.0"
                    HEIGHT="59.0"
                    WC="0.9960113522854257"></String>
          </TextLine>
          <TextLine ID="line_14"
                    TAGREFS="LT8"
                    BASELINE="270 878 1298 876" 
                    HPOS="268.0"
                    VPOS="833.0"
                    WIDTH="1030.0"
                    HEIGHT="62.0">
            <Shape><Polygon POINTS="270 878 270 886 298 893 299 893 301 893 325 886 329 886 751 886 756 888 776 895 778 895 779 895 838 888 866 885 895 888 932 892 934 892 935 892 944 888 950 885 953 888 959 893 961 893 962 893 963 893 965 893 985 888 997 885 1009 888 1026 893 1028 893 1029 895 1094 895 1094 893 1095 893 1096 893 1102 888 1104 886 1107 888 1112 892 1114 892 1115 892 1116 892 1137 888 1153 885 1170 888 1194 893 1196 893 1197 893 1208 888 1213 886 1223 888 1244 893 1246 893 1297 888 1298 876 1295 846 1259 846 1244 833 1243 833 1242 833 1240 833 1239 833 1212 845 1176 833 1174 833 1173 833 1172 833 1149 845 1125 833 1123 833 1122 833 1121 833 1119 833 1103 846 1006 846 966 833 965 833 963 833 962 833 961 833 944 845 928 833 927 833 926 833 924 833 923 833 893 842 883 833 881 833 880 833 819 833 818 833 817 833 815 833 803 843 784 833 783 833 782 833 727 834 725 834 724 834 712 845 685 834 684 834 682 834 681 834 680 834 665 847 528 847 491 834 490 834 489 834 434 847 369 847 337 834 336 834 334 834 333 834 332 834 315 845 298 834 297 834 295 834 294 834 293 834 268 846 270 878"/></Shape>
	    <String CONTENT="de la conſeruation de l’Egliſe de Dieu, &amp; de ſon"
                    HPOS="268.0"
                    VPOS="833.0"
                    WIDTH="1030.0"
                    HEIGHT="62.0"
                    WC="0.9961177942653497"></String>
          </TextLine>
          <TextLine ID="line_15"
                    TAGREFS="LT8"
                    BASELINE="274 939 1298 934" 
                    HPOS="272.0"
                    VPOS="896.0"
                    WIDTH="1026.0"
                    HEIGHT="62.0">
            <Shape><Polygon POINTS="274 939 274 958 349 947 516 954 517 954 518 954 537 946 548 954 549 955 551 955 552 955 553 956 602 956 602 955 603 955 611 952 635 946 651 952 658 955 659 955 661 955 662 955 672 952 689 946 713 951 720 952 721 952 746 951 825 944 924 948 1014 951 1016 951 1059 946 1082 943 1086 946 1091 950 1092 950 1094 950 1270 952 1271 952 1272 952 1298 942 1298 934 1294 905 1028 905 1016 896 1014 896 1013 896 953 896 951 896 950 896 948 896 936 905 838 900 837 900 690 907 658 897 657 897 655 897 611 905 529 897 528 897 483 907 362 899 361 899 272 909 274 939"/></Shape>
	    <String CONTENT="pur ſeruice, lequel, comme tu as dict au commen¬"
                    HPOS="272.0"
                    VPOS="896.0"
                    WIDTH="1026.0"
                    HEIGHT="62.0"
                    WC="0.9965076086421808"></String>
          </TextLine>
          <TextLine ID="line_16"
                    TAGREFS="LT8"
                    BASELINE="270 995 1298 993" 
                    HPOS="268.0"
                    VPOS="954.0"
                    WIDTH="1030.0"
                    HEIGHT="53.0">
            <Shape><Polygon POINTS="270 995 270 1005 1295 1007 1298 993 1295 964 1168 964 1153 954 1151 954 1150 954 1102 954 1100 954 1099 954 1098 954 1090 960 1082 954 1080 954 1079 954 1036 954 1035 954 1033 954 1010 964 659 964 623 955 622 955 621 955 619 955 618 955 606 966 568 966 485 955 483 955 482 955 481 955 470 964 268 966 270 995"/></Shape>
	    <String CONTENT="cement, y ſeroit de tout point renuerſé, ſi la mort"
                    HPOS="268.0"
                    VPOS="954.0"
                    WIDTH="1030.0"
                    HEIGHT="53.0"
                    WC="0.998022816502131"></String>
          </TextLine>
          <TextLine ID="line_17"
                    TAGREFS="LT8"
                    BASELINE="270 1053 1295 1053" 
                    HPOS="270.0"
                    VPOS="1010.0"
                    WIDTH="1025.0"
                    HEIGHT="63.0">
            <Shape><Polygon POINTS="270 1053 270 1063 283 1069 284 1069 286 1069 403 1063 422 1072 423 1072 424 1072 482 1063 883 1063 912 1072 914 1072 915 1072 916 1072 943 1063 1037 1071 1039 1072 1129 1072 1129 1071 1130 1071 1131 1071 1142 1063 1174 1072 1176 1072 1177 1073 1246 1073 1246 1072 1295 1061 1295 1053 1295 1022 1267 1010 1266 1010 1264 1010 1263 1010 1220 1022 1181 1010 1180 1010 1154 1010 1153 1010 1151 1010 1150 1010 1137 1022 1118 1010 1116 1010 1115 1010 1114 1010 1112 1010 1071 1022 991 1022 959 1010 958 1010 957 1010 955 1010 954 1010 938 1024 920 1024 885 1010 884 1010 883 1010 881 1010 880 1010 860 1024 795 1024 771 1010 770 1010 768 1010 767 1010 766 1010 750 1024 728 1024 713 1010 712 1010 711 1010 689 1010 688 1010 686 1010 685 1010 672 1021 619 1010 618 1010 616 1010 615 1010 600 1022 584 1010 583 1010 582 1010 524 1010 522 1010 521 1010 520 1010 504 1024 372 1024 352 1010 350 1010 349 1010 348 1010 346 1010 321 1021 294 1010 293 1010 291 1010 290 1010 288 1010 270 1021 270 1053"/></Shape>
	    <String CONTENT="de la royne Elizabeth aduenoit, deuant le ſuppli¬"
                    HPOS="270.0"
                    VPOS="1010.0"
                    WIDTH="1025.0"
                    HEIGHT="63.0"
                    WC="0.9825006553104946"></String>
          </TextLine>
          <TextLine ID="line_18"
                    TAGREFS="LT8"
                    BASELINE="270 1112 782 1108" 
                    HPOS="268.0"
                    VPOS="1068.0"
                    WIDTH="514.0"
                    HEIGHT="60.0">
            <Shape><Polygon POINTS="270 1112 270 1122 279 1128 280 1128 282 1128 283 1128 284 1128 302 1120 485 1120 568 1127 569 1127 623 1119 770 1126 771 1126 772 1126 774 1126 782 1118 782 1108 779 1081 746 1079 736 1069 736 1068 735 1068 733 1068 732 1068 731 1068 698 1080 682 1068 681 1068 680 1068 633 1068 631 1068 630 1068 602 1083 482 1083 448 1069 447 1069 446 1069 391 1081 341 1071 340 1071 338 1071 337 1071 337 1072 325 1083 291 1077 290 1077 288 1077 268 1084 270 1112"/></Shape>
	    <String CONTENT="ce deu à la royne Marie."
                    HPOS="268.0"
                    VPOS="1068.0"
                    WIDTH="514.0"
                    HEIGHT="60.0"
                    WC="0.9770345997810364"></String>
          </TextLine>
        </TextBlock>
        <TextBlock HPOS="505.0"
                   VPOS="58.0"
                   WIDTH="596.0"
                   HEIGHT="57.0"
                   ID="block_2"
                   TAGREFS="BT18">
          <Shape><Polygon POINTS="1101 58 1101 115 505 115 505 58"/></Shape>
          <TextLine ID="line_0"
                    TAGREFS="LT10"
                    BASELINE="505 104 1099 100" 
                    HPOS="502.0"
                    VPOS="56.0"
                    WIDTH="595.0"
                    HEIGHT="58.0">
            <Shape><Polygon POINTS="1047 58 615 60 520 56 502 58 504 114 1095 112 1097 98 1087 58 1047 58"/></Shape>
	    <String CONTENT="DIALOGVE II."
                    HPOS="502.0"
                    VPOS="56.0"
                    WIDTH="595.0"
                    HEIGHT="58.0"
                    WC="0.9999832014242808"></String>
          </TextLine>
        </TextBlock>
        <TextBlock HPOS="271.0"
                   VPOS="1133.0"
                   WIDTH="1020.0"
                   HEIGHT="866.0"
                   ID="eSc_textblock_b7d446cb"
                   TAGREFS="BT100005">
          <Shape><Polygon POINTS="1291 1999 1291 1133 271 1133 271 1999"/></Shape>
          <TextLine ID="line_19"
                    TAGREFS="LT8"
                    BASELINE="329 1171 1294 1167" 
                    HPOS="327.0"
                    VPOS="1127.0"
                    WIDTH="967.0"
                    HEIGHT="60.0">
            <Shape><Polygon POINTS="329 1171 329 1179 444 1186 446 1186 447 1186 448 1186 455 1181 457 1178 772 1178 791 1181 834 1187 836 1187 866 1181 869 1181 879 1181 970 1187 971 1187 973 1187 990 1181 1000 1178 1020 1181 1053 1186 1055 1186 1293 1181 1294 1167 1291 1132 1247 1127 1246 1127 1244 1127 1243 1127 1236 1132 1229 1136 1216 1132 1200 1127 1198 1127 1197 1127 1196 1127 1194 1127 1188 1132 1181 1139 814 1139 801 1135 791 1132 790 1132 789 1132 787 1132 776 1135 764 1139 752 1136 727 1128 725 1128 724 1128 723 1128 721 1128 712 1136 708 1140 680 1140 654 1136 595 1130 594 1130 592 1130 591 1130 583 1136 582 1139 485 1140 479 1138 471 1134 470 1134 469 1134 467 1134 454 1138 446 1140 420 1138 334 1130 333 1130 332 1130 330 1130 330 1131 329 1131 327 1131 329 1171"/></Shape>
	    <String CONTENT="Dieu n’aura faute de moyens pour garantir ſõ"
                    HPOS="327.0"
                    VPOS="1127.0"
                    WIDTH="967.0"
                    HEIGHT="60.0"
                    WC="0.994253851307763"></String>
          </TextLine>
          <TextLine ID="line_20"
                    TAGREFS="LT8"
                    BASELINE="271 1229 1293 1224" 
                    HPOS="270.0"
                    VPOS="1185.0"
                    WIDTH="1023.0"
                    HEIGHT="63.0">
            <Shape><Polygon POINTS="271 1229 271 1239 376 1248 377 1248 379 1248 416 1239 418 1237 525 1237 528 1237 544 1247 545 1247 547 1247 548 1247 549 1247 560 1237 561 1237 645 1237 649 1237 712 1247 713 1247 908 1236 914 1236 916 1236 994 1245 996 1245 1033 1243 1035 1243 1036 1243 1036 1241 1043 1236 1051 1241 1052 1241 1053 1241 1055 1241 1056 1241 1068 1236 1139 1243 1141 1243 1180 1235 1189 1243 1190 1243 1192 1243 1264 1244 1266 1244 1267 1244 1293 1233 1293 1224 1291 1198 1266 1185 1264 1185 1263 1185 1262 1185 1235 1198 1017 1200 909 1200 842 1186 841 1186 840 1186 838 1186 823 1198 778 1187 712 1187 711 1187 709 1187 684 1198 635 1192 634 1192 633 1192 604 1200 569 1187 568 1187 567 1187 565 1187 564 1187 549 1200 450 1189 448 1189 447 1189 419 1201 379 1189 377 1189 376 1189 375 1189 353 1197 280 1194 279 1194 278 1194 276 1194 270 1198 271 1229"/></Shape>
	    <String CONTENT="peuple eſleu, &amp; amplifier ſon regne: mais mal¬"
                    HPOS="270.0"
                    VPOS="1185.0"
                    WIDTH="1023.0"
                    HEIGHT="63.0"
                    WC="0.996165350727413"></String>
          </TextLine>
          <TextLine ID="line_21"
                    TAGREFS="LT8"
                    BASELINE="268 1288 1294 1286" 
                    HPOS="267.0"
                    VPOS="1245.0"
                    WIDTH="1027.0"
                    HEIGHT="59.0">
            <Shape><Polygon POINTS="268 1288 268 1296 610 1296 611 1296 633 1304 634 1304 635 1304 637 1304 638 1304 649 1296 651 1296 688 1304 689 1304 690 1304 721 1296 724 1296 743 1296 935 1303 936 1303 970 1296 978 1295 998 1296 1090 1303 1091 1303 1293 1295 1294 1286 1293 1256 1266 1245 1264 1245 1263 1245 1262 1245 1227 1256 1224 1257 1194 1257 1193 1256 1180 1245 1178 1245 1177 1245 1154 1245 1153 1245 1151 1245 1150 1245 1138 1256 1137 1257 1073 1257 1072 1256 1055 1245 1053 1245 1052 1245 1051 1245 1049 1245 1021 1253 990 1245 989 1245 987 1245 986 1245 970 1253 927 1245 926 1245 924 1245 923 1245 907 1256 794 1257 748 1257 733 1257 443 1247 442 1247 440 1247 439 1247 428 1256 377 1257 286 1247 284 1247 283 1247 282 1247 267 1255 268 1288"/></Shape>
	    <String CONTENT="heur au Paſteur, qui aura nourry le loup dans le"
                    HPOS="267.0"
                    VPOS="1245.0"
                    WIDTH="1027.0"
                    HEIGHT="59.0"
                    WC="0.9949400946497917"></String>
          </TextLine>
          <TextLine ID="line_22"
                    TAGREFS="LT8"
                    BASELINE="268 1347 1289 1342" 
                    HPOS="267.0"
                    VPOS="1303.0"
                    WIDTH="1022.0"
                    HEIGHT="61.0">
            <Shape><Polygon POINTS="268 1347 268 1357 392 1364 393 1364 533 1355 553 1355 557 1355 583 1362 584 1362 586 1362 587 1362 604 1355 606 1354 826 1354 828 1354 834 1361 836 1361 837 1361 838 1362 903 1362 903 1361 1009 1354 1024 1361 1025 1361 1026 1361 1142 1354 1180 1360 1181 1360 1182 1360 1184 1360 1192 1353 1260 1360 1262 1360 1263 1360 1289 1351 1289 1342 1286 1315 1240 1312 1229 1303 1228 1303 1227 1303 1225 1303 1224 1303 1182 1314 1166 1303 1165 1303 1164 1303 1096 1303 1095 1303 1094 1303 1068 1312 1035 1303 1033 1303 1032 1303 1030 1303 1029 1303 1029 1304 1016 1317 836 1317 821 1308 819 1308 818 1308 690 1317 677 1306 676 1306 674 1306 622 1306 621 1306 619 1306 618 1306 603 1318 551 1318 524 1306 522 1306 521 1306 520 1306 474 1318 377 1311 376 1311 317 1318 283 1310 282 1310 280 1310 279 1310 278 1310 267 1317 268 1347"/></Shape>
	    <String CONTENT="troupeau: &amp; au laboureur, qui n’a chaſſé le ſan¬"
                    HPOS="267.0"
                    VPOS="1303.0"
                    WIDTH="1022.0"
                    HEIGHT="61.0"
                    WC="0.9957870792369453"></String>
          </TextLine>
          <TextLine ID="line_23"
                    TAGREFS="LT8"
                    BASELINE="268 1404 1294 1401" 
                    HPOS="267.0"
                    VPOS="1362.0"
                    WIDTH="1027.0"
                    HEIGHT="63.0">
            <Shape><Polygon POINTS="268 1404 268 1425 332 1415 372 1420 373 1420 375 1420 376 1420 383 1413 396 1423 397 1423 399 1423 400 1423 401 1423 435 1413 475 1420 477 1420 478 1420 495 1413 547 1421 561 1424 563 1424 576 1421 615 1413 707 1420 774 1424 775 1424 776 1424 795 1419 817 1412 946 1416 1102 1421 1103 1421 1104 1421 1106 1421 1118 1413 1119 1413 1121 1413 1143 1421 1145 1421 1146 1421 1186 1413 1259 1420 1260 1420 1262 1420 1294 1411 1294 1401 1291 1374 1247 1374 1228 1362 1227 1362 1225 1362 1190 1362 1189 1362 1188 1362 1186 1362 1176 1372 1141 1362 1139 1362 1138 1362 1137 1362 1135 1362 1122 1374 950 1374 932 1362 931 1362 930 1362 893 1362 892 1362 891 1362 889 1362 876 1374 729 1374 688 1364 686 1364 685 1364 684 1364 682 1364 666 1374 629 1364 627 1364 626 1364 625 1364 623 1364 608 1376 481 1376 462 1364 461 1364 459 1364 458 1364 457 1364 431 1372 395 1364 393 1364 392 1364 391 1364 376 1376 353 1376 301 1364 299 1364 298 1364 267 1376 268 1404"/></Shape>
	    <String CONTENT="glier de la vigne du Seigneur. Et comme dit Eze¬"
                    HPOS="267.0"
                    VPOS="1362.0"
                    WIDTH="1027.0"
                    HEIGHT="63.0"
                    WC="0.9969270266592503"></String>
          </TextLine>
          <TextLine ID="line_24"
                    TAGREFS="LT8"
                    BASELINE="266 1463 1291 1460" 
                    HPOS="264.0"
                    VPOS="1421.0"
                    WIDTH="1027.0"
                    HEIGHT="61.0">
            <Shape><Polygon POINTS="266 1463 266 1474 361 1474 364 1474 385 1482 387 1482 388 1482 389 1482 416 1474 419 1474 424 1474 483 1482 485 1482 486 1482 518 1474 521 1474 525 1474 599 1482 600 1482 650 1474 651 1474 658 1474 889 1480 891 1480 892 1480 919 1472 922 1472 1194 1472 1196 1472 1244 1480 1246 1480 1290 1471 1291 1460 1289 1432 1242 1421 1240 1421 1239 1421 1237 1421 1223 1432 1221 1433 1182 1433 1180 1432 1150 1421 1149 1421 1147 1421 1146 1421 1122 1432 1121 1433 1068 1433 1065 1432 1001 1421 1000 1421 998 1421 957 1432 955 1433 868 1433 845 1433 776 1421 775 1421 774 1421 772 1421 762 1429 719 1423 717 1423 716 1423 715 1423 701 1433 700 1435 553 1435 553 1433 540 1423 539 1423 537 1423 536 1423 534 1423 501 1433 483 1433 396 1433 361 1423 360 1423 358 1423 357 1423 356 1423 340 1433 294 1423 293 1423 291 1423 264 1432 266 1463"/></Shape>
	    <String CONTENT="chiel, au 33.chapitre: Celuy qui oit ſonner la trõ¬"
                    HPOS="264.0"
                    VPOS="1421.0"
                    WIDTH="1027.0"
                    HEIGHT="61.0"
                    WC="0.9957784884251081"></String>
          </TextLine>
          <TextLine ID="line_25"
                    TAGREFS="LT8"
                    BASELINE="268 1523 1293 1518" 
                    HPOS="267.0"
                    VPOS="1502.0"
                    WIDTH="1026.0"
                    HEIGHT="42.0">
            <Shape><Polygon POINTS="1289 1517 1275 1517 1262 1517 1248 1517 1235 1517 1221 1517 1208 1517 1194 1517 1181 1517 1168 1517 1154 1517 1141 1517 1127 1517 1114 1517 1100 1517 1087 1517 1073 1517 1060 1517 1047 1517 1033 1517 1020 1519 1006 1519 993 1519 979 1519 966 1519 953 1519 939 1519 926 1519 912 1519 899 1519 885 1519 872 1519 858 1519 845 1519 832 1519 818 1519 805 1519 791 1519 778 1519 764 1519 751 1519 737 1519 724 1519 711 1519 697 1519 684 1519 670 1519 657 1519 643 1519 630 1519 616 1519 603 1519 590 1519 576 1519 563 1519 549 1519 536 1519 522 1519 509 1519 495 1519 482 1519 469 1519 455 1519 442 1519 428 1519 415 1519 401 1519 388 1519 375 1519 361 1519 360 1503 267 1502 268 1523 268 1544 323 1533 517 1533 528 1540 530 1542 532 1542 533 1542 534 1544 582 1544 582 1542 583 1542 591 1540 610 1532 635 1538 651 1542 653 1542 654 1542 655 1542 670 1538 686 1532 806 1530 1048 1530 1052 1532 1090 1540 1091 1540 1160 1530 1172 1529 1176 1530 1203 1540 1204 1540 1205 1540 1264 1533 1280 1538 1282 1538 1283 1538 1285 1538 1286 1538 1286 1537 1293 1530 1293 1518 1291 1517 1289 1517"/></Shape>
	    <String CONTENT="pette,cene le jon pomendoueremtement;dieipee"
                    HPOS="267.0"
                    VPOS="1502.0"
                    WIDTH="1026.0"
                    HEIGHT="42.0"
                    WC="0.9705423726276918"></String>
          </TextLine>
          <TextLine ID="line_26"
                    TAGREFS="LT8"
                    BASELINE="267 1581 1290 1577" 
                    HPOS="266.0"
                    VPOS="1537.0"
                    WIDTH="1024.0"
                    HEIGHT="62.0">
            <Shape><Polygon POINTS="267 1581 267 1591 391 1599 392 1599 525 1591 528 1591 529 1591 592 1599 594 1599 595 1599 596 1599 608 1589 610 1589 629 1589 786 1597 787 1597 848 1589 849 1589 852 1589 989 1596 990 1596 991 1596 1010 1588 1012 1588 1032 1588 1262 1596 1263 1596 1264 1596 1290 1587 1290 1577 1287 1550 1063 1550 1033 1537 1032 1537 1030 1537 1029 1537 1028 1537 1013 1549 962 1549 947 1538 946 1538 944 1538 943 1538 901 1548 889 1538 888 1538 887 1538 815 1538 814 1538 813 1538 780 1550 693 1538 692 1538 690 1538 689 1538 676 1549 612 1538 611 1538 610 1538 608 1538 608 1540 594 1553 504 1553 479 1540 478 1540 451 1540 450 1540 448 1540 447 1540 436 1549 408 1540 407 1540 405 1540 404 1540 403 1540 388 1552 353 1545 352 1545 266 1553 267 1581"/></Shape>
	    <String CONTENT="vient, &amp; l’occit, ſon ſang eſt ſur luy: &amp; encores a¬"
                    HPOS="266.0"
                    VPOS="1537.0"
                    WIDTH="1024.0"
                    HEIGHT="62.0"
                    WC="0.9913703890947195"></String>
          </TextLine>
          <TextLine ID="line_27"
                    TAGREFS="LT8"
                    BASELINE="267 1640 1290 1636" 
                    HPOS="266.0"
                    VPOS="1596.0"
                    WIDTH="1024.0"
                    HEIGHT="63.0">
            <Shape><Polygon POINTS="267 1640 267 1659 315 1648 618 1648 689 1654 721 1657 723 1657 767 1654 829 1648 846 1652 864 1657 865 1657 866 1657 900 1651 922 1648 930 1651 946 1657 947 1657 948 1657 977 1651 994 1647 1126 1647 1130 1648 1146 1655 1147 1655 1149 1655 1289 1646 1290 1636 1287 1608 1194 1596 1193 1596 1192 1596 1190 1596 1174 1607 1149 1596 1147 1596 1146 1596 1145 1596 1116 1607 1055 1596 1053 1596 1052 1596 1051 1596 1035 1607 1006 1596 1005 1596 1004 1596 1002 1596 1001 1596 989 1607 946 1609 661 1609 625 1597 623 1597 622 1597 621 1597 619 1597 604 1609 564 1599 563 1599 561 1599 498 1609 478 1599 477 1599 444 1599 443 1599 442 1599 440 1599 427 1608 376 1599 375 1599 373 1599 344 1611 266 1611 267 1640"/></Shape>
	    <String CONTENT="pres il adiouſte. La guette qui oyt le ſon de l’en¬"
                    HPOS="266.0"
                    VPOS="1596.0"
                    WIDTH="1024.0"
                    HEIGHT="63.0"
                    WC="0.9858226261886895"></String>
          </TextLine>
          <TextLine ID="line_28"
                    TAGREFS="LT8"
                    BASELINE="262 1698 1294 1698" 
                    HPOS="262.0"
                    VPOS="1658.0"
                    WIDTH="1032.0"
                    HEIGHT="50.0">
            <Shape><Polygon POINTS="262 1698 262 1708 1294 1708 1294 1698 1294 1670 1211 1670 1194 1658 1193 1658 1192 1658 1190 1658 1189 1658 1154 1669 1047 1658 1045 1658 996 1669 962 1658 961 1658 846 1658 845 1658 844 1658 842 1658 829 1669 807 1661 806 1661 805 1661 724 1669 677 1658 676 1658 674 1658 649 1670 598 1670 564 1658 563 1658 561 1658 560 1658 559 1658 544 1670 262 1670 262 1698"/></Shape>
	    <String CONTENT="nemy venant, &amp; n’aduertit, ſi l’eſpee vient, &amp; oc¬"
                    HPOS="262.0"
                    VPOS="1658.0"
                    WIDTH="1032.0"
                    HEIGHT="50.0"
                    WC="0.9942258834838867"></String>
          </TextLine>
          <TextLine ID="line_29"
                    TAGREFS="LT8"
                    BASELINE="262 1757 1293 1755" 
                    HPOS="260.0"
                    VPOS="1713.0"
                    WIDTH="1033.0"
                    HEIGHT="62.0">
            <Shape><Polygon POINTS="262 1757 262 1767 483 1767 486 1767 508 1775 509 1775 510 1775 561 1767 569 1767 577 1767 633 1775 634 1775 694 1767 705 1767 798 1767 801 1767 813 1773 814 1773 815 1773 844 1767 856 1765 872 1767 916 1773 918 1773 919 1773 931 1767 936 1765 1049 1765 1060 1767 1084 1773 1086 1773 1087 1773 1118 1767 1129 1765 1141 1767 1165 1772 1166 1772 1291 1767 1293 1755 1290 1717 1255 1713 1254 1713 1252 1713 1242 1717 1219 1725 1189 1717 1172 1713 1170 1713 1169 1713 1168 1713 1166 1713 1161 1718 1150 1726 1087 1726 1079 1718 1072 1713 1071 1713 1069 1713 1068 1713 1035 1720 1024 1721 1022 1720 1014 1713 1013 1713 1012 1713 942 1713 940 1713 939 1713 924 1721 916 1725 911 1721 901 1713 900 1713 899 1713 869 1713 868 1713 866 1713 865 1713 854 1721 849 1725 832 1722 783 1713 782 1713 780 1713 779 1713 767 1722 760 1728 725 1728 715 1724 690 1714 689 1714 688 1714 686 1714 685 1714 674 1724 669 1728 641 1728 629 1724 584 1714 583 1714 582 1714 580 1714 567 1725 564 1726 561 1725 536 1714 534 1714 533 1714 532 1714 530 1714 517 1725 514 1726 481 1726 317 1721 315 1721 260 1728 262 1757"/></Shape>
	    <String CONTENT="cit vn autre, le ſang de celuy là eſt ſur luy: Car il"
                    HPOS="260.0"
                    VPOS="1713.0"
                    WIDTH="1033.0"
                    HEIGHT="62.0"
                    WC="0.986421651310391"></String>
          </TextLine>
          <TextLine ID="line_30"
                    TAGREFS="LT8"
                    BASELINE="260 1816 1293 1816" 
                    HPOS="260.0"
                    VPOS="1773.0"
                    WIDTH="1033.0"
                    HEIGHT="53.0">
            <Shape><Polygon POINTS="260 1816 260 1826 1293 1826 1293 1816 1293 1786 1266 1773 1264 1773 1263 1773 1224 1781 1216 1775 1215 1775 1213 1775 1212 1775 1211 1775 1209 1775 1194 1787 1145 1787 1125 1773 1123 1773 1122 1773 1121 1773 1067 1787 1004 1787 986 1773 985 1773 983 1773 982 1773 914 1784 899 1773 897 1773 896 1773 872 1773 871 1773 869 1773 868 1773 852 1787 811 1787 794 1773 793 1773 791 1773 744 1773 743 1773 741 1773 740 1773 732 1781 702 1773 701 1773 700 1773 698 1773 697 1773 689 1781 664 1773 662 1773 661 1773 659 1773 658 1773 641 1787 580 1787 516 1773 514 1773 513 1773 512 1773 498 1786 373 1786 298 1773 297 1773 295 1773 260 1786 260 1816"/></Shape>
	    <String CONTENT="eſt mort en ſon peché Mais il redemandera (dit"
                    HPOS="260.0"
                    VPOS="1773.0"
                    WIDTH="1033.0"
                    HEIGHT="53.0"
                    WC="0.9990893082415804"></String>
          </TextLine>
          <TextLine ID="line_31"
                    TAGREFS="LT8"
                    BASELINE="262 1876 1293 1873" 
                    HPOS="260.0"
                    VPOS="1831.0"
                    WIDTH="1033.0"
                    HEIGHT="62.0">
            <Shape><Polygon POINTS="262 1876 262 1885 411 1893 412 1893 477 1885 481 1885 482 1885 505 1893 506 1893 508 1893 509 1893 510 1893 520 1885 565 1885 595 1885 600 1885 694 1893 696 1893 786 1884 799 1884 979 1884 983 1884 1021 1892 1022 1892 1180 1884 1184 1884 1185 1884 1221 1892 1223 1892 1291 1882 1293 1873 1290 1843 1240 1841 1229 1831 1228 1831 1227 1831 1196 1831 1194 1831 1193 1831 1192 1831 1178 1842 1178 1843 1017 1843 1016 1842 1001 1831 1000 1831 998 1831 997 1831 996 1831 967 1841 935 1831 934 1831 932 1831 931 1831 930 1831 916 1842 915 1843 794 1843 793 1842 779 1831 778 1831 776 1831 775 1831 774 1831 750 1842 746 1843 743 1842 731 1833 729 1833 728 1833 727 1833 725 1833 700 1841 692 1843 641 1842 641 1841 630 1833 629 1833 627 1833 604 1833 603 1833 602 1833 600 1833 591 1841 587 1845 563 1845 559 1841 549 1833 548 1833 547 1833 504 1833 502 1833 501 1833 478 1841 470 1845 366 1845 358 1841 340 1833 338 1833 337 1833 336 1833 315 1841 307 1843 302 1841 290 1833 288 1833 287 1833 286 1833 284 1833 260 1839 262 1876"/></Shape>
	    <String CONTENT="le Seigneur) ſon ſang de la main de la guette. Il ne"
                    HPOS="260.0"
                    VPOS="1831.0"
                    WIDTH="1033.0"
                    HEIGHT="62.0"
                    WC="0.993861028781304"></String>
          </TextLine>
          <TextLine ID="line_32"
                    TAGREFS="LT8"
                    BASELINE="259 1935 1293 1932" 
                    HPOS="258.0"
                    VPOS="1892.0"
                    WIDTH="1035.0"
                    HEIGHT="59.0">
            <Shape><Polygon POINTS="259 1935 259 1944 334 1944 345 1951 346 1951 348 1951 349 1951 690 1944 752 1951 754 1951 755 1951 790 1943 1072 1943 1116 1949 1118 1949 1119 1949 1146 1943 1282 1949 1283 1949 1285 1949 1286 1949 1293 1943 1293 1932 1290 1902 1233 1892 1232 1892 1177 1902 1172 1904 1012 1904 1010 1902 996 1892 994 1892 993 1892 967 1892 966 1892 965 1892 963 1892 948 1902 916 1893 915 1893 914 1893 912 1893 897 1901 885 1892 884 1892 883 1892 828 1892 826 1892 825 1892 803 1902 802 1904 553 1904 552 1904 530 1893 529 1893 495 1893 494 1893 493 1893 491 1893 478 1904 405 1904 358 1904 356 1904 270 1893 268 1893 267 1893 266 1893 258 1898 259 1935"/></Shape>
	    <String CONTENT="faut point dire, ce danger eſt loin de nous, ce ſera"
                    HPOS="258.0"
                    VPOS="1892.0"
                    WIDTH="1035.0"
                    HEIGHT="59.0"
                    WC="0.9939965296250123"></String>
          </TextLine>
          <TextLine ID="line_33"
                    TAGREFS="LT8"
                    BASELINE="263 1992 1289 1988" 
                    HPOS="262.0"
                    VPOS="1949.0"
                    WIDTH="1027.0"
                    HEIGHT="72.0">
            <Shape><Polygon POINTS="263 1992 263 2005 284 2019 286 2019 287 2019 288 2021 314 2021 314 2019 315 2019 317 2019 342 2005 380 2005 392 2014 393 2014 395 2014 396 2014 397 2014 434 2005 545 2006 555 2014 556 2014 557 2014 559 2014 610 2003 654 2005 670 2018 672 2018 673 2018 674 2019 748 2019 748 2018 750 2018 772 2006 935 2013 936 2013 938 2013 939 2013 951 2003 1008 2017 1009 2017 1010 2017 1012 2017 1028 2005 1082 2009 1083 2009 1115 2002 1157 2017 1158 2017 1160 2018 1198 2018 1198 2017 1200 2017 1201 2017 1216 2005 1289 1999 1289 1988 1286 1960 1157 1960 1142 1949 1141 1949 1139 1949 1138 1949 1137 1949 1111 1959 1064 1949 1063 1949 986 1958 958 1949 957 1949 955 1949 954 1949 932 1960 841 1951 840 1951 838 1951 837 1951 823 1962 712 1962 700 1951 698 1951 697 1951 662 1951 661 1951 659 1951 658 1951 647 1960 614 1951 612 1951 611 1951 610 1951 608 1951 608 1952 599 1960 569 1952 568 1952 567 1952 510 1963 426 1963 391 1952 389 1952 388 1952 387 1952 362 1963 317 1963 301 1952 299 1952 298 1952 297 1952 295 1952 262 1963 263 1992"/></Shape>
	    <String CONTENT="apres la mort de la Royne: Dieu luy face la grace"
                    HPOS="262.0"
                    VPOS="1949.0"
                    WIDTH="1027.0"
                    HEIGHT="72.0"
                    WC="0.9800255456749274"></String>
          </TextLine>
        </TextBlock>
        <TextBlock HPOS="1226.0"
                   VPOS="2006.0"
                   WIDTH="63.0"
                   HEIGHT="58.0"
                   ID="block_5"
                   TAGREFS="BT17">
          <Shape><Polygon POINTS="1289 2006 1289 2064 1226 2064 1226 2006"/></Shape>
          <TextLine ID="line_34"
                    TAGREFS="LT8"
                    BASELINE="1220 2050 1286 2050" 
                    HPOS="1220.0"
                    VPOS="2005.0"
                    WIDTH="66.0"
                    HEIGHT="56.0">
            <Shape><Polygon POINTS="1220 2050 1220 2061 1286 2061 1286 2050 1286 2019 1246 2005 1244 2005 1243 2005 1242 2005 1240 2005 1220 2018 1220 2050"/></Shape>
	    <String CONTENT="de"
                    HPOS="1220.0"
                    VPOS="2005.0"
                    WIDTH="66.0"
                    HEIGHT="56.0"
                    WC="0.9989921450614929"></String>
          </TextLine>
        </TextBlock>
        <TextBlock HPOS="877.0"
                   VPOS="2291.0"
                   WIDTH="339.0"
                   HEIGHT="99.0"
                   ID="eSc_textblock_f307b931"
                   TAGREFS="BT9">
          <Shape><Polygon POINTS="877 2291 877 2390 1216 2390 1216 2291"/></Shape>
        </TextBlock>
      </PrintSpace>
    </Page>
  </Layout>
</alto>
