1457 2420
228.0 84.0 86.0 71.0 136

232.0 143.0 1037.0 76.0 le Gonzague duc de Neuers, le marquis du Mai¬

232.0 221.0 1039.0 55.0 ne, Clermont, le Gas, & vn grand nombre d'au¬

230.0 266.0 1048.0 68.0 tres aſſaillans furent bleſſez & plus de trois cens

232.0 325.0 1043.0 71.0 tuez. C’eſt ce bouleuard que l’ennemy fit ſapper¬

231.0 384.0 1043.0 70.0 & miner, duquel vn grand quartier ſe renuerſà

234.0 442.0 1044.0 74.0 par deuers les Rochellois qui rendit l'endroict

236.0 501.0 1039.0 75.0 plus ſort que deuant: les autres quartiere de pier¬

232.0 564.0 1040.0 67.0 te, les pieces de bois & ruine de la terre, renuer¬

235.0 619.0 1036.0 65.0 ſerent tous dans les tronchees de l’eunemy, choſe

234.0 678.0 1041.0 70.0 qui fit perdre la vie à plus de deux cens d’entr' eux

232.0 739.0 1039.0 69.0 choſe qui eſtoit fort horrible de voir emporter

235.0 795.0 1044.0 69.0 en l’air les bras,iãbes, & autres membres de Meſ¬

236.0 856.0 1040.0 66.0 ſieurs nos ennemis, & d’en voir tirer vn grand nõ

238.0 914.0 1040.0 64.0 bre deſſous les ruines de la mine. C'eſt ce boule¬

239.0 974.0 1040.0 69.0 uard duquel (eſtant batu de nouueau & eſtant de

239.0 1035.0 1033.0 66.0 nouueau miné & aſſailli en grande diligence par

240.0 1090.0 1038.0 74.0 les Gapitaines & ſoldats de l’ennemy, ainſi qu'ils

240.0 1150.0 1039.0 72.0 eſtoyent preſques au deſſus) ils furent repouſſez

244.0 1212.0 1036.0 69.0 par trois fois & contraints par les noſtres de ſe re

242.0 1273.0 1037.0 64.0 tirer à leur courte honte, & grand perte de nos en

242.0 1328.0 1037.0 68.0 nemis. C’eſt auſsi ce bouleuard ſur lequel quel¬

243.0 1392.0 1040.0 66.0 ques troupes des ennemis eſtans montees, & ayãe

242.0 1450.0 1038.0 66.0 trouué vn Corps de garde des noſtres endormy,

242.0 1508.0 1038.0 66.0 le tuerent & mirent en pieces, l’onzieme du mois

243.0 1563.0 1040.0 66.0 de May. Ce nõobſtant ce bouleuard eſt touſioure

244.0 1633.0 471.0 52.0 demouré aux noſtres.

480.0 72.0 603.0 73.0 DTALOGVE II.

310.0 1684.0 980.0 67.0 Tout cecy que ie te viens de dire, tu le verras

244.0 1743.0 1042.0 66.0 au diſcours meſmes que nos ennemit en ont fait.

243.0 1800.0 1039.0 70.0 L’hi. C’eſt vn bouleuard remarquable, & ctoy

243.0 1860.0 1043.0 73.0 moy, ce n’eſt ſans emphaſe & ſans vn myſtere ex¬

244.0 1917.0 1044.0 74.0 ché que ce nom-là de l’Euãgile luy a ainſi eſté im

248.0 1976.0 1038.0 79.0 poſé. A y regarder de bien pres il a produit meſ¬

1170.0 2039.0 122.0 58.0 mes
