1443 2421
239.0 63.0 104.0 60.0 108

230.0 135.0 1027.0 64.0 bon viſage? de leut parler doucement d’vne paix

227.0 204.0 1028.0 51.0 de leur monſtrer la main? Mais quand ils la voy¬

226.0 255.0 1043.0 62.0 eit armee d’vn glaiue tout ſanglant: quand ils le

230.0 314.0 1033.0 59.0 voyent enuironné de ceux qui les ont tuez, & de

227.0 375.0 1038.0 59.0 leurs plus grands ennemis: mais quand ils ſcauẽt

228.0 431.0 1031.0 58.0 que luy-meſme a commandé tout ce forfait: à a¬

227.0 490.0 1032.0 53.0 uoué tous les maſſacres, & proietté les trahiſons,

224.0 547.0 1050.0 64.0 Eſt-il poſsible qu’ils le puiſſent reputer aucune¬

226.0 605.0 1035.0 63.0 ment Pere? Et quand bien ils ſeroyent ſi fols,

231.0 665.0 1032.0 65.0 pourront-ils bien hauſſer leurs yeux, pour luy cõ

227.0 723.0 1035.0 66.0 templer le viſage, ou prendre garde à ce qu’il dit?

226.0 785.0 1050.0 61.0 Que ſera donc vn Pleudo-pete pour oſter ceux.

226.0 841.0 1047.0 64.0 de deſeſpoir qu’il deuſt traiter ainſi qu’enfans, &

228.0 901.0 1044.0 66.0 pour les garder s’il pourſuit de ſe precipiter tout

224.0 957.0 1039.0 65.0 outre? Il iettera pour le moins ſon eſpee, il laiſ¬

223.0 1015.0 1038.0 59.0 ſera toutes ſes armes bas. Il fera retirer ceux deſ.

224.0 1074.0 1039.0 57.0 quels ils ſe mesſient. Il caſſera ſes ſatellites. Il cha

220.0 1135.0 1048.0 55.0 ſfiera tous ſes bourreaux, condamnera tous ſes

223.0 1193.0 1038.0 56.0 forfaits. Lors s’approchant de ſes enfans, les con

222.0 1252.0 1037.0 63.0 ſolera de paroles: les deſchargera de toute crain¬

224.0 1311.0 1037.0 55.0 te, & leur tendta ſa main plus douce: alors. il ne

222.0 1373.0 1046.0 58.0 ſuit parauenture point douter, qu’ils ne s’atten¬

223.0 1427.0 1035.0 64.0 driſſent, qu’ils ne fondent en larmes, & ne ſe iet¬

222.0 1487.0 1037.0 61.0 tent comme à ſes pieds s’ils ſont vne fois aſſeu¬

222.0 1550.0 900.0 59.0 rez que ces ſaçons luy procedent du cœur.

469.0 72.0 584.0 51.0 DIALOGVETI.

278.0 1604.0 983.0 63.0 Que ſi l’on dit qu’il y va de la reputation d’vn

226.0 1658.0 1036.0 71.0 Roy de faire le ſemblable, ie dy donc qu’il n’eſt

224.0 1720.0 1042.0 68.0 pas honorable à ce Roy-là de porter titre de Pe¬

222.0 1783.0 1043.0 62.0 re de ſon peuple, veu que les titres ſe donnent

228.0 1838.0 1002.0 63.0 pour l’effect, & c'eſt effet conuient à ce nom-là.

275.0 1897.0 1001.0 65.0 Entre deux combatans en vn duel,il y a de l’hõ.

231.0 1956.0 1042.0 72.0 neur à qui fait quirter les atmes à ſa partie. Entre

1141.0 2020.0 118.0 52.0 deux
