<?xml version="1.0" encoding="UTF-8"?>
<alto xmlns:xsi="http://www.w3.org/2001/XMLSchema-instance"
      xmlns="http://www.loc.gov/standards/alto/ns-v4#"
      xsi:schemaLocation="http://www.loc.gov/standards/alto/ns-v4# http://www.loc.gov/standards/alto/v4/alto-4-2.xsd">
  <Description>
    <MeasurementUnit>pixel</MeasurementUnit>
    <sourceImageInformation>
      <fileName>page_00315.png</fileName>
      <fileIdentifier>mets//page_00205.zip/page_00315.png</fileIdentifier>
    </sourceImageInformation>
  </Description>
  <Tags>
    <OtherTag ID="BT7" LABEL="CustomZone" DESCRIPTION="block type CustomZone"/><OtherTag ID="BT8" LABEL="DamageZone" DESCRIPTION="block type DamageZone"/><OtherTag ID="BT9" LABEL="DigitizationArtefactZone" DESCRIPTION="block type DigitizationArtefactZone"/><OtherTag ID="BT10" LABEL="DropCapitalZone" DESCRIPTION="block type DropCapitalZone"/><OtherTag ID="BT11" LABEL="GraphicZone" DESCRIPTION="block type GraphicZone"/><OtherTag ID="BT12" LABEL="MainZone" DESCRIPTION="block type MainZone"/><OtherTag ID="BT13" LABEL="MarginTextZone" DESCRIPTION="block type MarginTextZone"/><OtherTag ID="BT14" LABEL="MusicZone" DESCRIPTION="block type MusicZone"/><OtherTag ID="BT15" LABEL="NumberingZone" DESCRIPTION="block type NumberingZone"/><OtherTag ID="BT17" LABEL="QuireMarksZone" DESCRIPTION="block type QuireMarksZone"/><OtherTag ID="BT18" LABEL="RunningTitleZone" DESCRIPTION="block type RunningTitleZone"/><OtherTag ID="BT19" LABEL="SealZone" DESCRIPTION="block type SealZone"/><OtherTag ID="BT20" LABEL="StampZone" DESCRIPTION="block type StampZone"/><OtherTag ID="BT21" LABEL="TableZone" DESCRIPTION="block type TableZone"/><OtherTag ID="BT22" LABEL="TitlePageZone" DESCRIPTION="block type TitlePageZone"/><OtherTag ID="BT100001" LABEL="MainZone-Head" DESCRIPTION="block type MainZone-Head"/><OtherTag ID="BT100005" LABEL="MainZone-P" DESCRIPTION="block type MainZone-P"/><OtherTag ID="BT100008" LABEL="MainZone-Sp" DESCRIPTION="block type MainZone-Sp"/><OtherTag ID="BT100006" LABEL="MainZone-Continued" DESCRIPTION="block type MainZone-Continued"/><OtherTag ID="BT100011" LABEL="MainZone-Entry" DESCRIPTION="block type MainZone-Entry"/><OtherTag ID="BT100010" LABEL="MainZone-Other" DESCRIPTION="block type MainZone-Other"/><OtherTag ID="BT100002" LABEL="MainZone-Lg" DESCRIPTION="block type MainZone-Lg"/>
    <OtherTag ID="LT7" LABEL="CustomLine" DESCRIPTION="line type CustomLine"/><OtherTag ID="LT8" LABEL="DefaultLine" DESCRIPTION="line type DefaultLine"/><OtherTag ID="LT9" LABEL="DropCapitalLine" DESCRIPTION="line type DropCapitalLine"/><OtherTag ID="LT10" LABEL="HeadingLine" DESCRIPTION="line type HeadingLine"/><OtherTag ID="LT11" LABEL="InterlinearLine" DESCRIPTION="line type InterlinearLine"/><OtherTag ID="LT12" LABEL="MusicLine" DESCRIPTION="line type MusicLine"/><OtherTag ID="LT764" LABEL="default" DESCRIPTION="line type default"/>
  </Tags>
  <Layout>
    <Page WIDTH="1456"
          HEIGHT="2451"
          PHYSICAL_IMG_NR="115"
          ID="eSc_dummypage_">
      <PrintSpace HPOS="0"
                  VPOS="0"
                  WIDTH="1456"
                  HEIGHT="2451">
        <TextBlock HPOS="275.0"
                   VPOS="99.0"
                   WIDTH="110.0"
                   HEIGHT="62.0"
                   ID="eSc_textblock_32e0c266"
                   TAGREFS="BT15">
          <Shape><Polygon POINTS="275 99 275 161 385 161 385 99"/></Shape>
          <TextLine ID="eSc_line_4ee278f6"
                    TAGREFS="LT8"
                    BASELINE="281 140 381 140" 
                    HPOS="281.0"
                    VPOS="89.0"
                    WIDTH="100.0"
                    HEIGHT="73.0">
            <Shape><Polygon POINTS="281 140 281 149 290 155 291 155 292 155 294 155 322 152 332 160 332 162 333 162 335 162 336 162 337 162 381 147 381 140 381 113 321 89 320 89 318 89 317 89 315 89 281 111 281 140"/></Shape>
	    <String CONTENT="114"
                    HPOS="281.0"
                    VPOS="89.0"
                    WIDTH="100.0"
                    HEIGHT="73.0"
                    WC="0.9999765555063883"></String>
          </TextLine>
        </TextBlock>
        <TextBlock HPOS="270.0"
                   VPOS="173.0"
                   WIDTH="1042.0"
                   HEIGHT="1580.0"
                   ID="eSc_textblock_765ced6d"
                   TAGREFS="BT100006">
          <Shape><Polygon POINTS="270 173 275 1747 1300 1753 1312 173"/></Shape>
          <TextLine ID="eSc_line_f057f8aa"
                    TAGREFS="LT8"
                    BASELINE="284 204 1304 206" 
                    HPOS="283.0"
                    VPOS="162.0"
                    WIDTH="1021.0"
                    HEIGHT="61.0">
            <Shape><Polygon POINTS="1291 164 1284 163 1246 163 1244 163 1243 163 1242 163 1228 174 1141 164 1129 163 1127 163 1120 164 1074 175 845 175 830 167 824 163 822 163 821 163 819 163 804 167 789 171 781 167 769 162 768 162 766 162 739 167 728 170 724 167 712 162 710 162 709 162 708 162 685 168 668 174 563 174 555 170 542 162 540 162 539 162 537 162 509 170 499 172 493 170 475 162 473 162 439 162 438 162 437 162 435 162 424 170 377 162 375 162 374 162 354 171 350 172 284 172 284 204 283 215 288 220 288 221 290 221 291 221 292 221 429 213 431 213 516 213 687 213 705 221 706 221 708 221 709 221 731 213 734 213 743 213 811 220 813 220 1029 215 1048 215 1050 215 1074 223 1075 223 1077 223 1142 215 1149 215 1302 215 1304 206 1303 164 1291 164"/></Shape>
	    <String CONTENT="que lle ils n’ont cure) ſeulement en ce qui touche"
                    HPOS="283.0"
                    VPOS="162.0"
                    WIDTH="1021.0"
                    HEIGHT="61.0"
                    WC="0.9670948696136474"></String>
          </TextLine>
          <TextLine ID="eSc_line_843200a2"
                    TAGREFS="LT8"
                    BASELINE="281 265 1302 262" 
                    HPOS="280.0"
                    VPOS="221.0"
                    WIDTH="1022.0"
                    HEIGHT="62.0">
            <Shape><Polygon POINTS="281 265 281 275 365 283 366 283 446 275 453 275 456 275 480 283 482 283 483 283 484 283 486 283 495 275 497 275 597 275 602 275 678 283 679 283 681 283 697 275 698 273 1036 273 1040 273 1096 281 1097 283 1263 283 1263 281 1265 281 1302 272 1302 262 1299 234 1099 234 1096 232 1073 221 1071 221 1070 221 1018 230 987 221 986 221 984 221 983 221 982 221 969 231 967 234 641 234 623 228 606 223 604 223 603 223 602 223 600 223 593 228 587 234 551 228 516 223 514 223 513 223 495 228 473 234 427 227 394 223 393 223 392 223 384 227 370 235 328 235 315 227 311 223 310 223 309 223 307 223 280 226 281 265"/></Shape>
	    <String CONTENT="la police, eſtat &amp; gouuernement du Royaume, e¬"
                    HPOS="280.0"
                    VPOS="221.0"
                    WIDTH="1022.0"
                    HEIGHT="62.0"
                    WC="0.9856466625047766"></String>
          </TextLine>
          <TextLine ID="eSc_line_0b932d51"
                    TAGREFS="LT8"
                    BASELINE="283 324 1302 321" 
                    HPOS="281.0"
                    VPOS="280.0"
                    WIDTH="1021.0"
                    HEIGHT="53.0">
            <Shape><Polygon POINTS="283 324 283 333 1300 330 1302 321 1299 292 1228 292 1227 291 1214 280 1213 280 1212 280 1210 280 1209 280 1178 288 1159 280 1157 280 1156 280 1154 280 1153 280 1141 291 1140 291 1005 291 1003 290 980 280 979 280 934 280 932 280 931 280 908 288 901 291 896 288 879 280 878 280 877 280 875 280 852 288 845 290 834 288 792 280 791 280 789 280 788 280 779 287 770 292 663 292 653 287 644 281 642 281 610 281 608 281 607 281 606 281 599 285 588 292 562 285 559 285 558 285 557 285 552 285 512 292 498 285 490 281 488 281 487 281 486 281 475 285 454 292 281 284 283 324"/></Shape>
	    <String CONTENT="xercent iournellement ſur les biens, vie &amp; hon¬"
                    HPOS="281.0"
                    VPOS="280.0"
                    WIDTH="1021.0"
                    HEIGHT="53.0"
                    WC="0.9930530355331746"></String>
          </TextLine>
          <TextLine ID="eSc_line_0f477094"
                    TAGREFS="LT8"
                    BASELINE="283 379 1298 382" 
                    HPOS="281.0"
                    VPOS="339.0"
                    WIDTH="1017.0"
                    HEIGHT="62.0">
            <Shape><Polygon POINTS="283 379 281 388 332 397 333 397 394 390 415 398 416 398 418 398 603 390 761 398 762 398 764 398 787 390 855 397 856 397 1082 392 1093 400 1095 400 1096 400 1097 401 1138 401 1138 400 1176 392 1202 398 1204 398 1205 398 1296 390 1298 382 1298 352 1274 340 1273 340 1272 340 1210 352 1107 352 1080 352 1080 351 1050 341 1048 341 1047 341 1046 341 1028 351 1026 351 1017 351 977 351 958 340 957 340 916 340 915 340 913 340 912 340 903 348 893 340 892 340 890 340 853 340 852 340 851 340 825 351 824 351 822 351 791 339 789 339 788 339 787 339 762 349 691 349 667 339 666 339 664 339 607 349 606 351 448 351 446 349 426 339 424 339 423 339 422 339 399 349 397 349 283 349 283 379"/></Shape>
	    <String CONTENT="neur des poures François. S’aſſeurans que ce ſe¬"
                    HPOS="281.0"
                    VPOS="339.0"
                    WIDTH="1017.0"
                    HEIGHT="62.0"
                    WC="0.9897354366827984"></String>
          </TextLine>
          <TextLine ID="eSc_line_947b134e"
                    TAGREFS="LT8"
                    BASELINE="281 438 1303 441" 
                    HPOS="280.0"
                    VPOS="400.0"
                    WIDTH="1023.0"
                    HEIGHT="60.0">
            <Shape><Polygon POINTS="281 438 280 449 291 456 292 456 294 456 295 456 337 449 363 456 365 456 366 456 411 449 424 456 426 456 427 456 429 456 442 449 449 456 450 456 452 456 453 457 533 457 533 456 535 456 551 449 569 458 570 458 572 460 661 460 661 458 663 458 689 449 690 449 849 449 851 450 862 460 863 460 864 460 866 460 918 450 924 450 1149 450 1165 453 1205 460 1206 460 1302 453 1303 441 1299 401 1263 411 1063 404 1062 404 1061 404 1059 404 1051 412 987 412 964 401 962 401 961 401 960 401 950 401 864 411 829 403 825 401 824 401 822 401 821 401 818 403 802 409 788 403 784 400 783 400 781 400 750 403 666 409 641 403 633 400 631 400 630 400 607 403 552 411 450 411 441 403 438 400 437 400 435 400 434 400 411 403 366 409 281 404 281 438"/></Shape>
	    <String CONTENT="ra vn bon moyẽ pour faire qu’il s’en trouue quel"
                    HPOS="280.0"
                    VPOS="400.0"
                    WIDTH="1023.0"
                    HEIGHT="60.0"
                    WC="0.9980412539170713"></String>
          </TextLine>
          <TextLine ID="eSc_line_2fc47e7b"
                    TAGREFS="LT8"
                    BASELINE="283 499 1303 499" 
                    HPOS="283.0"
                    VPOS="458.0"
                    WIDTH="1020.0"
                    HEIGHT="59.0">
            <Shape><Polygon POINTS="283 499 283 510 290 517 291 517 292 517 294 517 392 509 407 516 408 516 409 516 411 516 412 516 422 509 482 509 689 509 693 510 719 517 720 517 721 517 824 510 856 509 1302 513 1303 499 1303 469 1224 469 1197 458 1195 458 1194 458 1193 458 1169 465 1081 458 1080 458 1078 458 1052 469 905 469 885 458 883 458 882 458 751 467 695 458 694 458 693 458 691 458 681 468 539 468 486 458 484 458 483 458 482 458 469 469 283 469 283 499"/></Shape>
	    <String CONTENT="ques vns d’entre vn ſi grand &amp; comme infini nom"
                    HPOS="283.0"
                    VPOS="458.0"
                    WIDTH="1020.0"
                    HEIGHT="59.0"
                    WC="0.9872110333848507"></String>
          </TextLine>
          <TextLine ID="eSc_line_17b85650"
                    TAGREFS="LT8"
                    BASELINE="283 556 1300 556" 
                    HPOS="283.0"
                    VPOS="517.0"
                    WIDTH="1017.0"
                    HEIGHT="58.0">
            <Shape><Polygon POINTS="283 569 682 569 694 575 695 575 697 575 698 575 749 569 787 575 788 575 1300 567 1300 556 1300 526 1277 517 1276 517 1274 517 1273 517 1242 526 1242 528 1171 528 1169 526 1160 520 1159 520 1157 520 1156 520 1154 520 1153 520 1145 526 1144 528 943 528 924 524 886 517 885 517 883 517 882 517 875 522 871 526 687 526 679 521 675 517 674 517 672 517 671 517 653 521 631 525 610 520 597 517 596 517 595 517 593 517 592 517 589 520 580 528 508 528 493 518 488 517 487 517 431 517 430 517 429 517 427 517 426 518 419 524 388 517 381 517 380 517 378 517 377 517 365 528 320 528 284 517 283 556 283 569"/></Shape>
	    <String CONTENT="bre d’eſclaues &amp; forçats, qui ſeront contraints de"
                    HPOS="283.0"
                    VPOS="517.0"
                    WIDTH="1017.0"
                    HEIGHT="58.0"
                    WC="0.9952111571442848"></String>
          </TextLine>
          <TextLine ID="eSc_line_7fdec123"
                    TAGREFS="LT8"
                    BASELINE="279 614 1302 616" 
                    HPOS="277.0"
                    VPOS="571.0"
                    WIDTH="1025.0"
                    HEIGHT="64.0">
            <Shape><Polygon POINTS="279 614 277 625 287 631 288 631 290 631 412 634 414 634 415 634 441 627 493 633 494 633 495 633 497 633 503 626 523 633 524 633 525 633 582 626 593 634 595 634 596 634 597 635 640 635 640 634 641 634 642 634 653 626 701 634 702 634 747 626 915 626 938 635 939 635 941 635 995 627 1300 627 1302 616 1302 586 1257 574 1255 574 1254 574 1253 574 1216 586 1212 586 1195 585 1054 574 1052 574 1051 574 1050 574 1040 584 1035 588 890 588 882 581 874 574 873 574 871 574 870 574 836 580 821 582 811 580 791 573 789 573 788 573 787 573 772 578 766 581 757 578 735 573 734 573 732 573 731 573 721 578 706 586 555 586 528 575 523 573 521 573 520 573 518 573 517 573 516 574 501 586 345 586 279 571 279 614"/></Shape>
	    <String CONTENT="honte, ou de regret pluſtoſt au prix de leurs vies"
                    HPOS="277.0"
                    VPOS="571.0"
                    WIDTH="1025.0"
                    HEIGHT="64.0"
                    WC="0.9938401508331299"></String>
          </TextLine>
          <TextLine ID="eSc_line_fc8114fb"
                    TAGREFS="LT8"
                    BASELINE="279 674 1300 676" 
                    HPOS="277.0"
                    VPOS="633.0"
                    WIDTH="1023.0"
                    HEIGHT="57.0">
            <Shape><Polygon POINTS="279 674 277 682 294 690 295 690 296 690 1299 687 1300 676 1300 646 1265 634 1263 634 1262 634 1261 634 1228 645 1135 645 1129 645 1099 634 1097 634 1096 634 1095 634 1065 642 1035 634 1033 634 1032 634 1031 634 1009 645 994 634 992 634 991 634 962 634 961 634 960 634 937 645 937 646 828 646 825 645 789 633 788 633 787 633 736 644 705 633 704 633 656 633 655 633 653 633 627 644 566 633 565 633 563 633 537 644 537 645 336 645 335 644 302 633 301 633 299 633 298 633 279 642 279 674"/></Shape>
	    <String CONTENT="de recouurer leur liberté auec celle de leurpatrie."
                    HPOS="277.0"
                    VPOS="633.0"
                    WIDTH="1023.0"
                    HEIGHT="57.0"
                    WC="0.9662727598960583"></String>
          </TextLine>
          <TextLine ID="eSc_line_ce2cd43d"
                    TAGREFS="LT8"
                    BASELINE="279 735 1302 732" 
                    HPOS="277.0"
                    VPOS="690.0"
                    WIDTH="1025.0"
                    HEIGHT="64.0">
            <Shape><Polygon POINTS="279 735 279 743 326 743 329 744 355 754 356 754 358 754 359 754 389 744 393 743 525 743 527 744 544 754 546 754 547 754 649 744 672 743 691 744 736 750 738 750 839 746 919 742 954 746 1014 753 1016 753 1017 753 1035 746 1039 744 1043 746 1056 751 1058 751 1059 751 1189 750 1190 750 1191 750 1195 746 1199 742 1216 746 1235 751 1236 751 1238 751 1300 746 1302 732 1299 702 1127 702 1116 693 1115 693 1114 693 1112 693 1078 697 1054 690 1052 690 1051 690 1050 690 1048 690 1035 701 988 701 969 690 968 690 967 690 922 690 920 690 919 690 893 702 796 702 770 691 769 691 768 691 766 691 745 702 667 697 666 697 547 702 528 691 527 691 525 691 524 691 483 698 430 691 429 691 427 691 426 691 415 701 385 691 384 691 382 691 381 691 380 691 367 702 352 691 351 691 350 691 295 691 294 691 292 691 291 691 277 701 279 735"/></Shape>
	    <String CONTENT="L’hiſt. Telles gens meriteront bien, ſi Dieu veut"
                    HPOS="277.0"
                    VPOS="690.0"
                    WIDTH="1025.0"
                    HEIGHT="64.0"
                    WC="0.9983864755046611"></String>
          </TextLine>
          <TextLine ID="eSc_line_68179ca5"
                    TAGREFS="LT8"
                    BASELINE="281 793 1302 793" 
                    HPOS="281.0"
                    VPOS="751.0"
                    WIDTH="1021.0"
                    HEIGHT="57.0">
            <Shape><Polygon POINTS="281 793 281 808 1302 803 1302 793 1302 763 1272 751 1270 751 1269 751 1213 763 1195 751 1194 751 1193 751 1191 751 1190 751 1159 762 1145 751 1144 751 1142 751 1108 751 1107 751 1105 751 1080 762 1044 751 1043 751 1041 751 1040 751 1039 751 1022 763 977 762 964 751 962 751 961 751 960 751 894 761 863 751 862 751 860 751 859 751 813 763 708 763 697 754 695 754 694 754 693 754 691 754 690 754 681 762 573 763 547 751 546 751 516 751 514 751 513 751 483 765 281 765 281 793"/></Shape>
	    <String CONTENT="qu’aucuns il s’en trouue, qu’on leur dreſſe des ſta"
                    HPOS="281.0"
                    VPOS="751.0"
                    WIDTH="1021.0"
                    HEIGHT="57.0"
                    WC="0.9873336752255758"></String>
          </TextLine>
          <TextLine ID="eSc_line_4b890f3c"
                    TAGREFS="LT8"
                    BASELINE="279 852 1300 852" 
                    HPOS="279.0"
                    VPOS="811.0"
                    WIDTH="1021.0"
                    HEIGHT="60.0">
            <Shape><Polygon POINTS="279 852 279 861 373 870 374 871 533 871 533 870 535 870 548 863 550 863 829 863 832 863 858 870 859 870 860 870 896 863 900 863 904 863 945 870 946 870 1300 863 1300 852 1300 821 1276 811 1274 811 1273 811 1272 811 1232 822 1126 822 1090 811 1089 811 1088 811 1086 811 1085 811 1073 822 953 822 916 811 915 811 913 811 912 811 911 811 898 822 765 822 663 811 661 811 660 811 636 821 623 811 622 811 621 811 547 811 546 811 544 811 543 811 529 822 498 822 486 811 484 811 483 811 482 811 437 819 416 811 415 811 414 811 412 811 393 822 279 822 279 852"/></Shape>
	    <String CONTENT="tues, ainſi qu’à des liberateurs &amp; peres de toute la"
                    HPOS="279.0"
                    VPOS="811.0"
                    WIDTH="1021.0"
                    HEIGHT="60.0"
                    WC="0.9801840838396324"></String>
          </TextLine>
          <TextLine ID="eSc_line_875ef993"
                    TAGREFS="LT8"
                    BASELINE="279 910 1300 910" 
                    HPOS="279.0"
                    VPOS="870.0"
                    WIDTH="1021.0"
                    HEIGHT="53.0">
            <Shape><Polygon POINTS="279 910 279 920 1299 923 1300 910 1300 870 1268 870 1266 870 1265 870 1263 870 1251 879 1157 872 1156 872 1101 879 1088 870 1086 870 1085 870 1084 870 1082 870 1081 870 1069 880 1016 880 979 870 977 870 976 870 975 870 973 870 961 880 919 880 883 870 882 870 881 870 879 870 844 879 807 870 806 870 804 870 803 870 802 870 789 880 637 880 600 870 599 870 597 870 596 870 595 870 582 880 521 880 502 870 501 870 467 870 465 870 464 870 463 870 450 880 343 880 324 870 322 870 279 870 279 910"/></Shape>
	    <String CONTENT="France. Et ne doute pas ſi cela auient (comme il"
                    HPOS="279.0"
                    VPOS="870.0"
                    WIDTH="1021.0"
                    HEIGHT="53.0"
                    WC="0.9847614380220572"></String>
          </TextLine>
          <TextLine ID="eSc_line_f1268ade"
                    TAGREFS="LT8"
                    BASELINE="276 969 1303 965" 
                    HPOS="275.0"
                    VPOS="927.0"
                    WIDTH="1028.0"
                    HEIGHT="61.0">
            <Shape><Polygon POINTS="276 969 280 987 284 981 499 985 698 988 700 988 701 988 710 983 717 980 776 983 897 988 898 988 945 981 946 981 988 987 990 987 991 987 1011 980 1018 979 1067 980 1263 987 1265 987 1266 987 1303 977 1303 965 1299 936 1153 938 1148 936 1138 930 1137 930 1135 930 1134 930 1133 930 1131 930 1122 936 1118 939 947 939 945 936 932 927 931 927 930 927 928 927 886 936 883 936 882 936 856 927 855 927 853 927 852 927 851 927 840 936 837 939 664 939 657 936 640 927 638 927 637 927 636 927 616 936 599 928 597 928 533 928 532 928 531 928 512 936 503 940 463 939 460 936 450 928 449 928 448 928 415 928 414 928 412 928 411 928 401 936 397 939 388 936 345 928 344 928 275 936 276 969"/></Shape>
	    <String CONTENT="eſt treſneceſſaire) que tout le Royaume ne repo¬"
                    HPOS="275.0"
                    VPOS="927.0"
                    WIDTH="1028.0"
                    HEIGHT="61.0"
                    WC="0.9881938099861145"></String>
          </TextLine>
          <TextLine ID="eSc_line_b48bfb96"
                    TAGREFS="LT8"
                    BASELINE="276 1029 1300 1029" 
                    HPOS="276.0"
                    VPOS="985.0"
                    WIDTH="1024.0"
                    HEIGHT="63.0">
            <Shape><Polygon POINTS="276 1029 276 1038 325 1048 326 1048 408 1040 411 1040 415 1040 491 1048 493 1048 558 1040 566 1040 652 1040 652 1041 660 1048 661 1048 663 1048 664 1048 709 1041 719 1040 923 1040 926 1041 945 1048 946 1048 947 1048 990 1043 1007 1040 1299 1043 1300 1029 1300 999 1239 999 1239 998 1214 985 1213 985 1212 985 1210 985 1176 996 1164 985 1163 985 1161 985 1130 985 1129 985 1127 985 1126 985 1112 998 1093 987 1092 987 1090 987 1089 987 1088 987 1069 998 1069 999 953 999 953 998 937 985 935 985 934 985 867 985 866 985 864 985 841 998 840 999 800 999 799 998 780 985 779 985 777 985 776 985 720 998 720 999 656 999 656 998 640 985 638 985 637 985 580 985 578 985 577 985 576 985 561 996 501 991 499 991 498 991 497 991 487 998 487 999 433 999 433 998 403 985 401 985 400 985 399 985 397 985 380 998 378 999 333 999 333 998 317 985 315 985 314 985 292 985 291 985 290 985 288 985 276 994 276 1029"/></Shape>
	    <String CONTENT="ſe, quiconque ſoit que l’on eſliſe pour s’aſſeoir au"
                    HPOS="276.0"
                    VPOS="985.0"
                    WIDTH="1024.0"
                    HEIGHT="63.0"
                    WC="0.9858468495882474"></String>
          </TextLine>
          <TextLine ID="eSc_line_cc215036"
                    TAGREFS="LT8"
                    BASELINE="276 1087 1295 1087" 
                    HPOS="276.0"
                    VPOS="1047.0"
                    WIDTH="1019.0"
                    HEIGHT="57.0">
            <Shape><Polygon POINTS="276 1087 276 1094 291 1102 292 1102 294 1102 416 1096 431 1096 442 1096 502 1102 503 1102 687 1098 830 1096 873 1100 894 1102 896 1102 897 1102 898 1102 901 1101 909 1096 919 1101 926 1104 927 1104 928 1104 930 1104 941 1101 962 1096 1080 1102 1112 1104 1114 1104 1115 1104 1119 1102 1141 1096 1293 1104 1295 1087 1295 1059 1227 1058 1204 1047 1202 1047 1201 1047 1144 1059 961 1059 923 1047 922 1047 920 1047 919 1047 900 1058 885 1047 883 1047 882 1047 841 1047 840 1047 839 1047 837 1047 825 1056 811 1047 810 1047 809 1047 807 1047 774 1053 749 1047 747 1047 746 1047 745 1047 723 1059 674 1059 630 1047 629 1047 627 1047 626 1047 625 1047 611 1058 574 1051 573 1051 380 1058 301 1047 299 1047 298 1047 276 1058 276 1087"/></Shape>
	    <String CONTENT="throne vacant. Iamais le fils de ce iuge inique,"
                    HPOS="276.0"
                    VPOS="1047.0"
                    WIDTH="1019.0"
                    HEIGHT="57.0"
                    WC="0.9923084552089373"></String>
          </TextLine>
          <TextLine ID="eSc_line_ef2522cb"
                    TAGREFS="LT8"
                    BASELINE="277 1145 1295 1145" 
                    HPOS="277.0"
                    VPOS="1104.0"
                    WIDTH="1018.0"
                    HEIGHT="61.0">
            <Shape><Polygon POINTS="277 1145 277 1158 284 1165 286 1165 287 1165 288 1165 354 1156 365 1154 453 1156 480 1156 499 1165 501 1165 502 1165 574 1156 593 1154 830 1156 834 1157 873 1165 874 1165 949 1157 987 1154 1039 1158 1084 1161 1085 1161 1127 1158 1184 1154 1204 1158 1228 1165 1229 1165 1231 1165 1295 1158 1295 1145 1295 1117 1217 1117 1201 1107 1199 1107 1198 1107 1197 1107 1195 1107 1171 1116 1150 1104 1149 1104 1148 1104 1146 1104 1145 1104 1100 1117 875 1117 798 1104 796 1104 795 1104 794 1104 777 1117 753 1117 694 1104 693 1104 691 1104 661 1116 648 1104 646 1104 645 1104 612 1104 611 1104 610 1104 608 1104 595 1116 567 1104 566 1104 565 1104 523 1112 479 1104 478 1104 476 1104 439 1113 429 1104 427 1104 426 1104 385 1104 384 1104 382 1104 381 1104 366 1117 277 1117 277 1145"/></Shape>
	    <String CONTENT="que Cambyſes fit eſcorcher pour orner le ſiege"
                    HPOS="277.0"
                    VPOS="1104.0"
                    WIDTH="1018.0"
                    HEIGHT="61.0"
                    WC="0.9987422059411588"></String>
          </TextLine>
          <TextLine ID="eSc_line_b90b51d0"
                    TAGREFS="LT8"
                    BASELINE="275 1203 1295 1203" 
                    HPOS="275.0"
                    VPOS="1161.0"
                    WIDTH="1020.0"
                    HEIGHT="54.0">
            <Shape><Polygon POINTS="275 1203 275 1213 1293 1215 1295 1203 1295 1173 1246 1173 1244 1172 1227 1161 1225 1161 1224 1161 1183 1161 1182 1161 1180 1161 1179 1161 1167 1171 1164 1172 1122 1172 1120 1171 1110 1161 1108 1161 1107 1161 1105 1161 1104 1161 1078 1171 1077 1171 1074 1171 1055 1161 1054 1161 1052 1161 1051 1161 1050 1161 1040 1169 1036 1173 875 1173 866 1168 853 1161 852 1161 851 1161 849 1161 848 1161 840 1166 833 1172 828 1166 821 1161 819 1161 818 1161 796 1161 795 1161 794 1161 792 1161 784 1166 773 1173 716 1173 697 1165 685 1161 683 1161 682 1161 681 1161 679 1161 675 1165 666 1173 567 1173 557 1164 554 1161 552 1161 551 1161 528 1161 527 1161 525 1161 524 1161 521 1164 508 1172 480 1162 475 1161 473 1161 472 1161 471 1161 469 1161 468 1162 457 1171 446 1162 445 1161 444 1161 442 1161 441 1161 439 1161 435 1162 415 1169 397 1162 394 1161 393 1161 392 1161 390 1161 389 1161 389 1162 378 1169 343 1161 339 1161 337 1161 336 1161 335 1161 311 1172 299 1161 298 1161 296 1161 275 1161 275 1203"/></Shape>
	    <String CONTENT="iudicial de ſa peau à cauſe des torts &amp; iniuſtices"
                    HPOS="275.0"
                    VPOS="1161.0"
                    WIDTH="1020.0"
                    HEIGHT="54.0"
                    WC="0.9898601606780407"></String>
          </TextLine>
          <TextLine ID="eSc_line_401b1780"
                    TAGREFS="LT8"
                    BASELINE="276 1263 1291 1259" 
                    HPOS="275.0"
                    VPOS="1222.0"
                    WIDTH="1016.0"
                    HEIGHT="60.0">
            <Shape><Polygon POINTS="276 1263 276 1275 321 1282 322 1282 324 1282 325 1282 336 1275 340 1274 524 1274 533 1274 602 1282 603 1282 604 1282 606 1282 606 1281 614 1274 616 1273 622 1274 649 1281 651 1281 652 1281 695 1274 705 1273 723 1274 809 1279 810 1279 811 1279 825 1273 826 1273 834 1273 931 1281 932 1281 994 1271 1001 1271 1002 1271 1011 1278 1013 1278 1014 1278 1016 1278 1165 1273 1265 1279 1266 1279 1268 1279 1291 1270 1291 1259 1288 1236 1201 1236 1175 1222 1159 1236 1127 1236 1108 1222 1088 1236 1062 1236 1017 1222 994 1236 947 1237 912 1237 894 1224 860 1237 800 1225 783 1237 760 1224 732 1237 702 1224 664 1237 607 1239 584 1229 518 1239 495 1225 476 1235 465 1225 339 1225 325 1236 275 1236 276 1263"/></Shape>
	    <String CONTENT="qu’il faiſoit au peuple de Perſe, ne ſut plus hom¬"
                    HPOS="275.0"
                    VPOS="1222.0"
                    WIDTH="1016.0"
                    HEIGHT="60.0"
                    WC="0.9855758953094482"></String>
          </TextLine>
          <TextLine ID="eSc_line_a15fce2a"
                    TAGREFS="LT8"
                    BASELINE="277 1320 1288 1323" 
                    HPOS="276.0"
                    VPOS="1279.0"
                    WIDTH="1012.0"
                    HEIGHT="60.0">
            <Shape><Polygon POINTS="277 1320 276 1328 287 1337 288 1337 290 1337 291 1337 354 1330 374 1337 375 1337 377 1337 414 1330 463 1337 464 1337 655 1331 743 1330 813 1334 905 1339 907 1339 960 1335 1022 1331 1175 1338 1205 1339 1206 1339 1212 1339 1247 1331 1285 1339 1288 1323 1287 1293 1148 1292 1135 1281 1134 1281 1133 1281 1105 1281 1104 1281 1103 1281 1101 1281 1089 1292 1074 1281 1073 1281 1071 1281 1048 1281 1047 1281 1046 1281 1044 1281 1032 1292 1031 1293 903 1293 901 1292 889 1281 888 1281 886 1281 885 1281 883 1281 853 1290 795 1281 794 1281 792 1281 764 1290 742 1279 740 1279 739 1279 687 1290 686 1290 671 1290 618 1290 597 1279 596 1279 595 1279 547 1290 544 1292 495 1292 494 1290 476 1279 475 1279 473 1279 429 1279 427 1279 426 1279 424 1279 412 1290 390 1279 389 1279 388 1279 386 1279 359 1290 356 1290 277 1290 277 1320"/></Shape>
	    <String CONTENT="me de bien eſtant aſsis ſur la peau de ſon pere,"
                    HPOS="276.0"
                    VPOS="1279.0"
                    WIDTH="1012.0"
                    HEIGHT="60.0"
                    WC="0.9879231241842111"></String>
          </TextLine>
          <TextLine ID="eSc_line_54f3214a"
                    TAGREFS="LT8"
                    BASELINE="276 1380 1293 1379" 
                    HPOS="275.0"
                    VPOS="1339.0"
                    WIDTH="1018.0"
                    HEIGHT="60.0">
            <Shape><Polygon POINTS="276 1380 276 1391 288 1399 290 1399 291 1399 292 1399 336 1390 340 1390 559 1390 561 1391 574 1399 576 1399 577 1399 578 1399 612 1392 652 1399 653 1399 655 1399 682 1391 689 1390 716 1391 795 1397 796 1397 930 1392 999 1390 1003 1392 1011 1399 1013 1399 1014 1399 1016 1399 1062 1392 1066 1392 1070 1392 1129 1399 1130 1399 1292 1392 1293 1379 1289 1339 1231 1352 859 1352 845 1342 841 1339 840 1339 839 1339 837 1339 822 1342 787 1350 753 1343 734 1339 732 1339 689 1343 619 1350 588 1343 563 1339 562 1339 533 1345 502 1350 456 1345 404 1339 403 1339 360 1346 340 1349 322 1346 284 1339 283 1339 281 1339 280 1339 275 1342 276 1380"/></Shape>
	    <String CONTENT="que ſeroit celuy qui ſuccederoit au tyran, quand"
                    HPOS="275.0"
                    VPOS="1339.0"
                    WIDTH="1018.0"
                    HEIGHT="60.0"
                    WC="0.9836123324930668"></String>
          </TextLine>
          <TextLine ID="eSc_line_16ec2f9f"
                    TAGREFS="LT8"
                    BASELINE="276 1437 1292 1437" 
                    HPOS="276.0"
                    VPOS="1397.0"
                    WIDTH="1016.0"
                    HEIGHT="53.0">
            <Shape><Polygon POINTS="276 1437 276 1450 1292 1450 1292 1437 1292 1409 1269 1397 1268 1397 1266 1397 1265 1397 1232 1409 1198 1401 1197 1401 1195 1401 1194 1401 1172 1409 1159 1397 1157 1397 1156 1397 1154 1397 1153 1397 1123 1409 1120 1410 1033 1410 1029 1407 1011 1397 1010 1397 1009 1397 962 1397 961 1397 960 1397 934 1406 926 1410 780 1410 769 1405 753 1397 751 1397 730 1397 728 1397 727 1397 725 1397 717 1403 710 1409 700 1403 683 1397 682 1397 652 1397 651 1397 649 1397 648 1397 640 1403 633 1407 618 1402 600 1397 599 1397 597 1397 596 1397 595 1397 588 1402 580 1410 510 1410 501 1401 495 1397 494 1397 493 1397 491 1397 490 1397 476 1401 453 1409 431 1401 422 1397 420 1397 396 1397 394 1397 393 1397 392 1397 388 1399 378 1407 367 1399 366 1399 365 1399 363 1399 362 1399 360 1399 329 1409 306 1399 301 1397 299 1397 298 1397 276 1398 276 1437"/></Shape>
	    <String CONTENT="bien ſeroit vn de ſes freres: conſiderant la mal¬"
                    HPOS="276.0"
                    VPOS="1397.0"
                    WIDTH="1016.0"
                    HEIGHT="53.0"
                    WC="0.9993882361723452"></String>
          </TextLine>
          <TextLine ID="eSc_line_3ea5615c"
                    TAGREFS="LT8"
                    BASELINE="272 1497 1293 1495" 
                    HPOS="271.0"
                    VPOS="1454.0"
                    WIDTH="1022.0"
                    HEIGHT="62.0">
            <Shape><Polygon POINTS="272 1497 272 1507 652 1507 661 1515 663 1515 664 1515 666 1516 697 1516 697 1515 698 1515 717 1508 1014 1512 1016 1512 1017 1512 1035 1506 1043 1514 1044 1514 1046 1514 1047 1515 1208 1515 1208 1514 1209 1514 1239 1506 1259 1514 1261 1514 1262 1514 1263 1514 1293 1504 1293 1495 1291 1466 1261 1466 1261 1465 1246 1454 1244 1454 1243 1454 1201 1454 1199 1454 1198 1454 1197 1454 1184 1465 1182 1467 987 1467 982 1463 967 1454 965 1454 964 1454 962 1454 961 1454 935 1463 930 1466 834 1466 825 1462 804 1454 803 1454 802 1454 800 1454 784 1462 772 1467 701 1467 689 1462 681 1458 679 1458 678 1458 676 1458 666 1461 646 1467 638 1461 631 1455 630 1455 629 1455 577 1455 576 1455 574 1455 573 1455 565 1461 552 1467 532 1461 516 1455 514 1455 434 1455 433 1455 431 1455 419 1459 404 1465 271 1459 272 1497"/></Shape>
	    <String CONTENT="heureuſe fin où la tyrannie conduit ceux qui l’e¬"
                    HPOS="271.0"
                    VPOS="1454.0"
                    WIDTH="1022.0"
                    HEIGHT="62.0"
                    WC="0.9979604983329773"></String>
          </TextLine>
          <TextLine ID="eSc_line_66874e83"
                    TAGREFS="LT8"
                    BASELINE="272 1557 1292 1555" 
                    HPOS="271.0"
                    VPOS="1515.0"
                    WIDTH="1021.0"
                    HEIGHT="60.0">
            <Shape><Polygon POINTS="272 1557 272 1567 631 1567 634 1567 651 1575 652 1575 653 1575 768 1567 806 1565 814 1567 829 1572 830 1572 832 1574 907 1574 907 1572 908 1572 909 1572 916 1567 920 1565 967 1567 1088 1574 1089 1574 1090 1574 1092 1574 1101 1567 1103 1565 1105 1567 1114 1574 1115 1574 1116 1574 1118 1574 1291 1567 1292 1555 1289 1527 1184 1527 1167 1518 1165 1518 1164 1518 1163 1518 1161 1518 1149 1527 1074 1527 1059 1515 1058 1515 1056 1515 983 1515 982 1515 980 1515 979 1515 960 1527 747 1527 710 1516 709 1516 708 1516 706 1516 705 1516 687 1529 607 1529 584 1516 582 1516 581 1516 580 1516 557 1525 540 1516 539 1516 445 1516 444 1516 442 1516 415 1525 279 1520 277 1520 276 1520 275 1520 275 1522 271 1525 272 1557"/></Shape>
	    <String CONTENT="xercent. Mais ie te prie comme s’eſt fait cela, que"
                    HPOS="271.0"
                    VPOS="1515.0"
                    WIDTH="1021.0"
                    HEIGHT="60.0"
                    WC="0.9978626370429993"></String>
          </TextLine>
          <TextLine ID="eSc_line_0b61b9f9"
                    TAGREFS="LT8"
                    BASELINE="272 1613 1293 1616" 
                    HPOS="271.0"
                    VPOS="1575.0"
                    WIDTH="1022.0"
                    HEIGHT="57.0">
            <Shape><Polygon POINTS="272 1613 271 1625 279 1631 280 1631 281 1631 283 1631 766 1625 787 1632 788 1632 789 1632 1292 1625 1293 1616 1292 1587 1135 1587 1134 1586 1112 1576 1111 1576 1110 1576 1041 1584 1029 1587 794 1587 783 1583 753 1575 751 1575 723 1575 721 1575 720 1575 719 1575 709 1583 706 1586 661 1586 655 1582 636 1575 634 1575 633 1575 582 1582 580 1582 577 1582 540 1575 539 1575 537 1575 525 1582 518 1584 465 1584 461 1580 454 1575 453 1575 452 1575 450 1575 449 1575 433 1580 427 1583 423 1580 414 1575 412 1575 411 1575 409 1575 408 1575 389 1580 374 1586 330 1586 322 1580 311 1575 310 1575 309 1575 272 1579 272 1613"/></Shape>
	    <String CONTENT="l&#x27;on ait imprimé nos deuis que nous euſmes auec"
                    HPOS="271.0"
                    VPOS="1575.0"
                    WIDTH="1022.0"
                    HEIGHT="57.0"
                    WC="0.993924830108881"></String>
          </TextLine>
          <TextLine ID="eSc_line_63a4f47a"
                    TAGREFS="LT8"
                    BASELINE="271 1673 1296 1676" 
                    HPOS="269.0"
                    VPOS="1632.0"
                    WIDTH="1027.0"
                    HEIGHT="65.0">
            <Shape><Polygon POINTS="271 1673 269 1683 280 1689 281 1689 283 1689 284 1689 373 1687 390 1695 392 1695 393 1695 457 1684 520 1684 544 1695 546 1695 547 1696 592 1696 592 1695 593 1695 623 1684 732 1684 753 1684 783 1696 784 1696 785 1696 839 1688 930 1696 931 1696 1010 1685 1178 1685 1190 1696 1191 1696 1193 1696 1194 1697 1246 1697 1246 1696 1295 1685 1296 1676 1295 1644 1244 1644 1244 1643 1221 1634 1220 1634 1219 1634 1159 1643 1156 1644 870 1644 868 1643 856 1634 855 1634 853 1634 815 1634 814 1634 813 1634 794 1643 792 1643 700 1643 700 1642 687 1632 686 1632 685 1632 683 1632 629 1642 615 1632 614 1632 612 1632 611 1632 610 1632 587 1642 587 1643 537 1643 537 1642 518 1632 517 1632 484 1632 483 1632 482 1632 480 1632 469 1642 453 1634 452 1634 450 1634 449 1634 448 1634 438 1642 437 1643 407 1643 405 1642 394 1632 393 1632 392 1632 301 1632 299 1632 298 1632 271 1640 271 1673"/></Shape>
	    <String CONTENT="Alithie? Et qui eſt ce qui les peut auoir redigez"
                    HPOS="269.0"
                    VPOS="1632.0"
                    WIDTH="1027.0"
                    HEIGHT="65.0"
                    WC="0.9981509702546256"></String>
          </TextLine>
          <TextLine ID="eSc_line_0d23320e"
                    TAGREFS="LT8"
                    BASELINE="271 1733 630 1733" 
                    HPOS="271.0"
                    VPOS="1689.0"
                    WIDTH="359.0"
                    HEIGHT="62.0">
            <Shape><Polygon POINTS="271 1733 271 1742 399 1751 400 1751 487 1748 608 1744 627 1751 630 1733 630 1697 596 1689 595 1689 593 1689 592 1689 591 1689 580 1699 576 1703 548 1703 544 1699 536 1691 536 1689 535 1689 533 1689 513 1689 512 1689 510 1689 509 1689 498 1699 494 1703 407 1703 404 1699 394 1691 394 1689 393 1689 392 1689 371 1689 370 1689 369 1689 367 1689 367 1691 358 1699 355 1703 333 1703 322 1699 290 1689 288 1689 287 1689 286 1689 271 1696 271 1733"/></Shape>
	    <String CONTENT="ſi toſt par eſcrit?!"
                    HPOS="271.0"
                    VPOS="1689.0"
                    WIDTH="359.0"
                    HEIGHT="62.0"
                    WC="0.9908774197101593"></String>
          </TextLine>
        </TextBlock>
        <TextBlock HPOS="490.0"
                   VPOS="96.0"
                   WIDTH="639.0"
                   HEIGHT="62.0"
                   ID="eSc_textblock_61c4e61d"
                   TAGREFS="BT18">
          <Shape><Polygon POINTS="490 96 490 158 1129 158 1129 96"/></Shape>
          <TextLine ID="eSc_line_352fce47"
                    TAGREFS="LT8"
                    BASELINE="506 138 1120 141" 
                    HPOS="505"
                    VPOS="88"
                    WIDTH="615"
                    HEIGHT="67">
            <Shape><Polygon POINTS="505 142 527 152 528 152 529 152 573 144 595 152 596 152 597 152 599 152 625 144 648 152 649 152 651 152 652 152 686 144 704 152 705 152 706 152 708 152 742 144 784 152 785 152 787 152 811 144 834 153 836 153 837 153 839 153 870 145 900 153 901 153 903 153 904 153 920 145 950 153 952 153 953 155 986 155 986 153 987 153 988 153 988 152 996 145 1110 153 1111 153 1112 153 1114 153 1114 152 1119 145 1120 141 1120 103 1099 89 1097 89 1096 89 1095 89 1093 89 1070 98 1047 92 1046 92 1044 92 1043 92 1041 92 1041 93 1031 104 996 104 969 89 968 89 967 89 965 89 939 103 931 95 931 93 930 93 928 93 886 93 885 93 883 93 882 93 871 103 844 91 843 91 841 91 840 91 814 103 813 103 783 88 781 88 780 88 779 88 750 103 736 103 723 89 723 88 721 88 720 88 719 88 717 88 687 102 675 89 675 88 674 88 672 88 656 88 655 88 653 88 652 88 652 89 638 102 600 91 599 91 597 91 596 91 595 91 584 100 576 93 576 92 574 92 573 92 543 89 542 89 540 89 506 100 506 138"/></Shape>
	    <String CONTENT="DIALOGVE II."
                    HPOS="505"
                    VPOS="88"
                    WIDTH="615"
                    HEIGHT="67"
                    WC="0.9989519019921621"></String>
          </TextLine>
        </TextBlock>
        <TextBlock HPOS="271.0"
                   VPOS="1757.0"
                   WIDTH="1024.0"
                   HEIGHT="282.0"
                   ID="eSc_textblock_07c4f50a"
                   TAGREFS="BT100008">
          <Shape><Polygon POINTS="271 1757 271 2039 1295 2039 1295 1757"/></Shape>
          <TextLine ID="eSc_line_912bf5df"
                    TAGREFS="LT8"
                    BASELINE="271 1793 1293 1789" 
                    HPOS="269.0"
                    VPOS="1747.0"
                    WIDTH="1024.0"
                    HEIGHT="61.0">
            <Shape><Polygon POINTS="271 1793 271 1801 355 1808 356 1808 358 1808 359 1808 367 1801 369 1801 434 1801 437 1801 452 1808 453 1808 454 1808 487 1801 493 1801 497 1801 536 1808 537 1808 539 1808 552 1801 554 1801 557 1801 585 1808 587 1808 631 1801 645 1800 757 1800 760 1801 766 1806 768 1806 769 1806 770 1806 811 1801 825 1800 847 1801 920 1806 922 1806 923 1806 942 1801 953 1798 1024 1798 1028 1801 1033 1805 1035 1805 1036 1805 1037 1805 1292 1800 1293 1789 1291 1760 1161 1760 1116 1748 1115 1748 1114 1748 1112 1748 1111 1748 1111 1749 1100 1759 1058 1759 1040 1747 1039 1747 1037 1747 962 1747 961 1747 960 1747 958 1747 942 1760 897 1760 875 1748 874 1748 841 1748 840 1748 839 1748 837 1748 822 1761 765 1761 656 1748 655 1748 653 1748 652 1748 638 1759 612 1748 611 1748 610 1748 608 1748 574 1763 484 1763 463 1749 461 1749 460 1749 459 1749 457 1749 423 1760 390 1749 389 1749 388 1749 386 1749 385 1749 365 1761 284 1749 283 1749 281 1749 280 1749 280 1751 269 1759 271 1793"/></Shape>
	    <String CONTENT="Le pol. Ie ne te le ſcaurois dire, ſi d’auenture ce"
                    HPOS="269.0"
                    VPOS="1747.0"
                    WIDTH="1024.0"
                    HEIGHT="61.0"
                    WC="0.9934307780920291"></String>
          </TextLine>
          <TextLine ID="eSc_line_2687baeb"
                    TAGREFS="LT8"
                    BASELINE="268 1850 1295 1847" 
                    HPOS="266.0"
                    VPOS="1802.0"
                    WIDTH="1029.0"
                    HEIGHT="67.0">
            <Shape><Polygon POINTS="268 1850 268 1861 464 1861 487 1869 488 1869 490 1869 491 1869 508 1861 509 1861 555 1868 557 1868 558 1868 559 1868 569 1861 570 1861 614 1861 701 1861 710 1869 712 1869 713 1869 715 1869 795 1861 799 1861 800 1861 809 1868 810 1868 811 1868 813 1869 873 1869 873 1868 874 1868 875 1868 883 1861 885 1861 889 1861 947 1868 949 1868 991 1861 994 1861 995 1861 1002 1868 1003 1868 1005 1868 1006 1868 1007 1868 1029 1861 1032 1860 1153 1860 1159 1861 1174 1868 1175 1868 1176 1868 1295 1861 1295 1847 1291 1806 1164 1815 1153 1806 1148 1802 1146 1802 1145 1802 1115 1802 1114 1802 1112 1802 1111 1802 1104 1808 1093 1816 1070 1816 1054 1808 1041 1802 1040 1802 1039 1802 1037 1802 1036 1802 1029 1808 1020 1815 931 1815 916 1809 898 1802 897 1802 896 1802 894 1802 893 1802 885 1809 877 1816 779 1816 768 1811 754 1804 753 1804 751 1804 750 1804 749 1804 740 1811 734 1815 728 1811 720 1804 719 1804 717 1804 672 1804 671 1804 670 1804 668 1804 657 1812 652 1816 646 1812 637 1804 636 1804 634 1804 633 1804 597 1811 581 1804 580 1804 578 1804 533 1812 516 1816 510 1812 501 1804 499 1804 498 1804 456 1804 454 1804 453 1804 434 1813 429 1816 426 1813 415 1804 414 1804 412 1804 411 1804 374 1811 351 1804 350 1804 348 1804 347 1804 345 1804 333 1815 330 1817 291 1817 288 1815 281 1808 280 1808 279 1808 277 1808 276 1808 266 1812 268 1850"/></Shape>
	    <String CONTENT="n’eſt Euſebe Philadelphe qui fut preſent à nos di"
                    HPOS="266.0"
                    VPOS="1802.0"
                    WIDTH="1029.0"
                    HEIGHT="67.0"
                    WC="0.9807415568828582"></String>
          </TextLine>
          <TextLine ID="eSc_line_70ba48a2"
                    TAGREFS="LT8"
                    BASELINE="269 1909 1293 1904" 
                    HPOS="268.0"
                    VPOS="1866.0"
                    WIDTH="1025.0"
                    HEIGHT="60.0">
            <Shape><Polygon POINTS="269 1909 269 1919 663 1926 664 1926 666 1926 667 1926 676 1918 678 1918 683 1918 749 1926 750 1926 751 1926 768 1918 781 1925 783 1925 784 1925 825 1918 828 1918 837 1918 1013 1925 1014 1925 1084 1917 1088 1917 1089 1917 1099 1925 1100 1925 1101 1925 1103 1925 1104 1925 1105 1925 1116 1918 1148 1925 1149 1925 1150 1925 1152 1925 1161 1918 1168 1924 1169 1924 1171 1924 1172 1924 1292 1915 1293 1904 1291 1879 1135 1879 1131 1877 1105 1869 1104 1869 1103 1869 1101 1869 1100 1869 1092 1876 1089 1879 986 1879 979 1876 953 1866 952 1866 950 1866 949 1866 915 1875 904 1879 879 1879 875 1875 867 1868 866 1868 864 1868 839 1868 837 1868 836 1868 834 1868 826 1875 824 1876 821 1875 813 1868 811 1868 810 1868 765 1868 764 1868 762 1868 749 1873 739 1877 623 1873 621 1873 619 1873 587 1881 543 1881 527 1872 521 1869 520 1869 518 1869 517 1869 509 1872 495 1876 491 1872 488 1869 487 1869 486 1869 433 1869 431 1869 430 1869 429 1869 426 1870 411 1880 268 1870 269 1909"/></Shape>
	    <String CONTENT="ſcours. Mais tant y a qu’ils ſont imprimez, enco¬"
                    HPOS="268.0"
                    VPOS="1866.0"
                    WIDTH="1025.0"
                    HEIGHT="60.0"
                    WC="0.9899823543976765"></String>
          </TextLine>
          <TextLine ID="eSc_line_650fbb75"
                    TAGREFS="LT8"
                    BASELINE="269 1968 1289 1964" 
                    HPOS="268.0"
                    VPOS="1926.0"
                    WIDTH="1021.0"
                    HEIGHT="59.0">
            <Shape><Polygon POINTS="269 1968 269 1977 433 1977 437 1978 446 1985 448 1985 449 1985 450 1985 537 1978 550 1978 551 1978 561 1985 562 1985 563 1985 565 1985 566 1985 567 1985 574 1978 577 1977 637 1979 725 1982 727 1982 728 1982 738 1979 750 1975 785 1979 833 1985 834 1985 836 1985 845 1979 852 1975 859 1979 864 1983 866 1983 867 1983 868 1983 889 1979 912 1975 1044 1981 1133 1983 1134 1983 1135 1983 1146 1981 1174 1974 1191 1981 1195 1982 1197 1982 1198 1982 1209 1981 1255 1974 1285 1981 1289 1964 1285 1934 1119 1936 1108 1934 1065 1926 1063 1926 1062 1926 1039 1934 1037 1934 1005 1926 1003 1926 1002 1926 1001 1926 999 1926 988 1934 987 1936 983 1934 950 1926 949 1926 947 1926 946 1926 926 1936 918 1939 757 1939 753 1936 736 1928 735 1928 734 1928 636 1936 592 1940 573 1937 532 1929 531 1929 482 1937 461 1940 422 1937 365 1933 363 1933 362 1933 350 1937 344 1940 341 1937 335 1932 333 1932 332 1932 330 1932 298 1937 279 1929 277 1929 276 1929 275 1929 273 1929 268 1933 269 1968"/></Shape>
	    <String CONTENT="res m’a on fait entendre qu’vn Catholique en a"
                    HPOS="268.0"
                    VPOS="1926.0"
                    WIDTH="1021.0"
                    HEIGHT="59.0"
                    WC="0.9961672736250836"></String>
          </TextLine>
          <TextLine ID="eSc_line_12874781"
                    TAGREFS="LT8"
                    BASELINE="268 2027 1291 2023" 
                    HPOS="266.0"
                    VPOS="1982.0"
                    WIDTH="1025.0"
                    HEIGHT="65.0">
            <Shape><Polygon POINTS="268 2027 268 2039 416 2047 418 2047 585 2039 612 2039 621 2039 660 2046 661 2046 710 2039 720 2039 1289 2039 1291 2023 1289 1992 1265 1982 1263 1982 1262 1982 1261 1982 1259 1982 1247 1992 1244 1994 1201 1994 1195 1992 1180 1982 1179 1982 1178 1982 1152 1982 1150 1982 1149 1982 1130 1993 1125 1994 1028 1994 1028 1993 1002 1982 1001 1982 999 1982 998 1982 975 1993 950 1982 949 1982 947 1982 946 1982 945 1982 927 1994 926 1996 789 1996 788 1996 760 1983 758 1983 716 1983 715 1983 713 1983 712 1983 700 1994 656 1996 614 1983 612 1983 611 1983 610 1983 608 1983 608 1985 596 1996 573 1997 565 1997 546 1997 506 1997 480 1985 479 1985 478 1985 476 1985 475 1985 454 1998 427 1998 388 1985 386 1985 302 1985 301 1985 299 1985 266 1997 268 2027"/></Shape>
	    <String CONTENT="eſté Imprimeur: &amp; qu’il en a vendu luy meſmnes à"
                    HPOS="266.0"
                    VPOS="1982.0"
                    WIDTH="1025.0"
                    HEIGHT="65.0"
                    WC="0.9855545210838318"></String>
          </TextLine>
        </TextBlock>
        <TextBlock HPOS="1138.0"
                   VPOS="2046.0"
                   WIDTH="158.0"
                   HEIGHT="68.0"
                   ID="eSc_textblock_d5354c05"
                   TAGREFS="BT17">
          <Shape><Polygon POINTS="1296 2114 1296 2046 1138 2046 1138 2114"/></Shape>
          <TextLine ID="eSc_line_c0a84677"
                    TAGREFS="LT8"
                    BASELINE="1148 2084 1289 2081" 
                    HPOS="1146.0"
                    VPOS="2043.0"
                    WIDTH="143.0"
                    HEIGHT="51.0">
            <Shape><Polygon POINTS="1148 2084 1148 2094 1288 2092 1289 2081 1287 2058 1236 2049 1235 2049 1201 2053 1187 2054 1184 2052 1176 2045 1176 2043 1175 2043 1174 2043 1172 2043 1146 2049 1148 2084"/></Shape>
	    <String CONTENT="beau¬"
                    HPOS="1146.0"
                    VPOS="2043.0"
                    WIDTH="143.0"
                    HEIGHT="51.0"
                    WC="0.9999504089355469"></String>
          </TextLine>
        </TextBlock>
        <TextBlock HPOS="906.0"
                   VPOS="2326.0"
                   WIDTH="295.0"
                   HEIGHT="95.0"
                   ID="eSc_textblock_7294181b"
                   TAGREFS="BT9">
          <Shape><Polygon POINTS="906 2326 906 2421 1201 2421 1201 2326"/></Shape>
        </TextBlock>
      </PrintSpace>
    </Page>
  </Layout>
</alto>
