1464 2430
247 91 40 44 8

247 144 1045 69 L'hi. Pleuſt à Dieu qu’ainſi fuſt l’amy cõme c’eſt

249 213 1047 62 pour la plus part, tout au contraire. Les plus grãs

251 267 1041 67 y font les plus lourdes ſautes, voire les plus reli¬

247 326 1042 65 gieux ſont plus qu’il ne ſeroit à deſirer, embrenez

248 388 350 53 de ces ordures.

480 76 578 63 DIALOGVE II.

247 444 482 62 Le pol. Que me dis-tu?

247 500 1044 58 L'hi.Il eſt ainſi ie t'en aſſeure, & nul ne leur vient

248 561 822 62 au deuant, ils s’en di ſpenſent à leur gré.

245 621 1040 67 Le pol. Et les Paſteurs, quoy cependant? ne repre¬

248 681 467 60 nent-ils pas ces vices?

248 734 1049 69 L’hi. La plus part ſont des chiens muets, preſque¬

251 793 1038 72 tous compagnons d’Hely, il n’y a point de diſci¬

253 855 137 65 pline.

252 913 1040 65 Le pol. Si eſt-ce que i’ay ouy dire qu’il y auoit en

255 973 1034 63 Angleterre pluſieurs Miniſtres bons Paſteurs;

256 1032 1036 54 qui deſirãs la reformation de la vie & mœurs des

256 1094 1039 60 hommes, & de quelques ceremonies externes qui

255 1148 1033 64 ſont demeurees de reſte de la Papauté, ne ceſſoy-

256 1209 1039 61 ent de faire tout deuoir par eſcrit & de viue voix,

259 1266 1032 62 pour mettre la diſcipline Eccleſiaſtique au deſſus:

256 1325 1037 65 Et quelque bon Prince Proteſtant qui la vouloit

257 1390 435 47 mettre en ſes terres.

257 1439 1038 64 L’hiſt. Tu dis vray: Mais ſon bon vouloir n’a pas

259 1501 1036 63 eu l’effet deſiré: Et quant a ces bons perſonnages

264 1560 1036 65 Anglois, du temps meſme que i’ay eſté en Angle¬

264 1620 1036 60 terre, ils ont eſté merueilleuſement trauaillez par

264 1674 1028 63 les Miniſtres de la iuſtice: Les vns ont eſté ban¬

266 1736 1025 54 nis, les autres depoſez de leurs miniſteres: Et leurs

267 1798 1018 60 e ſcrits parlans de reformation, condamnez com¬

267 1852 290 54 me ſeditieux.

268 1907 466 68 Le pol. Eſt-il poſsible?

267 1965 328 61 L'hi. Il eſt ainſi.

1214 2027 82 62 Le
