1420 2444
167.0 160.0 1017.0 61.0 de la crainte d’vne guerre externe, à vne conſpi¬

168.0 222.0 347.0 49.0 ration inteſtine.

237.0 275.0 951.0 64.0 Nous auons dit qu’en affaires d’eſtat, il faut

160 329 1025 64 regarder ſi ce qu'on propoſe eſt iuſte, & vtile au

168.0 395.0 1018.0 61.0 public: les autres reſpects de clemence, de libera¬

163.0 453.0 1024.0 61.0 lité, de generoſité particuliere, doyuent touſiours

163.0 511.0 1023.0 63.0 ceder à l’vtilité publique: mais il y a encores vn

163.0 572.0 1023.0 58.0 tiers, qui ſurmonte tous autres: C’eſt vne ne¬

163.0 627.0 1019.0 65.0 ceſsité publique. Celle- la eſt preferee quel¬

163.0 689.0 1021.0 52.0 que fois aux loix diuines ceremoniales. Les Ma¬

160.0 750.0 1023.0 56.0 chabees qui ne voulurent combatre au iour du

161.0 805.0 1021.0 59.0 Sabbath, demourerent enſeigneurs à leurs ſuc¬

160.0 866.0 1022.0 54.0 ceſſeurs, de faire ceder les ceremonies diuines, à

158.0 920.0 263.0 54.0 la neceſsité.

362 83 603 61 DIALOGVE II.

214.0 977.0 968.0 64.0 Les Romains diſent, que leurs maieurs auoy¬

156.0 1037.0 1024.0 62.0 ent ſouuent preferé la neceſsité, à la Religion:

156.0 1099.0 1024.0 61.0 Les loix politiques luy cedent. Caton qui en a e¬

154.0 1154.0 1026.0 63.0 ſté le plus rude obſeruateur, le perſuada au Se¬

154.0 1215.0 1028.0 55.0 nat en la queſtion Catilinaire: auſsi le ſalut du

157.0 1273.0 1022.0 63.0 peuple, eſt la ſouueraine Loy d’vn eſtat: car a¬

158.0 1333.0 1022.0 61.0 lors, la neceſsité publique fait licite ce qui aut re¬

154.0 1390.0 1025.0 61.0 ment ne l’eſtoit point: A plus forte raiſon ſera¬

154.0 1451.0 1024.0 60.0 elle preferee à vne douceur, qui n’eſt que vo¬

154.0 1509.0 1022.0 60.0 lontaire: & à vne clemence, qui traine auec ſoy

153.0 1565.0 379.0 54.0 la ruine de l’eſtat¬

1138.0 126.0 37.0 31.0 T.

211.0 1623.0 967.0 67.0 Que la neceſsité, & ſalut publique ſoit en ceſt

150.0 1683.0 1024.0 63.0 endroit, ileſt aſſez aiſé à iuger, par ce que deſ¬

150.0 1744.0 1026.0 60.0 ſus, où il a eſté monſtié que ceſte conſpiration

149.0 1803.0 1020.0 66.0 n’apportoit pas ſeulement changement d’eſtat,

148.0 1861.0 509.0 62.0 mais ruine de Religion.

188.0 1919.0 990.0 63.0 Il ne reſte donques, que de bien fonder la ve¬

148.0 1979.0 1028.0 63.0 rité, & certitude du delict: Et auoir intention
