1424 2449
127.0 136.0 459.0 65.0 plaindre & lamenter.

179.0 191.0 978.0 64.0 Mais reuenant à parler du noſtre: Par ceſt e¬

125.0 262.0 1036.0 53.0 dict meſmes il ordonne qu’il ne ſerã loiſible ne

127.0 318.0 1031.0 60.0 permis à ſes procureurs generaur, ny autres per¬

125.0 376.0 1030.0 62.0 ſonnes publiques ou priuees en quelque temps,

125.0 434.0 1034.0 63.0 ny pour quelque occalion que ce ſoit faire men¬

123.0 489.0 1036.0 64.0 tion,proces ou pourſuite des choſes auenues de¬

123.0 553.0 1034.0 61.0 puis le mois d’Aouſt en ça en aucune cour ou iu¬

125.0 608.0 253.0 57.0 riſdiction.

298.0 74.0 605.0 51.0 DIACOGVE TI

121.0 665.0 1038.0 65.0 L’hi. Cecy eſtencores pire que les mots precedẽts

121.0 725.0 1034.0 68.0 n’eſtoyent. Car en deſſendant à ſes procureurs ge

121.0 785.0 1034.0 55.0 neraux de n’en faire aucune pourſuite: c’eſt tout

121.0 843.0 1038.0 57.0 autant que s’il diſoit: la coniuration que ie mis à

122.0 906.0 1036.0 57.0 ſus à l’Amiral & aux autres Huguenots pour a¬

122.0 964.0 1035.0 61.0 uoir quelque couleur en mes cruautez,quoy quel

119.0 1020.0 1038.0 65.0 le foit fauſſement excogltee par moy & mes ſpe¬

118.0 1077.0 1043.0 65.0 ciaux Conſeillers, & qu’elle n’ait apparence quel

115.0 1138.0 1044.0 59.0 conque de verité ny meſme aucune veriſimilitu¬

121.0 1198.0 1040.0 63.0 de, eſt toutefois tellement vraye, que ie veux qu’õ

121.0 1259.0 1041.0 60.0 le penſe ainſi. Et partant mes procureurs vous en

123.0 1318.0 1036.0 58.0 pourroyent vn iour tirer en cauſe deuant mes par

121.0 1375.0 1041.0 61.0 lemẽs & autres iuges & officiers. Mais ie ne veux

123.0 1435.0 1036.0 65.0 pas qu’ils le facent, pourueu que vous auſsi ne

126.0 1495.0 1035.0 61.0 vous plaigniez nullement de ce qui vous a eſté

119.0 1553.0 1039.0 55.0 fait ny on faciez aucune pourſuite en aucune cour

121.0 1609.0 1038.0 57.0 ou iuriſdiction. Le tyran ſer a touſiours en liber¬

122.0 1668.0 1039.0 57.0 té de nous en ietter le chat aux iambes quand il

122.0 1727.0 1036.0 64.0 voudra & quand il nous tiẽdra en puiſſance. Mait

121.0 1789.0 1037.0 64.0 quant à nous il ne veut pas que durant ſa meſchã¬

123.0 1850.0 1036.0 60.0 te vie, ny apres ſa vilaine mort, ſi Dieu nous en

125.0 1906.0 1029.0 62.0 donne quelqu’autre qui nous vueille ſaire raiſon,

122.0 1964.0 1033.0 67.0 que nous en facions la pourſuitte deuant la iuriſ¬

1082.0 85.0 73.0 46.0 144
