1425 2444
135.0 147.0 1033.0 72.0 mes effets que l’Euangile aſſailly a accouſtumé

135.0 210.0 1030.0 68.0 de produire. Il a repouilé les efforta de l’ennemy,

134.0 266.0 1035.0 73.0 & renſorcé ceux qui le deffendoyẽt, pendãt qu’ila

135.0 328.0 1034.0 69.0 ont eſté au guet & ſur leurs gardes. Mais quand

135.0 385.0 1034.0 71.0 ils ſe ſont endormis leur a laiſſé coupper la gor¬

143.0 446.0 1030.0 69.0 ge? & en fin il eſt demouré entre les mains dea

139.0 505.0 1031.0 69.0 gens de bien ſans leur pouuoir eſtre arrachè. Le

138.0 564.0 1032.0 71.0 Seigneur a fait tout cecy ſe monſtrant grand & ad

137.0 625.0 784.0 59.0 mirable en la conſeruation des ſiens.

322.0 79.0 595.0 67.0 DIALOGVE II.

137.0 681.0 1036.0 68.0 Le pol. Cela eſt ſans doute tor eſcoute, afin que

137.0 741.0 1038.0 68.0 i'acheue de te dire, ce qui s’eſt paſſé durant ce ſiex

141.0 798.0 1036.0 75.0 ge de la Rochelle. Apres que les deputez de l’en¬

137.0 860.0 1038.0 68.0 nemy & les noſtres eurent parlementé des moyẽs

138.0 932.0 1038.0 56.0 de paix,voyant que nos freres de la Rocheſle de¬

138.0 978.0 1039.0 70.0 mandoyent par leurs articles pluſieurs choſes cõ

138.0 1038.0 1041.0 68.0 cernans toute l’Egliſe Françoiſe, & ne vouloy ent

137.0 1097.0 1039.0 67.0 entendre à aucun accord, quoy qu’ils fuſſent mer

138.0 1155.0 1042.0 68.0 ueilleuſement preſſez, affligez& haraſſez, ſans que

137.0 1213.0 1043.0 63.0 de meſme le reſte de nos freres receuſt vn bõ ſou

138.0 1273.0 1042.0 72.0 lagement en ſes oppreſſes, remonſtrans qu’il n’e¬

141.0 1330.0 1039.0 73.0 ſtoit pas honneſte qu’vn de leurs membfes ſouſ¬

141.0 1390.0 1043.0 72.0 ſriſt peine ou plaiſir:ſans faire part & du mal & du

142.0 1454.0 1038.0 63.0 bien aux autres membres de leur corpt. Voyãt,

142.0 1509.0 1041.0 72.0 dis ie, qu’ils inſiſtoyent à cela, l'ennemy leur ac¬

141.0 1570.0 1039.0 70.0 corda qu’ils peuſſent librement communiquer a¬

142.0 1629.0 1041.0 61.0 nec ceux de Montauban, & ceux de Mont auban

142.0 1693.0 747.0 61.0 auec eux pour le benefice de paix.

1090.0 87.0 74.0 65.0 17

199.0 1744.0 982.0 65.0 Et de fait ceux de Montauban vindrent, com¬

145.0 1804.0 1042.0 69.0 me ie t’ay voulu dire, durant le ſiege à la Rochel

145.0 1864.0 1038.0 65.0 le auec memoires de nos autres freres, ſous ſauſ¬

142.0 1923.0 1043.0 68.0 conduit de l’ennemy: & meſlerent leurs deman¬

142.0 1985.0 1039.0 67.0 des & celles qu’ils eſtimerent eſtre bon de faire,

903.0 2044.0 83.0 57.0 i.V.
