1420 2411
210 148 897 81 DIALOGVE SECOND.

476 238 334 52 Interlocuteurs.

183 279 287 74 Le Politique

728 314 395 54 TTnitortographe.

191 363 917 81 Le Politique commence en chantant le Pſalme

132 500 924 81 Le pol. Or peut bien dire Ilrael maintenant,

136 565 871 73 Si le Seigneur pour nous n’euſt point eſté,

133 620 848 75 Si le Seigneur noſtre droict n’euſt porté,

136 680 918 74 Quand tout le monde à grand fureur venant

129 740 898 65 Pour nous meurtrir, deſſus nous s’eſt ietté:

486 429 309 63 CXXIIII.

127 794 1026 81 L’hi. Ie ſuis deceu ſi ce n’eſt la voix de celuy que ie

127 855 730 70 deſire le plus de voir en ce monde.

124 912 886 80 Le pol. Pieça fuſsions vifs deuorez par eux,

132 972 715 70 Veu la ſureur ardente des peruers:

127 1030 804 69 Pieça fuſsions ſous les eaux à l’enuers,

125 1088 735 75 Et tout ainſi qu’vn flot impetueux,

127 1150 844 71 Nous euſſent tous abyſmez & couuerts,

1144 118 34 60 3

124 1204 1022 79 L’hi. Ou ie reſue, ou c’eſt l’amy ſans nulle doute,

121 1264 1029 74 Mon Dieu où peut-il eſtre entré? Seroit-ce point

120 1324 1028 79 en ceſte chambre? Hola he, Quurez vn peu, ie

124 1387 222 58 vous prie.

117 1439 855 74 Le pol. Qui eſtes-vous, qui ainſi heurtez?

117 1498 676 71 L’hi. Gens de paix, ouure l’amy.

116 1555 1030 81 Le pol. O Seigneur, C’eſt l’Hiſtoriographe. Eſt-il

124 1611 196 63 poſsible!

113 1676 882 70 L’hi. Ce l’eſt vrayement, mon grand amy.

115 1735 1023 73 Le pol. Que ie t’embraſſe, He qu’il y a de temps

116 1797 903 66 que ie ſouhaite d’auoir le bien que ie reçoy!

113 1853 1027 70 L’hiſt. Il m’auient tout ainfi qu’à ceux qui ont lon

113 1916 1023 67 guement attendu, apres quelque bien rare cho¬

115 1970 1025 79 ſe, qui mal à peine peuuent croire lors qu’ils l’ont

873 2048 99 42 2.il.
