1419 2440
126 146 806 63 re, c’eſt pluſtoſt temerité que douceur.

175 221 965 53 L’Angleterre tient (comme l’on dict) le loup

126 278 1012 57 par les oreilles, ils ne le peuuẽt tenir long temps,

124 325 1018 59 & encores moins le laſcher, que en l’vne & l’au¬

124 382 1018 61 tre ſorte il ne leur face beaucoup de mal. Le pe¬

122 439 1020 63 ril y eſt tout euident, & ia eſſayé: vouloir enco¬

124 500 1018 65 res choquer au meſme eſcueuil où l’on vient de

122 559 1016 69 faire naufrage, ce ſeroit à tort, comme dit le pro

120 616 720 61 uerbe, qu’on accuſeroit Neptune.

285 75 604 65 DTALOGVE II.

175 693 967 49 Cela eſt bien certain, que tant que la royne

122 732 1022 67 d’Eſcoſſe y ſera, elle ne ceſſera de troubler ceſt

118 788 1026 68 eſtat, par conſpirations inteſtines: Et ſi elle en eſt

118 847 1026 63 vne fois hors (comme Charles de Valois s’eſſaye

116 910 989 57 iournellement de l’en tirer) par guerre esterne.

173 982 969 48 Il n’y a rien de ſi pernicieux à vn Royaume que

120 1026 1020 63 d’y auoir vn ſucceſieur, ayant des qualitez ſi per¬

120 1083 1022 63 nicieuſes à vn eſtat, que la royne d’Eſcoſſe. Car

120 1142 1022 63 en premier lieu, C’eſt vn ſucceſſeur ennemy, el¬

120 1201 1018 59 le l’auoit aſſez monſtré par les guerres paſ.

120 1258 1022 67 ſees. Mais en la conſpiration derniere elle à

122 1317 1018 65 deſcouuert la plus capitale haine qui ſe peut mõ¬

124 1382 154 53 ſtrer.

1099 91 37 55 6

181 1439 963 61 L'ambition & cupidité de ceſte Couronne, ne

124 1506 1024 49 luy petmet point d'attendre le temps de la ſuc¬

126 1553 1022 61 ceſsion. Elle a autrefois vſurpé le titre & les ar¬

126 1626 128 57 mes.

183 1677 967 53 A preſent par ceſte conſpiration, elle a mon¬

124 1726 1030 71 ſtré d’en vouloir auoir la poſſeſsion & la com

130 1787 199 63 modité.

154 1850 998 57 Dauantage, elle eſt eſtrangere de nation, tel¬

128 1905 1028 63 leuatcue mmaancemden endedrouey comaalis deroi,
