1429 2432
247.0 86.0 104.0 58.0 182

246 151 1022 62 tauiſer treſtous enſẽblé de remedier à leurs mal¬

254 213 1020 62 heurs. A la verité dire, mon compagnõ, c’eſt vne

254 270 1020 62 choſe bien eſtrange de voir vn milliõ de milliõs

252 328 1022 58 d’hommes ſeruir miſerablemẽt ayans le col ſous

256 391 1017 64 le ioug, non pas cõtrains par vne plus grãd force:

250 445 1023 60 mais aucunemẽt (ce me ſemble) enchãtez & char

250 506 1024 62 mez par le nom ſeul d’vn, duquel ils ne doyuẽt ne

250 564 1022 62 craindre la puiſſance, puis qu’il eſt ſeul: ne aimer

252 621 1018 66 les qualitez, puis qu’il eſt en leur endroit inhu¬

250 683 370 62 main & ſauuage.

475 89 584 54 DIALOGVE II.

293.0 739.0 985.0 62.0 La nobleſſe d’entre nous hõmes eſt telle, qu’el

255.0 798.0 1023.0 55.0 le fait ſouuẽt que nous obeiſſons à la force: il eſt

250.0 860.0 1028.0 60.0 beſoin de temporiſer, nous ne pouuons pas touſ

256.0 917.0 1021.0 62.0 iours eſtre les plus ſorts. Si dõques vne natiõ eſt

255.0 1003.0 1023.0 37.0 contralte par la loice de mguenle de lerdit a vir

256.0 1034.0 1021.0 63.0 (comme la cité d’Athenes aux 3o. tyrans) il ne ſe

255.0 1090.0 1025.0 66.0 faut esbahir qu’elle ſerue: mais ſe plaindre de l’ac

254.0 1148.0 1022.0 63.0 cident, ou pluſtoſt ne s’esbahir ny ne s’en plain¬

258.0 1210.0 1020.0 54.0 dre:ains porter le mal patiemment & ſe reſeruer

260.0 1267.0 674.0 62.0 à l'auenir à meilleure fortune.

312.0 1328.0 966.0 52.0 Noſtre nature eſt ainſi, que les communs de¬

258.0 1386.0 1022.0 62.0 uoirs de l’amitié emportẽt bõne partie du cours

256.0 1441.0 1021.0 57.0 de noſtre vie. Il eſt bien raiſõnable d’aimer la ver

260.0 1501.0 1018.0 63.0 tu, d’eſtimer les beaux faits, de recognoiſtre le

258.0 1560.0 1022.0 57.0 biẽ d’oú l’on la receu, &diminuer ſouuent noſtre

256.0 1621.0 1017.0 61.0 aiſe pour augmẽter l’hõneur & auãtage de celuy

260.0 1678.0 1017.0 63.0 qu’on aime & qui le merite. Ainſi donc ſi les ha¬

258.0 1740.0 1023.0 62.0 bitans d’vn pays ont trouué quelque grãd perſon

260.0 1798.0 1020.0 66.0 nage qui leur aye monſtré par eſpreuue vne gran

259.0 1859.0 1023.0 59.0 de prouidence pour les garder, vne grande har¬

263.0 1915.0 1019.0 61.0 dieſſe pour les defendre, vn grand ſoin pour les

263.0 1973.0 1018.0 72.0 gouuerner:ſi de là en auant ils s’appriuoiſent de

1199.0 2038.0 71.0 65.0 luy
