1431 2433
204.0 64.0 100.0 54.0 168

200.0 145.0 1032.0 57.0 donques, muc (iepneu nyec cnictapaaue itico¬

202.0 197.0 1034.0 65.0 Non, non, reſpondit le tyran, ne vous en mettez

201.0 244.0 1041.0 80.0 pas en peine, & faites entẽdre à Nantouillet qu’il

200.0 305.0 1038.0 73.0 aura trop ſorte partie, s’il en veut demander rai¬

201.0 364.0 954.0 73.0 ſon. Voila que ie ſceu au vray quant à ce fait.

442.0 58.0 578.0 67.0 DIALOGVE II

259.0 424.0 981.0 73.0 A pres ie ſceu qu’vn autre iour les Rois firent

201.0 485.0 1040.0 65.0 dreſſer partie à douze de leurs courtiſans, contre

202.0 542.0 1034.0 68.0 douze ſilles de ioye des plus honneſtes de Paris:

202.0 602.0 1039.0 71.0 & que pour la mieux voir iouer, ils firent tendre

204.0 660.0 1038.0 69.0 en vne ſalle douze lits de cãp ſans rideaux, ou cha

205.0 719.0 1037.0 70.0 cun auec ſa chacune en la preſence de ces Rois

205.0 778.0 1043.0 74.0 n’auoit pas honte de deſſier ſes compagnõs à pail

209.0 846.0 167.0 54.0 larder.

210.0 892.0 1038.0 75.0 L’hi.O mon Dieu, qu’eſt-ce que i’oy dire! hé que

215.0 954.0 1034.0 66.0 voila d’infames actes! Ie ne croiray iamais que

217.0 1011.0 1031.0 75.0 Neron, Caligule, Heliogabale, & le vilain Sarda¬

212.0 1071.0 1036.0 76.0 napale ayent approché que de loin à l’infameté de

216.0 1144.0 192.0 58.0 celix cy.

208.0 1216.0 1040.0 47.0 Le pol. Oreicoute. Tapprins à Paiis d’auaiitage.

215.0 1248.0 1034.0 71.0 que le tyran auoit mandé & eſcrit deux fois à ſon

216.0 1305.0 1035.0 75.0 frere le roy de Pologne durant le ſiege de la Ro¬

216.0 1366.0 1033.0 70.0 chelle, qu’il deuſt faire eſtrangler la Mole vn gen¬

217.0 1427.0 1039.0 65.0 tilhomme Prouençal, fauory du duc d’Alençon¬

219.0 1482.0 1036.0 68.0 L'hi. Ie le cognoy bien: & qu’e lle raiſon en a uoit

216.0 1540.0 1040.0 72.0 il? la Mole eſt-il pas Papiſte & le balladin de la

219.0 1613.0 129.0 50.0 cour?

220.0 1658.0 1037.0 77.0 Le pol.Il eſt vray. Mais tanty a que le tyran le cõ

223.0 1720.0 1036.0 72.0 manda, quoy qué ſon frere ne fit rien que mõſtrer

221.0 1777.0 1046.0 66.0 ſeulement les letres à la Mole, afin qu’il auiſaſt vn

227.0 1842.0 890.0 70.0 peu de plus pres à ſon fait que par le paſſe.

223.0 1897.0 1040.0 73.0 L’hi. Et ne dit on pas l’occaſion qui eſineut le ty¬

225.0 1962.0 228.0 56.0 ran à cela?

1096.0 2011.0 164.0 70.0 Le pol.
