1369 2440
147.0 166.0 1011.0 61.0 nemis, mais certes bien de l’ennemy, & de celuy

149.0 235.0 1011.0 57.0 que vous faites li grãd, qu’il eſt, pour lequel vous

147.0 290.0 1017.0 62.0 allez ſi courageuſement à la guerre, pour la gran

146.0 344.0 1019.0 57.0 deur duquel ne refuſez point de mettre à la mort

146.0 405.0 1018.0 62.0 vos perſonnes. Celuy qui vous maiſtriſe tant, n’a

145.0 464.0 1019.0 64.0 que deux yeux, n’a que deux mains, n’a qu’vn

145.0 521.0 1017.0 64.0 corps, & n’a autre choſe, que ce qu’a le moindre

147.0 577.0 1018.0 64.0 hõme du grand & infiny nõbre de vos villes. Si¬

143 641 1021 61 non qu’il a plus que vous tous, vn cœur deſloyal,

145 699 1017 61 ſelon, & l’auantage, que vous luy donnez pour

147 753 1019 58 vous deſtruire, d’où a-il pris tant d’yeux, dont il

147 814 1021 57 vous eſpie? ſi vous ne les luy baillez. Comment

145 872 1023 64 a-il tant de mains pour vous frapper? s’il ne les

149 932 1017 64 prent de vous? les pieds, dont il foule vos citez,

147 989 1021 57 d’où les a-il, s’ils ne ſont des voſtres? Comment

146 1051 1022 63 a-il aucun pouuoir ſur vous, que par vous? com¬

146 1107 1020 60 ment vous oſeroit-il courir ſus, s’il n’auoit intel¬

150 1169 1018 61 ligence auec vous? que vous pourroit-il faire, ſi

153 1228 1012 58 vous n’eſtiez recelateurs du larrõ qui vous pille,

147 1287 1021 59 complices du meurtrier qui vous tue, & traiſtres

150 1344 350 52 à vous meſmes.

343 119 621 46 DIALOSV DII..

1066.0 142.0 91.0 34.0 102

200.0 1397.0 964.0 64.0 Vous ſemez vos fruicts, afin qu’il en face deſ¬

150.0 1458.0 1023.0 65.0 gaſt, vous meublez & rempliſſez vos maiſons

151.0 1518.0 1015.0 65.0 pour fournir à ſes pilleries & volleries, vous nour

149.0 1573.0 1021.0 68.0 riſſez vos filles, afin qu’il ait dequoy raſſaſier ſa

151.0 1644.0 1017.0 53.0 luxure:vous nourriſſez vos enſans, aſin que pour

150.0 1694.0 1014.0 65.0 le mieux qu'il leur ſcauroit faire, qu’il les mene

150.0 1752.0 1015.0 65.0 en ſes guerres, qu’il les conduiſe à la boucherie,

153.0 1811.0 1015.0 59.0 qu'il les face les miniſtres de ſes conuoitiſes, les

154.0 1899.0 1014.0 35.0 caceuteurs de tes vengcaiices, et bouticaun des

153.0 1934.0 1013.0 58.0 conſciences de vos coneitoyena: vous rompez à

156.0 1988.0 1002.0 73.0 la peine vos perſonnes, afin qu’il ſe puiſſe mig¬
