<?xml version="1.0" encoding="UTF-8"?>
<alto xmlns:xsi="http://www.w3.org/2001/XMLSchema-instance"
      xmlns="http://www.loc.gov/standards/alto/ns-v4#"
      xsi:schemaLocation="http://www.loc.gov/standards/alto/ns-v4# http://www.loc.gov/standards/alto/v4/alto-4-2.xsd">
  <Description>
    <MeasurementUnit>pixel</MeasurementUnit>
    <sourceImageInformation>
      <fileName>page_00354.png</fileName>
      <fileIdentifier>mets//page_00205.zip/page_00354.png</fileIdentifier>
    </sourceImageInformation>
  </Description>
  <Tags>
    <OtherTag ID="BT7" LABEL="CustomZone" DESCRIPTION="block type CustomZone"/><OtherTag ID="BT8" LABEL="DamageZone" DESCRIPTION="block type DamageZone"/><OtherTag ID="BT9" LABEL="DigitizationArtefactZone" DESCRIPTION="block type DigitizationArtefactZone"/><OtherTag ID="BT10" LABEL="DropCapitalZone" DESCRIPTION="block type DropCapitalZone"/><OtherTag ID="BT11" LABEL="GraphicZone" DESCRIPTION="block type GraphicZone"/><OtherTag ID="BT12" LABEL="MainZone" DESCRIPTION="block type MainZone"/><OtherTag ID="BT13" LABEL="MarginTextZone" DESCRIPTION="block type MarginTextZone"/><OtherTag ID="BT14" LABEL="MusicZone" DESCRIPTION="block type MusicZone"/><OtherTag ID="BT15" LABEL="NumberingZone" DESCRIPTION="block type NumberingZone"/><OtherTag ID="BT17" LABEL="QuireMarksZone" DESCRIPTION="block type QuireMarksZone"/><OtherTag ID="BT18" LABEL="RunningTitleZone" DESCRIPTION="block type RunningTitleZone"/><OtherTag ID="BT19" LABEL="SealZone" DESCRIPTION="block type SealZone"/><OtherTag ID="BT20" LABEL="StampZone" DESCRIPTION="block type StampZone"/><OtherTag ID="BT21" LABEL="TableZone" DESCRIPTION="block type TableZone"/><OtherTag ID="BT22" LABEL="TitlePageZone" DESCRIPTION="block type TitlePageZone"/><OtherTag ID="BT100001" LABEL="MainZone-Head" DESCRIPTION="block type MainZone-Head"/><OtherTag ID="BT100005" LABEL="MainZone-P" DESCRIPTION="block type MainZone-P"/><OtherTag ID="BT100008" LABEL="MainZone-Sp" DESCRIPTION="block type MainZone-Sp"/><OtherTag ID="BT100006" LABEL="MainZone-Continued" DESCRIPTION="block type MainZone-Continued"/><OtherTag ID="BT100011" LABEL="MainZone-Entry" DESCRIPTION="block type MainZone-Entry"/><OtherTag ID="BT100010" LABEL="MainZone-Other" DESCRIPTION="block type MainZone-Other"/><OtherTag ID="BT100002" LABEL="MainZone-Lg" DESCRIPTION="block type MainZone-Lg"/>
    <OtherTag ID="LT7" LABEL="CustomLine" DESCRIPTION="line type CustomLine"/><OtherTag ID="LT8" LABEL="DefaultLine" DESCRIPTION="line type DefaultLine"/><OtherTag ID="LT9" LABEL="DropCapitalLine" DESCRIPTION="line type DropCapitalLine"/><OtherTag ID="LT10" LABEL="HeadingLine" DESCRIPTION="line type HeadingLine"/><OtherTag ID="LT11" LABEL="InterlinearLine" DESCRIPTION="line type InterlinearLine"/><OtherTag ID="LT12" LABEL="MusicLine" DESCRIPTION="line type MusicLine"/><OtherTag ID="LT764" LABEL="default" DESCRIPTION="line type default"/>
  </Tags>
  <Layout>
    <Page WIDTH="1420"
          HEIGHT="2420"
          PHYSICAL_IMG_NR="154"
          ID="eSc_dummypage_">
      <PrintSpace HPOS="0"
                  VPOS="0"
                  WIDTH="1420"
                  HEIGHT="2420">
        <TextBlock HPOS="128.0"
                   VPOS="159.0"
                   WIDTH="1034.0"
                   HEIGHT="1759.0"
                   ID="block_4"
                   TAGREFS="BT100005">
          <Shape><Polygon POINTS="134 159 1161 160 1162 1916 128 1918 135 176"/></Shape>
          <TextLine ID="line_2"
                    TAGREFS="LT8"
                    BASELINE="196 198 1155 198" 
                    HPOS="196.0"
                    VPOS="154.0"
                    WIDTH="959.0"
                    HEIGHT="63.0">
            <Shape><Polygon POINTS="196 198 196 208 231 216 232 217 321 217 321 216 322 216 336 209 376 216 377 217 633 217 633 216 634 216 636 216 648 209 1054 216 1055 216 1095 209 1116 216 1117 216 1118 216 1155 208 1155 198 1155 166 1125 154 1124 154 1122 154 1121 154 1098 166 1042 166 1019 154 1017 154 989 154 988 154 987 154 964 166 863 159 861 159 860 159 848 165 826 157 825 157 824 157 822 157 821 157 808 168 775 168 740 154 739 154 738 154 736 154 735 154 722 166 681 155 680 155 679 155 677 155 652 166 634 154 633 154 632 154 601 154 599 154 598 154 579 165 567 154 566 154 564 154 563 154 562 154 544 162 508 154 506 154 505 154 504 154 504 155 490 168 457 168 416 154 415 154 414 154 412 154 385 166 359 154 357 154 356 154 355 154 353 154 338 168 266 168 235 154 233 154 232 154 231 154 196 166 196 198"/></Shape>
	    <String CONTENT="Ceux de ſonobleſſe &amp; des uueres eſtats de"
                    HPOS="196.0"
                    VPOS="154.0"
                    WIDTH="959.0"
                    HEIGHT="63.0"
                    WC="0.9873259183837146"></String>
          </TextLine>
          <TextLine ID="line_3"
                    TAGREFS="LT8"
                    BASELINE="147 263 1153 256" 
                    HPOS="146.0"
                    VPOS="228.0"
                    WIDTH="1007.0"
                    HEIGHT="55.0">
            <Shape><Polygon POINTS="1141 237 1128 237 1114 237 1101 237 1087 237 1074 237 1060 237 1047 237 1034 237 1020 237 1007 237 993 237 980 237 966 237 953 237 939 237 926 237 913 237 899 237 886 237 872 237 859 237 845 237 832 237 818 237 805 237 792 237 778 237 765 237 751 237 738 237 724 237 711 237 697 237 684 237 671 237 657 237 644 237 630 237 617 237 603 237 590 237 576 237 563 237 549 237 536 237 523 237 509 237 496 237 482 237 469 237 455 237 442 237 428 237 415 237 402 237 388 237 385 237 375 237 361 237 348 237 334 237 321 237 307 237 294 237 281 237 267 237 254 237 240 237 227 237 213 237 200 237 186 237 185 231 146 228 147 263 147 278 232 272 243 278 250 282 251 282 252 283 297 283 297 282 298 282 299 282 303 278 314 270 353 270 492 271 517 278 531 280 532 280 533 280 535 280 539 278 555 268 658 275 660 275 797 267 870 278 876 278 878 278 884 278 965 266 1043 276 1044 278 1152 278 1153 256 1151 237 1141 237"/></Shape>
	    <String CONTENT="Pologne ſaiſans profeſſion de memme reſigion"
                    HPOS="146.0"
                    VPOS="228.0"
                    WIDTH="1007.0"
                    HEIGHT="55.0"
                    WC="0.9804717586799101"></String>
          </TextLine>
          <TextLine ID="line_4"
                    TAGREFS="LT8"
                    BASELINE="149 319 1153 315" 
                    HPOS="147.0"
                    VPOS="274.0"
                    WIDTH="1006.0"
                    HEIGHT="63.0">
            <Shape><Polygon POINTS="149 319 149 328 459 337 461 337 508 330 536 326 544 330 555 336 556 336 558 336 583 330 599 328 629 330 671 336 672 336 705 332 743 326 783 332 816 336 817 336 841 332 884 325 992 325 1019 333 1024 334 1026 334 1027 334 1028 334 1032 333 1050 326 1151 333 1153 315 1151 286 937 285 925 274 923 274 922 274 894 274 892 274 891 274 864 283 812 278 810 278 767 285 714 275 712 275 711 275 710 275 701 283 582 286 568 275 567 275 566 275 564 275 524 282 502 275 501 275 500 275 498 275 480 285 411 276 410 276 408 276 407 276 395 285 369 276 368 276 367 276 365 276 364 276 350 289 211 289 177 278 176 278 174 278 173 278 147 287 149 319"/></Shape>
	    <String CONTENT="que nous (leſquels à ce que i&#x27;entens ſont en bien"
                    HPOS="147.0"
                    VPOS="274.0"
                    WIDTH="1006.0"
                    HEIGHT="63.0"
                    WC="0.9803797626495361"></String>
          </TextLine>
          <TextLine ID="line_5"
                    TAGREFS="LT8"
                    BASELINE="146 377 1151 372" 
                    HPOS="145.0"
                    VPOS="333.0"
                    WIDTH="1006.0"
                    HEIGHT="66.0">
            <Shape><Polygon POINTS="146 377 146 388 274 399 275 399 277 399 278 399 291 388 293 388 295 388 375 395 376 395 377 395 403 387 407 387 531 387 533 387 646 397 648 397 740 385 742 385 759 396 761 396 762 396 763 396 872 392 874 392 875 392 883 385 941 395 942 396 1013 396 1013 395 1015 395 1016 395 1024 388 1050 395 1051 395 1052 395 1054 395 1085 387 1128 395 1129 395 1130 395 1132 395 1151 383 1151 372 1148 341 1089 333 1087 333 1086 333 1063 341 1062 341 1047 333 1046 333 1044 333 1043 333 1042 333 1030 341 1028 342 930 342 930 341 900 333 899 333 898 333 896 333 895 333 883 342 880 344 739 344 738 342 704 334 703 334 701 334 650 344 645 344 640 344 602 336 601 336 599 336 576 344 574 344 572 344 543 336 541 336 540 336 504 344 501 344 500 344 447 336 446 336 392 345 384 345 373 345 298 337 297 337 295 337 294 337 286 345 285 345 282 345 236 338 235 338 145 345 146 377"/></Shape>
	    <String CONTENT="fort grãd nombre &amp; des principaux du pays) eſti¬"
                    HPOS="145.0"
                    VPOS="333.0"
                    WIDTH="1006.0"
                    HEIGHT="66.0"
                    WC="0.9867369958332607"></String>
          </TextLine>
          <TextLine ID="line_6"
                    TAGREFS="LT8"
                    BASELINE="146 438 1153 432" 
                    HPOS="145.0"
                    VPOS="389.0"
                    WIDTH="1008.0"
                    HEIGHT="68.0">
            <Shape><Polygon POINTS="146 438 146 451 272 447 279 451 283 455 285 455 286 455 287 457 322 457 322 455 324 455 333 451 345 447 563 451 564 451 649 445 718 451 728 453 730 453 731 453 732 451 748 445 839 445 849 451 851 451 852 451 853 451 984 443 1151 451 1153 432 1152 403 1121 395 1120 395 1118 395 1117 395 1116 395 1106 403 1034 403 1007 389 1005 389 1004 389 1003 389 1001 389 985 403 925 403 903 389 902 389 900 389 899 389 898 389 871 403 847 396 845 396 844 396 724 403 701 393 700 393 699 393 654 403 637 392 636 392 634 392 633 392 582 399 555 392 554 392 552 392 551 392 549 392 532 404 517 392 516 392 515 392 438 392 437 392 435 392 434 392 419 404 373 393 372 393 371 393 369 393 360 403 313 407 268 407 254 396 252 396 251 396 250 396 145 407 146 438"/></Shape>
	    <String CONTENT="mans que le faict de France attouchoit de pres"
                    HPOS="145.0"
                    VPOS="389.0"
                    WIDTH="1008.0"
                    HEIGHT="68.0"
                    WC="0.9986539236877275"></String>
          </TextLine>
          <TextLine ID="line_7"
                    TAGREFS="LT8"
                    BASELINE="143 494 1149 490" 
                    HPOS="142.0"
                    VPOS="450.0"
                    WIDTH="1007.0"
                    HEIGHT="63.0">
            <Shape><Polygon POINTS="143 494 143 508 150 513 151 513 153 513 154 513 155 513 180 505 181 505 328 513 329 513 430 506 465 513 466 513 539 504 540 504 541 504 583 512 584 513 723 513 723 512 724 512 750 504 882 510 883 510 884 510 900 502 910 502 1122 510 1124 510 1125 510 1149 501 1149 490 1145 459 1113 459 1112 459 1101 450 1099 450 1098 450 1097 450 1095 450 1075 459 1074 461 1020 461 1019 459 992 450 991 450 939 450 938 450 937 450 913 458 888 450 887 450 886 450 841 459 814 450 813 450 812 450 810 450 781 461 778 462 547 462 547 461 525 451 524 451 477 451 476 451 474 451 439 462 437 462 434 462 408 453 407 453 406 453 404 453 381 462 380 463 349 463 348 462 337 453 336 453 334 453 333 453 229 462 227 462 205 453 204 453 153 453 151 453 150 453 149 453 142 457 143 494"/></Shape>
	    <String CONTENT="à leur eſtat &amp; affairos, tant pour la pietè &amp; crain¬"
                    HPOS="142.0"
                    VPOS="450.0"
                    WIDTH="1007.0"
                    HEIGHT="63.0"
                    WC="0.9847073952356974"></String>
          </TextLine>
          <TextLine ID="line_8"
                    TAGREFS="LT8"
                    BASELINE="142 556 1153 551" 
                    HPOS="141.0"
                    VPOS="508.0"
                    WIDTH="1012.0"
                    HEIGHT="66.0">
            <Shape><Polygon POINTS="181 537 176 521 141 520 142 556 142 570 349 566 360 568 381 574 383 574 384 574 414 567 427 564 435 567 451 572 453 572 454 572 504 566 512 566 519 566 560 572 562 572 563 572 564 572 575 566 578 564 587 566 621 570 622 570 707 564 727 563 757 563 997 570 999 570 1091 561 1137 570 1138 570 1140 570 1141 570 1153 560 1153 551 1152 518 1125 508 1124 508 1122 508 1121 508 1094 518 1093 520 1050 520 1048 518 1035 508 1034 508 1032 508 991 508 989 508 988 508 965 518 964 520 892 521 835 521 831 518 816 509 814 509 813 509 812 509 810 509 790 517 762 509 761 509 759 509 758 509 757 509 743 518 739 520 691 520 689 518 679 509 677 509 676 509 654 509 653 509 652 509 650 509 650 510 641 518 638 521 630 518 605 510 603 510 602 510 601 510 571 518 560 522 350 522 342 518 329 512 328 512 267 512 266 512 264 512 263 512 255 518 252 521 248 518 232 512 231 512 229 512 228 512 211 518 201 522 185 521 181 537"/></Shape>
	    <String CONTENT="ſe de Dieu, que pour la charitè &amp; compaſſion de"
                    HPOS="141.0"
                    VPOS="508.0"
                    WIDTH="1012.0"
                    HEIGHT="66.0"
                    WC="0.9925530590116978"></String>
          </TextLine>
          <TextLine ID="line_9"
                    TAGREFS="LT8"
                    BASELINE="143 611 1152 611" 
                    HPOS="143.0"
                    VPOS="568.0"
                    WIDTH="1009.0"
                    HEIGHT="63.0">
            <Shape><Polygon POINTS="143 611 143 622 364 622 367 622 441 631 442 631 563 622 571 622 593 622 652 623 661 631 662 631 664 631 665 631 761 622 770 622 777 622 841 631 843 631 914 622 922 622 930 622 985 631 987 631 1067 623 1079 622 1087 623 1140 631 1141 631 1142 631 1144 631 1152 625 1152 611 1152 580 1126 568 1125 568 1062 568 1060 568 1059 568 1058 568 1042 582 825 582 793 568 792 568 790 568 789 568 787 568 773 582 746 582 724 568 723 568 722 568 695 568 693 568 692 568 668 582 617 582 593 568 591 568 590 568 588 568 566 578 541 568 540 568 539 568 537 568 536 568 519 580 389 568 388 568 387 568 385 568 369 582 294 582 247 568 246 568 244 568 243 568 242 568 225 582 143 582 143 611"/></Shape>
	    <String CONTENT="nos freres affligez &amp; le meſme danger auquel ils"
                    HPOS="143.0"
                    VPOS="568.0"
                    WIDTH="1009.0"
                    HEIGHT="63.0"
                    WC="0.9900226133565108"></String>
          </TextLine>
          <TextLine ID="line_10"
                    TAGREFS="LT8"
                    BASELINE="146 673 1152 669" 
                    HPOS="145.0"
                    VPOS="629.0"
                    WIDTH="1007.0"
                    HEIGHT="62.0">
            <Shape><Polygon POINTS="146 673 146 691 490 681 797 688 801 688 802 688 804 688 824 680 1003 680 1011 687 1012 687 1013 687 1015 688 1083 688 1114 688 1114 687 1116 687 1117 687 1126 680 1148 687 1152 669 1149 638 1066 629 1065 629 999 637 961 629 960 629 958 629 933 637 762 630 761 630 759 630 742 639 677 639 645 630 644 630 642 630 641 630 614 639 543 639 531 630 529 630 528 630 527 630 525 630 524 630 513 637 481 630 480 630 400 639 336 631 334 631 333 631 301 641 145 641 146 673"/></Shape>
	    <String CONTENT="pourroyẽt romber: voulans eſprouuer le traicez"
                    HPOS="145.0"
                    VPOS="629.0"
                    WIDTH="1007.0"
                    HEIGHT="62.0"
                    WC="0.9943189265880179"></String>
          </TextLine>
          <TextLine ID="line_11"
                    TAGREFS="LT8"
                    BASELINE="139 730 1152 730" 
                    HPOS="139.0"
                    VPOS="689.0"
                    WIDTH="1013.0"
                    HEIGHT="59.0">
            <Shape><Polygon POINTS="139 730 139 738 207 746 208 746 266 739 314 746 316 746 317 746 333 739 367 748 368 748 369 748 371 748 372 748 383 742 427 748 428 748 430 748 458 739 521 739 539 748 540 748 541 748 652 739 719 748 720 748 816 739 875 747 876 747 878 747 879 747 890 739 937 747 938 747 939 747 941 747 952 739 1026 739 1109 748 1110 748 1152 738 1152 730 1152 700 1030 699 1012 689 1011 689 1009 689 939 699 857 689 856 689 855 689 853 689 843 697 785 689 783 689 782 689 781 689 769 699 696 692 695 692 693 692 665 700 388 700 372 689 371 689 369 689 320 689 318 689 317 689 298 700 243 700 181 699 164 689 162 689 161 689 160 689 139 699 139 730"/></Shape>
	    <String CONTENT="ment qu’ils pourroyent attendre d’vn eſtranger"
                    HPOS="139.0"
                    VPOS="689.0"
                    WIDTH="1013.0"
                    HEIGHT="59.0"
                    WC="0.9977763683899589"></String>
          </TextLine>
          <TextLine ID="line_12"
                    TAGREFS="LT8"
                    BASELINE="141 790 1153 786" 
                    HPOS="139.0"
                    VPOS="744.0"
                    WIDTH="1014.0"
                    HEIGHT="65.0">
            <Shape><Polygon POINTS="141 790 141 809 221 798 236 808 238 808 239 808 240 808 242 808 243 808 256 799 373 808 389 808 391 808 403 806 490 797 654 797 688 803 701 806 703 806 750 803 855 795 972 797 976 801 981 805 982 805 984 805 985 805 987 805 996 801 1001 798 1151 798 1153 786 1152 754 1137 744 1136 744 1134 744 1133 744 1132 744 1102 754 938 744 937 744 935 744 914 754 880 744 879 744 878 744 876 744 875 744 859 755 792 756 611 756 579 746 578 746 576 746 575 746 552 755 521 746 520 746 519 746 517 746 497 755 434 747 432 747 431 747 430 747 422 755 320 756 275 747 274 747 272 747 271 747 256 758 139 758 141 790"/></Shape>
	    <String CONTENT="par celuy qui ſeroit fait aux naturels ſubiets en"
                    HPOS="139.0"
                    VPOS="744.0"
                    WIDTH="1014.0"
                    HEIGHT="65.0"
                    WC="0.9910486778434442"></String>
          </TextLine>
          <TextLine ID="line_13"
                    TAGREFS="LT8"
                    BASELINE="145 845 1152 842" 
                    HPOS="143.0"
                    VPOS="803.0"
                    WIDTH="1009.0"
                    HEIGHT="54.0">
            <Shape><Polygon POINTS="145 845 145 857 1151 855 1152 842 1151 814 1128 803 1126 803 1125 803 1124 803 1099 813 1047 803 1046 803 943 813 911 803 910 803 909 803 907 803 884 813 750 803 748 803 680 813 649 803 648 803 646 803 590 816 424 816 387 805 385 805 384 805 383 805 381 805 369 816 307 816 248 805 247 805 246 805 224 816 143 816 145 845"/></Shape>
	    <String CONTENT="pareil cas, deuant que bien aſſeurer &amp; raſfſermir"
                    HPOS="143.0"
                    VPOS="803.0"
                    WIDTH="1009.0"
                    HEIGHT="54.0"
                    WC="0.9879058794099458"></String>
          </TextLine>
          <TextLine ID="line_14"
                    TAGREFS="LT8"
                    BASELINE="142 907 1153 902" 
                    HPOS="141.0"
                    VPOS="860.0"
                    WIDTH="1012.0"
                    HEIGHT="58.0">
            <Shape><Polygon POINTS="181 884 178 876 176 879 141 879 142 907 142 918 1152 915 1153 902 1152 875 1125 864 1124 864 1122 864 1121 864 1099 873 1069 860 1067 860 1066 860 1011 872 1000 865 999 865 997 865 996 865 890 875 864 861 863 861 861 861 860 861 859 861 841 872 695 869 693 869 644 876 605 875 591 863 590 863 588 863 587 863 586 863 584 863 560 877 521 877 418 863 416 863 415 863 414 863 403 872 364 864 363 864 361 864 360 864 345 877 317 877 291 864 290 864 246 864 244 864 243 864 242 864 229 872 203 864 201 864 200 864 199 864 197 864 185 872 181 884"/></Shape>
	    <String CONTENT="I&#x27;election du Duc d’Aniou, entrerẽt en conſeren"
                    HPOS="141.0"
                    VPOS="860.0"
                    WIDTH="1012.0"
                    HEIGHT="58.0"
                    WC="0.9957571240762869"></String>
          </TextLine>
          <TextLine ID="line_15"
                    TAGREFS="LT8"
                    BASELINE="141 965 1153 961" 
                    HPOS="139.0"
                    VPOS="919.0"
                    WIDTH="1014.0"
                    HEIGHT="62.0">
            <Shape><Polygon POINTS="141 965 141 978 938 980 939 980 989 973 995 973 996 973 1004 980 1005 980 1007 980 1008 981 1070 981 1070 980 1152 972 1153 961 1151 931 1077 931 1063 919 1062 919 1060 919 1059 919 1058 919 1030 929 1012 919 1011 919 1009 919 1008 919 1007 919 992 931 935 931 899 919 898 919 896 919 895 919 856 930 843 919 841 919 840 919 816 919 814 919 747 933 661 933 648 920 646 920 645 920 613 920 611 920 610 920 609 920 595 931 438 922 437 922 435 922 410 933 376 922 375 922 373 922 372 922 371 922 356 934 281 934 216 922 215 922 213 922 212 922 200 933 190 927 189 927 188 927 139 934 141 965"/></Shape>
	    <String CONTENT="ce &amp; negotiatiõ nouuelle auec l’Eueſque &amp; Lan¬"
                    HPOS="139.0"
                    VPOS="919.0"
                    WIDTH="1014.0"
                    HEIGHT="62.0"
                    WC="0.985523854164367"></String>
          </TextLine>
          <TextLine ID="line_16"
                    TAGREFS="LT8"
                    BASELINE="141 1020 1148 1023" 
                    HPOS="139.0"
                    VPOS="980.0"
                    WIDTH="1009.0"
                    HEIGHT="61.0">
            <Shape><Polygon POINTS="141 1020 139 1029 208 1040 209 1040 410 1032 524 1032 533 1040 535 1040 536 1040 537 1040 671 1033 711 1041 712 1041 755 1033 798 1040 800 1040 801 1040 816 1033 817 1033 1005 1033 1007 1033 1017 1041 1019 1041 1020 1041 1021 1041 1147 1033 1148 1023 1148 992 1129 982 1128 982 1126 982 1073 990 1011 981 1009 981 946 988 935 982 934 982 933 982 931 982 930 982 915 993 904 993 861 993 860 992 840 981 839 981 837 981 836 981 801 990 790 982 790 981 789 981 787 981 762 981 761 981 759 981 734 990 723 981 722 981 720 981 693 981 692 981 691 981 689 981 676 992 675 993 646 993 474 992 439 992 418 984 416 984 415 984 414 984 404 989 387 980 385 980 384 980 383 980 359 990 348 982 346 982 345 982 344 982 342 982 320 990 307 980 306 980 305 980 303 980 302 980 268 988 243 980 242 980 240 980 239 980 238 980 224 990 224 992 199 992 197 990 185 980 184 980 182 980 160 980 158 980 157 980 141 988 141 1020"/></Shape>
	    <String CONTENT="ſac, deſquels entre autres choſes le 4 de Mayiz7z"
                    HPOS="139.0"
                    VPOS="980.0"
                    WIDTH="1009.0"
                    HEIGHT="61.0"
                    WC="0.9867777581117592"></String>
          </TextLine>
          <TextLine ID="line_17"
                    TAGREFS="LT8"
                    BASELINE="139 1084 1151 1079" 
                    HPOS="138.0"
                    VPOS="1035.0"
                    WIDTH="1013.0"
                    HEIGHT="64.0">
            <Shape><Polygon POINTS="178 1062 173 1047 151 1039 150 1039 149 1039 147 1039 146 1039 138 1044 139 1084 139 1094 533 1099 535 1099 536 1099 549 1093 552 1093 607 1098 609 1098 705 1091 716 1091 720 1091 763 1098 765 1098 988 1090 1001 1090 1004 1090 1042 1097 1043 1097 1044 1097 1046 1097 1052 1091 1059 1097 1060 1097 1062 1097 1063 1098 1128 1098 1128 1097 1129 1097 1151 1089 1151 1079 1148 1045 1106 1035 1105 1035 1103 1035 1102 1035 1090 1045 1089 1045 1071 1039 1070 1039 1069 1039 1067 1039 1066 1039 1059 1045 1058 1047 969 1047 969 1045 948 1035 946 1035 945 1035 943 1035 923 1045 907 1035 906 1035 904 1035 903 1035 902 1035 868 1047 865 1047 855 1047 728 1036 727 1036 726 1036 724 1036 708 1047 695 1036 693 1036 692 1036 660 1036 658 1036 657 1036 656 1036 640 1048 637 1050 418 1050 418 1048 389 1037 388 1037 387 1037 334 1039 333 1039 332 1039 318 1050 317 1050 282 1050 267 1050 255 1039 254 1039 252 1039 251 1039 182 1050 178 1062"/></Shape>
	    <String CONTENT="ils obtindrẽt par promeſſe ſolennelle iuree &amp;ſi¬"
                    HPOS="138.0"
                    VPOS="1035.0"
                    WIDTH="1013.0"
                    HEIGHT="64.0"
                    WC="0.9946261279437006"></String>
          </TextLine>
          <TextLine ID="line_18"
                    TAGREFS="LT8"
                    BASELINE="126 1144 1149 1140" 
                    HPOS="125.0"
                    VPOS="1097.0"
                    WIDTH="1024.0"
                    HEIGHT="65.0">
            <Shape><Polygon POINTS="178 1114 172 1101 165 1101 164 1101 125 1110 126 1144 126 1154 142 1162 143 1162 145 1162 190 1153 203 1152 476 1152 484 1154 494 1160 496 1160 497 1160 539 1154 578 1150 590 1156 603 1161 605 1161 606 1161 607 1161 625 1156 637 1152 662 1156 700 1161 701 1161 731 1156 761 1150 782 1156 792 1158 793 1158 794 1158 796 1158 797 1158 800 1156 806 1152 835 1156 843 1157 844 1157 845 1157 847 1157 847 1156 859 1149 978 1156 980 1156 1031 1149 1073 1157 1086 1160 1087 1160 1149 1157 1149 1140 1148 1107 1129 1101 1128 1101 1126 1101 1081 1107 1077 1107 1074 1107 1040 1097 1039 1097 1038 1097 1036 1097 1035 1097 1020 1107 1019 1109 991 1109 991 1107 977 1097 976 1097 974 1097 935 1097 934 1097 933 1097 931 1097 918 1107 856 1107 805 1097 804 1097 767 1098 766 1098 765 1098 754 1107 740 1098 739 1098 738 1098 736 1098 735 1098 707 1107 680 1098 679 1098 677 1098 676 1098 642 1109 641 1109 630 1109 463 1103 462 1103 415 1110 408 1110 399 1110 268 1099 267 1099 266 1099 264 1099 251 1110 182 1102 178 1114"/></Shape>
	    <String CONTENT="egnee de leurs mains au nõ de leur maiſtre le ey"
                    HPOS="125.0"
                    VPOS="1097.0"
                    WIDTH="1024.0"
                    HEIGHT="65.0"
                    WC="0.9934238365718296"></String>
          </TextLine>
          <TextLine ID="line_19"
                    TAGREFS="LT8"
                    BASELINE="141 1200 1152 1196" 
                    HPOS="139.0"
                    VPOS="1157.0"
                    WIDTH="1013.0"
                    HEIGHT="63.0">
            <Shape><Polygon POINTS="141 1200 141 1211 330 1220 332 1220 333 1220 364 1211 368 1210 614 1210 622 1211 660 1219 661 1219 774 1211 814 1208 820 1211 835 1218 836 1218 837 1218 839 1218 860 1211 868 1208 895 1211 966 1218 968 1218 1017 1211 1026 1210 1027 1211 1036 1218 1038 1218 1039 1218 1040 1218 1151 1210 1152 1196 1149 1168 1023 1168 987 1157 985 1157 984 1157 982 1157 981 1157 969 1168 921 1168 818 1157 817 1157 816 1157 785 1168 744 1168 735 1158 734 1158 732 1158 731 1158 730 1158 695 1168 649 1168 638 1158 637 1158 636 1158 634 1158 515 1166 504 1158 502 1158 501 1158 500 1158 420 1169 170 1160 169 1160 168 1160 139 1171 141 1200"/></Shape>
	    <String CONTENT="rã, Que pour remettre la paix en Franee, le tyran"
                    HPOS="139.0"
                    VPOS="1157.0"
                    WIDTH="1013.0"
                    HEIGHT="63.0"
                    WC="0.9895809459686279"></String>
          </TextLine>
          <TextLine ID="line_20"
                    TAGREFS="LT8"
                    BASELINE="138 1258 1152 1258" 
                    HPOS="138.0"
                    VPOS="1215.0"
                    WIDTH="1014.0"
                    HEIGHT="63.0">
            <Shape><Polygon POINTS="138 1258 138 1267 244 1275 246 1275 247 1275 272 1269 277 1269 449 1269 467 1271 506 1277 508 1278 568 1278 568 1277 570 1277 571 1277 576 1271 582 1269 806 1269 826 1274 835 1277 836 1277 837 1277 855 1274 896 1269 965 1269 973 1275 973 1277 974 1277 976 1277 977 1277 997 1275 1101 1269 1151 1277 1152 1258 1152 1227 1106 1218 1105 1218 1103 1218 1086 1227 948 1227 933 1215 931 1215 930 1215 903 1215 902 1215 900 1215 899 1215 890 1223 879 1215 878 1215 876 1215 875 1215 825 1223 793 1215 792 1215 790 1215 789 1215 787 1215 773 1226 758 1215 757 1215 755 1215 642 1215 641 1215 640 1215 602 1226 564 1215 563 1215 562 1215 560 1215 533 1226 363 1220 361 1220 360 1220 337 1226 309 1215 307 1215 306 1215 305 1215 270 1226 236 1215 235 1215 233 1215 232 1215 204 1226 173 1215 172 1215 170 1215 169 1215 138 1226 138 1258"/></Shape>
	    <String CONTENT="aboliroit tout ce qui a eſtè fait durãt les guerres"
                    HPOS="138.0"
                    VPOS="1215.0"
                    WIDTH="1014.0"
                    HEIGHT="63.0"
                    WC="0.9932925273787301"></String>
          </TextLine>
          <TextLine ID="line_21"
                    TAGREFS="LT8"
                    BASELINE="133 1320 1149 1313" 
                    HPOS="131.0"
                    VPOS="1269.0"
                    WIDTH="1018.0"
                    HEIGHT="71.0">
            <Shape><Polygon POINTS="133 1320 133 1329 149 1336 150 1336 151 1336 153 1336 154 1336 164 1329 166 1329 263 1329 264 1329 285 1339 286 1339 287 1340 334 1340 334 1339 336 1339 353 1329 357 1326 672 1326 677 1329 692 1336 693 1336 695 1336 732 1329 748 1326 781 1326 785 1329 792 1335 793 1335 794 1335 796 1335 831 1329 853 1325 861 1329 872 1335 874 1335 875 1335 876 1335 891 1329 900 1325 914 1329 934 1335 935 1335 937 1335 981 1329 1001 1326 1147 1328 1149 1313 1147 1273 1105 1269 1103 1269 1102 1269 1101 1269 1095 1273 1082 1281 1066 1273 1055 1269 1054 1269 1052 1269 1051 1269 1040 1274 1026 1282 945 1282 931 1275 930 1274 929 1274 927 1274 926 1274 925 1274 921 1275 907 1283 828 1283 821 1277 817 1274 816 1274 814 1274 813 1274 812 1274 800 1278 785 1282 775 1278 757 1270 755 1270 754 1270 753 1270 751 1270 740 1278 732 1285 652 1285 646 1281 637 1271 636 1271 634 1271 595 1271 594 1271 593 1271 574 1281 571 1283 567 1281 552 1271 551 1271 549 1271 548 1271 547 1271 527 1281 516 1273 515 1273 513 1273 461 1273 459 1273 458 1273 432 1283 428 1285 424 1283 392 1273 391 1273 389 1273 388 1273 387 1273 375 1283 332 1285 302 1287 266 1287 264 1286 242 1274 240 1274 239 1274 199 1282 170 1274 169 1274 168 1274 166 1274 131 1286 133 1320"/></Shape>
	    <String CONTENT="ciuiles, que les fideles François pourroyent habi"
                    HPOS="131.0"
                    VPOS="1269.0"
                    WIDTH="1018.0"
                    HEIGHT="71.0"
                    WC="0.9961171782016754"></String>
          </TextLine>
          <TextLine ID="line_22"
                    TAGREFS="LT8"
                    BASELINE="133 1376 1151 1376" 
                    HPOS="133.0"
                    VPOS="1335.0"
                    WIDTH="1018.0"
                    HEIGHT="52.0">
            <Shape><Polygon POINTS="133 1376 133 1387 1151 1387 1151 1376 1151 1345 1130 1335 1129 1335 1128 1335 1126 1335 1101 1345 1031 1335 997 1335 996 1335 995 1335 993 1335 981 1344 895 1339 894 1339 855 1345 824 1335 822 1335 777 1335 775 1335 774 1335 753 1347 718 1347 654 1335 653 1335 652 1335 650 1335 637 1347 584 1347 481 1335 480 1335 478 1335 477 1335 465 1345 430 1335 428 1335 427 1335 426 1335 424 1335 411 1345 376 1339 375 1339 133 1345 133 1376"/></Shape>
	    <String CONTENT="ter par toute la France ſans eſtre recerchez en"
                    HPOS="133.0"
                    VPOS="1335.0"
                    WIDTH="1018.0"
                    HEIGHT="52.0"
                    WC="0.991352010280528"></String>
          </TextLine>
          <TextLine ID="line_23"
                    TAGREFS="LT8"
                    BASELINE="138 1437 1151 1430" 
                    HPOS="137.0"
                    VPOS="1387.0"
                    WIDTH="1014.0"
                    HEIGHT="63.0">
            <Shape><Polygon POINTS="138 1437 138 1450 1149 1445 1151 1430 1149 1400 1125 1387 1124 1387 1122 1387 1121 1387 1097 1400 1067 1400 1040 1387 1039 1387 1038 1387 1036 1387 1035 1387 1019 1399 1017 1400 945 1402 909 1402 904 1399 892 1388 891 1388 890 1388 826 1388 825 1388 824 1388 822 1388 809 1398 808 1399 804 1398 775 1388 774 1388 773 1388 771 1388 751 1398 742 1403 551 1403 527 1396 508 1391 506 1391 505 1391 504 1391 493 1395 476 1404 443 1404 415 1395 402 1391 400 1391 340 1391 338 1391 337 1391 325 1395 289 1406 239 1406 137 1394 138 1437"/></Shape>
	    <String CONTENT="leur conſciẽce, ni contraints d’aſſiſter aux ſeruî¬"
                    HPOS="137.0"
                    VPOS="1387.0"
                    WIDTH="1014.0"
                    HEIGHT="63.0"
                    WC="0.983685848847875"></String>
          </TextLine>
          <TextLine ID="line_24"
                    TAGREFS="LT8"
                    BASELINE="137 1493 1148 1493" 
                    HPOS="137.0"
                    VPOS="1453.0"
                    WIDTH="1011.0"
                    HEIGHT="63.0">
            <Shape><Polygon POINTS="137 1493 137 1507 165 1515 166 1515 168 1515 169 1515 185 1507 193 1503 263 1503 287 1507 317 1511 318 1511 320 1511 329 1507 336 1503 340 1505 349 1515 350 1515 352 1515 353 1516 377 1516 377 1515 379 1515 380 1515 391 1505 392 1504 504 1503 510 1505 533 1515 535 1515 536 1516 579 1516 579 1515 580 1515 582 1515 594 1505 607 1515 609 1515 610 1515 611 1515 613 1515 614 1515 627 1505 742 1515 743 1515 744 1515 774 1504 778 1503 855 1503 867 1503 1016 1515 1017 1515 1019 1515 1020 1515 1031 1505 1081 1504 1121 1515 1122 1515 1124 1515 1125 1515 1148 1501 1148 1493 1148 1464 972 1454 970 1454 969 1454 968 1454 958 1462 946 1453 945 1453 943 1453 942 1453 879 1462 826 1462 816 1453 814 1453 813 1453 812 1453 736 1462 714 1454 712 1454 711 1454 710 1454 708 1454 700 1462 574 1462 541 1453 540 1453 508 1453 506 1453 505 1453 504 1453 493 1462 481 1453 480 1453 478 1453 477 1453 384 1462 264 1453 263 1453 262 1453 260 1453 251 1461 215 1453 213 1453 212 1453 211 1453 199 1464 137 1464 137 1493"/></Shape>
	    <String CONTENT="ce de la Papautè Que ceux qui ſe voudroyent re¬"
                    HPOS="137.0"
                    VPOS="1453.0"
                    WIDTH="1011.0"
                    HEIGHT="63.0"
                    WC="0.9986760603884856"></String>
          </TextLine>
          <TextLine ID="line_25"
                    TAGREFS="LT8"
                    BASELINE="137 1552 1149 1550" 
                    HPOS="135.0"
                    VPOS="1509.0"
                    WIDTH="1014.0"
                    HEIGHT="59.0">
            <Shape><Polygon POINTS="137 1552 137 1560 640 1568 641 1568 744 1560 761 1567 762 1567 763 1567 871 1560 1134 1567 1136 1567 1137 1567 1138 1567 1149 1559 1149 1550 1147 1520 1075 1520 1044 1509 1043 1509 1042 1509 1040 1509 1039 1509 1027 1520 999 1520 978 1509 977 1509 976 1509 974 1509 945 1519 818 1511 817 1511 771 1520 625 1521 521 1521 502 1511 501 1511 462 1511 461 1511 459 1511 458 1511 449 1519 437 1511 435 1511 434 1511 432 1511 400 1517 368 1511 367 1511 365 1511 346 1520 297 1511 295 1511 294 1511 293 1511 283 1519 244 1511 243 1511 242 1511 221 1520 151 1511 150 1511 149 1511 147 1511 135 1519 137 1552"/></Shape>
	    <String CONTENT="tirer hors de la France pourroyent vendre leurs"
                    HPOS="135.0"
                    VPOS="1509.0"
                    WIDTH="1014.0"
                    HEIGHT="59.0"
                    WC="0.998532069490311"></String>
          </TextLine>
          <TextLine ID="line_26"
                    TAGREFS="LT8"
                    BASELINE="138 1611 1148 1609" 
                    HPOS="137.0"
                    VPOS="1568.0"
                    WIDTH="1011.0"
                    HEIGHT="64.0">
            <Shape><Polygon POINTS="138 1611 138 1624 146 1630 147 1630 149 1630 150 1630 151 1630 169 1621 170 1621 268 1630 270 1630 271 1630 272 1630 283 1621 373 1621 384 1621 385 1621 400 1630 402 1630 403 1630 404 1632 442 1632 442 1630 443 1630 465 1621 486 1630 488 1630 489 1630 490 1630 513 1621 515 1621 609 1626 610 1626 666 1621 677 1620 680 1621 696 1629 697 1629 699 1629 700 1629 726 1621 730 1620 736 1621 774 1626 775 1626 808 1621 813 1620 814 1621 828 1629 829 1629 831 1629 832 1629 1147 1620 1148 1609 1145 1581 1097 1579 1085 1568 1083 1568 1082 1568 1081 1568 1079 1568 1044 1579 1042 1581 900 1581 894 1578 876 1573 875 1573 874 1573 872 1573 871 1573 865 1578 863 1579 849 1577 828 1574 826 1574 754 1577 637 1581 584 1575 541 1570 540 1570 520 1574 508 1577 494 1574 473 1570 471 1570 470 1570 469 1570 465 1574 458 1579 446 1574 438 1570 437 1570 435 1570 415 1573 381 1579 368 1573 361 1570 360 1570 318 1570 317 1570 316 1570 307 1573 279 1581 137 1571 138 1611"/></Shape>
	    <String CONTENT="biens, où iouyr de leurs reuenus en terres qui ne"
                    HPOS="137.0"
                    VPOS="1568.0"
                    WIDTH="1011.0"
                    HEIGHT="64.0"
                    WC="0.989665721654892"></String>
          </TextLine>
          <TextLine ID="line_27"
                    TAGREFS="LT8"
                    BASELINE="138 1671 1148 1667" 
                    HPOS="137.0"
                    VPOS="1625.0"
                    WIDTH="1011.0"
                    HEIGHT="63.0">
            <Shape><Polygon POINTS="138 1671 138 1681 165 1688 166 1688 168 1688 182 1681 189 1677 621 1677 630 1679 654 1685 656 1685 657 1685 707 1679 711 1679 712 1679 728 1687 730 1687 731 1688 808 1688 808 1687 867 1677 875 1677 891 1677 1015 1685 1016 1685 1062 1677 1069 1676 1075 1677 1114 1685 1116 1685 1117 1685 1148 1676 1148 1667 1145 1637 1116 1636 1103 1625 1102 1625 1101 1625 1099 1625 1098 1625 1073 1637 980 1637 957 1625 956 1625 954 1625 953 1625 911 1636 879 1625 878 1625 876 1625 875 1625 849 1636 817 1625 816 1625 814 1625 813 1625 812 1625 792 1638 757 1638 743 1626 742 1626 740 1626 739 1626 666 1637 649 1626 648 1626 646 1626 572 1626 571 1626 570 1626 568 1626 554 1637 539 1626 537 1626 536 1626 535 1626 501 1633 476 1626 474 1626 473 1626 471 1626 470 1626 454 1638 424 1628 423 1628 422 1628 346 1640 188 1640 153 1628 151 1628 150 1628 149 1628 147 1628 147 1629 137 1637 138 1671"/></Shape>
	    <String CONTENT="ſont ennemies de la Frãce. Que les heritiers des"
                    HPOS="137.0"
                    VPOS="1625.0"
                    WIDTH="1011.0"
                    HEIGHT="63.0"
                    WC="0.9893164464405605"></String>
          </TextLine>
          <TextLine ID="line_28"
                    TAGREFS="LT8"
                    BASELINE="137 1724 1148 1727" 
                    HPOS="135.0"
                    VPOS="1687.0"
                    WIDTH="1013.0"
                    HEIGHT="51.0">
            <Shape><Polygon POINTS="137 1724 135 1735 1145 1738 1148 1727 1147 1698 1091 1698 1091 1696 1081 1688 1079 1688 1078 1688 1077 1688 960 1695 949 1688 948 1688 946 1688 945 1688 943 1688 926 1696 925 1696 907 1688 906 1688 904 1688 903 1688 902 1688 892 1696 891 1698 839 1698 835 1696 798 1688 797 1688 750 1696 744 1696 740 1696 704 1688 703 1688 650 1696 644 1696 642 1696 625 1687 623 1687 622 1687 547 1695 544 1696 398 1696 396 1695 369 1687 368 1687 367 1687 330 1695 328 1695 326 1695 309 1687 307 1687 306 1687 305 1687 282 1695 279 1695 137 1695 137 1724"/></Shape>
	    <String CONTENT="meurtris ſeroyent remis en leur bon nom &amp; hon"
                    HPOS="135.0"
                    VPOS="1687.0"
                    WIDTH="1013.0"
                    HEIGHT="51.0"
                    WC="0.9877766384018792"></String>
          </TextLine>
          <TextLine ID="line_29"
                    TAGREFS="LT8"
                    BASELINE="135 1784 1147 1786" 
                    HPOS="134.0"
                    VPOS="1743.0"
                    WIDTH="1013.0"
                    HEIGHT="61.0">
            <Shape><Polygon POINTS="135 1784 134 1793 293 1802 294 1802 610 1796 700 1804 701 1804 703 1804 732 1797 829 1797 844 1804 845 1804 847 1804 1145 1796 1147 1786 1147 1757 1105 1745 1103 1745 1082 1745 1081 1745 1079 1745 1078 1745 1065 1755 1019 1754 1008 1745 1007 1745 1005 1745 978 1745 977 1745 976 1745 974 1745 961 1755 953 1755 925 1755 913 1745 911 1745 910 1745 909 1745 816 1755 810 1755 806 1755 751 1745 750 1745 748 1745 747 1745 731 1755 730 1755 707 1745 705 1745 644 1745 642 1745 599 1754 582 1743 580 1743 579 1743 578 1743 576 1743 549 1754 549 1755 447 1755 446 1754 428 1743 427 1743 426 1743 360 1743 359 1743 357 1743 356 1743 344 1754 342 1754 135 1754 135 1784"/></Shape>
	    <String CONTENT="neur nonobſtant tous edicts &amp; arreſts. Que les"
                    HPOS="134.0"
                    VPOS="1743.0"
                    WIDTH="1013.0"
                    HEIGHT="61.0"
                    WC="0.9955370296602664"></String>
          </TextLine>
          <TextLine ID="line_30"
                    TAGREFS="LT8"
                    BASELINE="135 1845 1147 1843" 
                    HPOS="134.0"
                    VPOS="1801.0"
                    WIDTH="1013.0"
                    HEIGHT="63.0">
            <Shape><Polygon POINTS="135 1845 135 1856 146 1864 147 1864 149 1864 150 1864 223 1855 224 1855 244 1863 246 1863 247 1863 248 1863 250 1863 263 1855 264 1855 377 1855 379 1855 574 1864 575 1864 576 1864 611 1856 742 1863 743 1863 806 1853 810 1853 822 1853 1070 1863 1071 1863 1145 1852 1147 1843 1145 1815 1114 1801 1113 1801 1089 1801 1087 1801 1086 1801 1085 1801 1070 1815 1023 1815 999 1801 997 1801 996 1801 995 1801 993 1801 978 1815 909 1815 892 1801 891 1801 890 1801 847 1801 845 1801 844 1801 820 1813 793 1808 792 1808 636 1816 617 1816 603 1804 602 1804 601 1804 599 1804 531 1815 504 1802 502 1802 501 1802 500 1802 467 1812 435 1802 434 1802 432 1802 395 1809 361 1802 360 1802 359 1802 357 1802 341 1816 324 1816 283 1802 282 1802 281 1802 279 1802 278 1802 262 1816 243 1816 168 1802 166 1802 165 1802 134 1815 135 1845"/></Shape>
	    <String CONTENT="eſtats des defuncts qui auroyent eſtè vendus, ſe¬"
                    HPOS="134.0"
                    VPOS="1801.0"
                    WIDTH="1013.0"
                    HEIGHT="63.0"
                    WC="0.9804335582256317"></String>
          </TextLine>
          <TextLine ID="line_31"
                    TAGREFS="LT8"
                    BASELINE="135 1905 1149 1905" 
                    HPOS="135.0"
                    VPOS="1863.0"
                    WIDTH="1014.0"
                    HEIGHT="56.0">
            <Shape><Polygon POINTS="135 1905 135 1914 1148 1919 1149 1905 1149 1875 1050 1874 1038 1863 1036 1863 1035 1863 1034 1863 980 1872 943 1863 942 1863 941 1863 939 1863 918 1875 871 1875 853 1863 852 1863 851 1863 802 1863 801 1863 800 1863 798 1863 785 1875 680 1875 645 1863 644 1863 642 1863 641 1863 640 1863 625 1875 555 1875 494 1863 493 1863 442 1874 384 1863 383 1863 381 1863 346 1874 221 1874 200 1866 199 1866 197 1866 135 1874 135 1905"/></Shape>
	    <String CONTENT="royent tembourſez en deniers à leurs herltiers."
                    HPOS="135.0"
                    VPOS="1863.0"
                    WIDTH="1014.0"
                    HEIGHT="56.0"
                    WC="0.9923078951736292"></String>
          </TextLine>
        </TextBlock>
        <TextBlock HPOS="323.0"
                   VPOS="91.0"
                   WIDTH="615.0"
                   HEIGHT="58.0"
                   ID="block_1"
                   TAGREFS="BT18">
          <Shape><Polygon POINTS="938 91 938 149 323 149 323 91"/></Shape>
          <TextLine ID="line_0"
                    TAGREFS="LT10"
                    BASELINE="330 139 943 133" 
                    HPOS="326.0"
                    VPOS="86.0"
                    WIDTH="615.0"
                    HEIGHT="63.0">
            <Shape><Polygon POINTS="931 92 911 92 891 92 871 92 851 92 831 92 810 92 790 92 770 92 750 92 730 92 710 92 689 92 669 92 649 92 629 92 609 92 588 92 568 92 548 92 528 92 508 92 488 92 467 92 447 92 427 92 407 92 387 92 367 92 346 92 326 92 328 137 328 149 939 139 941 131 937 88 931 86 931 92"/></Shape>
	    <String CONTENT="DTRLOGVSIE."
                    HPOS="326.0"
                    VPOS="86.0"
                    WIDTH="615.0"
                    HEIGHT="63.0"
                    WC="0.992657255042683"></String>
          </TextLine>
        </TextBlock>
        <TextBlock HPOS="1094.0"
                   VPOS="99.0"
                   WIDTH="68.0"
                   HEIGHT="59.0"
                   ID="block_3"
                   TAGREFS="BT15">
          <Shape><Polygon POINTS="1162 99 1162 158 1094 158 1094 99"/></Shape>
          <TextLine ID="line_1"
                    TAGREFS="LT8"
                    BASELINE="1090 135 1147 141" 
                    HPOS="1089.0"
                    VPOS="122.0"
                    WIDTH="58.0"
                    HEIGHT="39.0">
            <Shape><Polygon POINTS="1117 122 1103 122 1090 122 1090 135 1089 146 1103 147 1106 150 1113 159 1114 159 1114 161 1116 161 1117 161 1118 161 1144 157 1147 141 1145 125 1122 122 1117 122"/></Shape>
	    <String CONTENT="11."
                    HPOS="1089.0"
                    VPOS="122.0"
                    WIDTH="58.0"
                    HEIGHT="39.0"
                    WC="0.9545676509539286"></String>
          </TextLine>
        </TextBlock>
        <TextBlock HPOS="131.0"
                   VPOS="1924.0"
                   WIDTH="1016.0"
                   HEIGHT="111.0"
                   ID="eSc_textblock_8fdc3ce3"
                   TAGREFS="BT100005">
          <Shape><Polygon POINTS="1147 2035 1147 1924 131 1924 131 2035"/></Shape>
          <TextLine ID="line_32"
                    TAGREFS="LT8"
                    BASELINE="203 1962 1147 1962" 
                    HPOS="203.0"
                    VPOS="1921.0"
                    WIDTH="944.0"
                    HEIGHT="66.0">
            <Shape><Polygon POINTS="203 1962 203 1973 233 1985 235 1985 236 1987 287 1987 287 1985 289 1985 290 1985 290 1984 301 1974 325 1985 326 1985 328 1985 329 1985 364 1974 519 1974 547 1985 548 1985 549 1985 551 1985 575 1974 711 1974 732 1985 734 1985 735 1987 812 1987 812 1985 813 1985 849 1974 861 1984 861 1985 863 1985 864 1985 865 1985 867 1985 884 1977 918 1985 919 1985 921 1985 922 1985 953 1974 1019 1974 1043 1985 1044 1985 1046 1985 1091 1976 1112 1984 1113 1984 1114 1984 1116 1984 1147 1973 1147 1962 1147 1931 1121 1925 1120 1925 1118 1925 1117 1925 1116 1925 1103 1933 1012 1933 852 1933 852 1931 825 1921 824 1921 822 1921 821 1921 798 1929 759 1921 758 1921 757 1921 755 1921 740 1931 739 1933 692 1933 691 1931 675 1921 673 1921 672 1921 671 1921 669 1921 632 1931 630 1933 540 1933 539 1931 524 1921 523 1921 521 1921 520 1921 420 1930 410 1922 410 1921 408 1921 407 1921 379 1921 377 1921 376 1921 348 1931 345 1931 342 1931 309 1921 307 1921 306 1921 305 1921 277 1931 274 1931 268 1931 213 1921 212 1921 211 1921 209 1921 203 1926 203 1962"/></Shape>
	    <String CONTENT="Que lęs foruſcis pour la religion pourroyent"
                    HPOS="203.0"
                    VPOS="1921.0"
                    WIDTH="944.0"
                    HEIGHT="66.0"
                    WC="0.9939919590950013"></String>
          </TextLine>
          <TextLine ID="line_33"
                    TAGREFS="LT8"
                    BASELINE="135 2024 1144 2022" 
                    HPOS="134.0"
                    VPOS="1979.0"
                    WIDTH="1010.0"
                    HEIGHT="63.0">
            <Shape><Polygon POINTS="135 2024 135 2036 143 2042 145 2042 146 2042 147 2042 196 2035 242 2042 243 2042 302 2035 482 2042 484 2042 485 2042 510 2035 554 2042 555 2042 638 2034 649 2040 650 2040 652 2040 653 2040 688 2034 734 2040 735 2040 969 2034 1132 2039 1133 2039 1134 2039 1136 2039 1144 2032 1144 2022 1141 1989 1094 1988 1082 1979 1081 1979 1079 1979 1038 1979 1036 1979 1035 1979 1034 1979 1023 1988 1005 1979 1004 1979 1003 1979 1001 1979 970 1988 939 1979 938 1979 937 1979 935 1979 934 1979 922 1989 775 1989 753 1981 751 1981 750 1981 748 1981 727 1988 716 1979 715 1979 714 1979 712 1979 680 1985 658 1979 657 1979 656 1979 654 1979 653 1979 634 1991 576 1991 558 1980 556 1980 506 1980 505 1980 504 1980 480 1989 393 1980 392 1980 391 1980 389 1980 377 1991 344 1991 325 1983 324 1983 322 1983 321 1983 320 1983 310 1989 155 1980 154 1980 153 1980 134 1989 135 2024"/></Shape>
	    <String CONTENT="r&#x27;entier en leurs biens &amp; honneurs, &amp; habiter"
                    HPOS="134.0"
                    VPOS="1979.0"
                    WIDTH="1010.0"
                    HEIGHT="63.0"
                    WC="0.9879470308621724"></String>
          </TextLine>
        </TextBlock>
        <TextBlock HPOS="873.0"
                   VPOS="2043.0"
                   WIDTH="98.0"
                   HEIGHT="64.0"
                   ID="block_0"
                   TAGREFS="BT17">
          <Shape><Polygon POINTS="971 2043 971 2107 873 2107 873 2043"/></Shape>
          <TextLine ID="line_34"
                    TAGREFS="LT8"
                    BASELINE="878 2083 960 2086" 
                    HPOS="875.0"
                    VPOS="2044.0"
                    WIDTH="83.0"
                    HEIGHT="63.0">
            <Shape><Polygon POINTS="939 2044 919 2050 901 2044 897 2044 877 2044 877 2081 875 2097 915 2093 952 2107 958 2085 954 2044 939 2044"/></Shape>
	    <String CONTENT="k ."
                    HPOS="875.0"
                    VPOS="2044.0"
                    WIDTH="83.0"
                    HEIGHT="63.0"
                    WC="0.7747943103313446"></String>
          </TextLine>
        </TextBlock>
        <TextBlock HPOS="528.0"
                   VPOS="2289.0"
                   WIDTH="314.0"
                   HEIGHT="94.0"
                   ID="eSc_textblock_e435ba77"
                   TAGREFS="BT9">
          <Shape><Polygon POINTS="528 2289 528 2383 842 2383 842 2289"/></Shape>
        </TextBlock>
      </PrintSpace>
    </Page>
  </Layout>
</alto>
