1426 2435
131.0 147.0 1032.0 59.0 les forces des tyrans, qui ne pardonnent iamais

128.0 206.0 1030.0 60.0 aux loix, aux confederations & ligues: ains plan¬

125.0 263.0 1030.0 57.0 tent touſiours leurs limites là où le bout de leurs

128.0 320.0 1032.0 66.0 eſpees s’eſtend, les cuſt engardez de deſpeupler

127.0 381.0 1035.0 55.0 leurs tetres, & de deſgarnir leurs maiſons de leurs

131.0 439.0 1029.0 64.0 gẽs. Cela, dis-ie, euſt eſté ſuffiſant, pour faire que

128.0 497.0 1035.0 57.0 le Conſeil euſt arreſté tout court les plus ambi¬

128.0 558.0 1031.0 62.0 ti eux & auares, & les euſt engardé d’emmener

127.0 618.0 1033.0 61.0 leurs combourgeois à la boucherie. Cependant

125.0 673.0 1034.0 57.0 cela eſt fait: il n’y a plus d’ordre, & ie m’aſſeure

128.0 737.0 1031.0 62.0 qu’ils ne feront pas grand mal aux noſtres pour ce

135.0 802.0 199.0 58.0 coup cy.

330 85 580 50 DIHEOGVE TI.

124.0 849.0 1031.0 66.0 Le pol.Ie t’en reſpons & te le iure:ils n’ont eu gar

124.0 909.0 1034.0 65.0 de d’approcher plus pres que de l’artillerie les

127.0 968.0 1031.0 64.0 murailles de la Rochelle, que ſi aucuns ont paſſé

127.0 1029.0 1031.0 58.0 outre, ils ont eſté tresbien frottez. Mais voila le

128.0 1086.0 1023.0 59.0 mal qu’ils ont fait: ils ſe ſont faits battre & tuer,

129.0 1160.0 1029.0 46.0 eux qui aiment leur liberté, pour nous vouloir ra

129.0 1205.0 1029.0 53.0 uir la noſtre: & ont touſiours en ce faiſant veſcu

129.0 1264.0 1029.0 61.0 deſſus Iaques bon homme. Puis rapporteront au

129.0 1321.0 1026.0 61.0 retour l’argent & ſueur du bon homme, apres

131.0 1379.0 1024.0 68.0 qu’ils l’auront bien pillé. S’ils apprenoyent vne

129.0 1438.0 1026.0 64.0 fois à cognoiſtre la grande diſference qui eſt d’en

131.0 1500.0 1027.0 61.0 tre vn tyran & la Couronne, qu’ils appellent, voi¬

131.0 1555.0 1024.0 65.0 re d’vn Roy à ſon Royaume: ie m’aſſeure qu’ils

132.0 1615.0 1023.0 69.0 n’auroyẽt garde d’outrager, d’oſſẽſer & perdre vn

133.0 1674.0 1019.0 67.0 ſi grand & ſi puiſſant corps, comme eſt celuy de

135.0 1734.0 1017.0 67.0 Frãce, à l’appetit d’vn ſeul tyran, & pour les paſ¬

133.0 1796.0 414.0 50.0 ſions d’vne femme.

1115.0 87.0 38.0 63.0 95

131.0 1851.0 1023.0 65.0 L'hi. Certainement ie le croy. Mais, comme i’ay

133.0 1911.0 1022.0 61.0 dit, c’en eſt fait pour ce coup cy:vne autre fois ils

146.0 1969.0 1013.0 70.0 pourront eſtre poſsible quelque peu plus fages.
