1429 2440
146.0 183.0 1036.0 40.0 de la

142.0 218.0 1036.0 68.0 royne d’Angleterre: Il n’y a homme de bon iuge¬

141.0 281.0 1041.0 60.0 ment, qui ne die que ce ſeroit des pretendues cou

139.0 334.0 1040.0 67.0 leurs & recerches, pour ſe deffaire d’vne Princeſ¬

143.0 397.0 1040.0 63.0 ſe à qui l’on veut mal. Car puis qu’elle a eſté auãt

141.0 452.0 1042.0 67.0 ſa priſon en poſſeſsion, de ſe dire Monarque en

141.0 515.0 1039.0 62.0 ſon Royaume, elle ne peut eſtre par la contrainte

141.0 573.0 1039.0 62.0 tenue, qu’en la meſme conditiõ qu'elle eſtoit lors

141.0 633.0 991.0 61.0 de la premiere heure de ſon empriſonnement.

143.0 691.0 1036.0 62.0 Ce ſont les loix du grãd Empire Romain, en tou¬

141.0 753.0 1038.0 63.0 tes les grandes guerres qu’ils ont eues par toute

139.0 806.0 1041.0 58.0 la terre: C'eſt la raiſon naturelle qui le perſuade

141.0 866.0 1039.0 62.0 aſſez à vn chacun. Et de pretendre auſsi qu’elle

142.0 923.0 1037.0 67.0 n’eſt plus Royne, qu’elle a eſté priuee du Royau¬

142.0 984.0 1038.0 57.0 me par ſa deſmiſsion, & par la deliberat ion des

141.0 1042.0 1041.0 62.0 eſtats d Eſcoſſe: Ce ſont des traits que la Royne

141.0 1106.0 1037.0 61.0 d'Angleterre, ny autre Prince ne peut approuuer,

142.0 1161.0 1040.0 56.0 ſans faire tort à l'authorité que tous les Princes

142.0 1221.0 1038.0 64.0 ſouuerains vſurpent & pretendent auoir, de iuger

142.0 1278.0 1040.0 62.0 & donner la loy à leurs ſuiets, non point eſtre iu¬

143.0 1337.0 1039.0 56.0 gez ny receuoir la loy d’eux, ou eſtre cõtables de

143.0 1397.0 1037.0 61.0 leurs actions qu'au ſeul Dieu quoy qu’ils facent.

150.0 1455.0 1032.0 63.0 Tu ſcay bien que le noſtre s’en eſt ſouuent fait à

142.0 1512.0 1038.0 57.0 croire. Et en telles occaſions, il ſemble que les

145.0 1572.0 1037.0 56.0 Rois ſont tous vnis à reprimer & cõbatre le faict

143.0 1633.0 1035.0 60.0 des ſuiets: Tant s’en faut que la royne d’Angleter

143.0 1691.0 1037.0 64.0 te s’en puiſſe ſeruir pour s’approprier authorité

145.0 1747.0 1033.0 64.0 ſur le royaume d’Eſcoſſe. Il reſte donc à la royne

145.0 1805.0 1030.0 64.0 Marie Stuard, ceſte qualité de Royne ſouuerai¬

146.0 1867.0 1032.0 63.0 ne, non inferieure de la royne d’Angleterre, la¬

146.0 1928.0 1029.0 64.0 quelle par conſequent ne peut iuſtement cognoi¬

146.0 1985.0 1030.0 67.0 ſtre ny iuger ſur elle: d’autant que le fondement

340.0 100.0 607.0 49.0 DIREOOVE II..

1131.0 101.0 45.0 47.0 aſ

894.0 2037.0 118.0 64.0 b.iii.
