1418 2441
141.0 157.0 1023.0 77.0 aſſopie cõe de choſe nõ auenue, deffendãt à tous

139.0 248.0 1026.0 51.0 ſes ſuiets de quelque qualite qu’ils loyent qu'ns

139.0 283.0 1027.0 76.0 n'ayẽt à en parler ny en renouueller la memoire.

341.0 93.0 578.0 73.0 DIALOGVEII.

139.0 337.0 1030.0 79.0 L'hi. Mon Dieu le vilain edit : ie te prie ne m’en

139.0 391.0 1030.0 86.0 recite pas d’auãtage: eſt-il poſsible qu’ily ait tãt

142.0 458.0 1027.0 76.0 d’impudẽce en tout le reſte des meſchãs qu’en ce

145.0 512.0 1026.0 86.0 perfide tyrã? qui apres auoir tout rauagé & enſan

143.0 573.0 1028.0 80.0 glãté toute la Frãce aux quatre coins & au milieu,

143.0 633.0 1028.0 78.0 veut faire à croire maintenãt, qu’il a eu touſiours

142.0 690.0 1029.0 78.0 intentiõ de cõduire le tout doucement & par la

142.0 745.0 1029.0 84.0 voye amiable? Ha malheureux! Et eſt-il poſsible

142.0 806.0 1031.0 79.0 encores qu’il oſe maintenant deffendre de iamais

142.0 867.0 1033.0 80.0 ne parler de ſi horribles cruautez? ou penſe-il par

142.0 923.0 1029.0 81.0 ſon edit pouuoir effacer la memoire de ſes trahi¬

143.0 985.0 1033.0 79.0 ſons cõme de choſe non auenue? que n’entreprẽd

142.0 1045.0 1034.0 83.0 il quand & quãd de deffendre ſur groſſes peines

143.0 1105.0 1034.0 78.0 au ſang innocent reſpandu de ne demander point

146.0 1160.0 1034.0 80.0 vengeance deuant le tribunal de Dieu? ha ſchel¬

143.0 1221.0 1037.0 80.0 me! Et les pierres n'en parlerõt elles pas, quand

143.0 1280.0 1037.0 76.0 les hõmes ſeroyent ſi laſches que de t’obeir en ce

145.0 1345.0 1034.0 74.0 la? O le grãd coup que ce tyran a ſait pour nous

147.0 1396.0 1036.0 82.0 en ceſt endroit, c’eſt vn bel article de paix. C’eſt

147.0 1457.0 1034.0 78.0 autãt cõme s’il diſoit:il eſt vray poures beſtes que

147.0 1517.0 1037.0 80.0 le 24.d’Aouſt, & depuis en çà i’ay tué & fait tuer,

147.0 1574.0 1033.0 75.0 & maſſacrer traiſtreuſemẽt, ſans diffetẽce d’aage

147.0 1636.0 1036.0 79.0 de ſexe ny de qualité tous ceux que i’ay peu d’en¬

150.0 1699.0 1030.0 72.0 tre vous? Et ne tiẽt pas à moy, que ie ne face mou

147.0 1752.0 1036.0 78.0 rir tout ce qui eſt demouré de reſte. Car telle eſt

150.0 1817.0 1035.0 72.0 mon intentiõ: mais ie veux & eutens qu’on croye

150.0 1872.0 1035.0 74.0 qu’il en va bien tout autremẽt, & qu’il n’en eſt riẽ

150.0 1931.0 1035.0 77.0 auenu, quoy que leciel & la terré le ſache: habe¬

153.0 1989.0 1038.0 79.0 ſte furieuſe & enragee ſi iamais ileu fut-au mõdel

1086.0 131.0 72.0 26.0 303
