1408 2421
122.0 146.0 1027.0 57.0 nous doit eſtre inuiolable: tels edits doyuent e¬

122.0 207.0 462.0 67.0 ſtre appellez iniques.

180.0 269.0 974.0 57.0 Ce fondement poſé, que nous deuons au ſeul

122.0 352.0 1032.0 28.0 Duev Su M Cems Ci

119.0 383.0 1033.0 66.0 ſuit, qu’il ne faut pour rien obeir aux edicts pro¬

125.0 446.0 1025.0 62.0 phanes, ou iniques de quelconque magiſtrat ou

121.0 504.0 1031.0 63.0 prince que ce ſoit: & par conſequent, que les ſu¬

118.0 562.0 1030.0 56.0 iets ne peuuent obeir en bonne cõſcience au Roy

117.0 621.0 1027.0 60.0 commandant choſes prophanes ou iniques. Il n’y

119.0 680.0 734.0 59.0 a pas faute d’exemples en ce point.

304.0 83.0 601.0 50.0 DIALOGVE II.

172.0 737.0 981.0 60.0 L'edict de Pharao, par lequel il commandoit

114.0 794.0 1036.0 56.0 l'homicide cruel & ſauuage des petits enfans des

117.0 855.0 1031.0 59.0 Hebrieux, eſtoit inique tout outre. Les ſages fem

114.0 913.0 1035.0 60.0 mes ny obeiſſent point: elles en ſont louees par

114.0 999.0 1034.0 31.0 Teiulle de Dleueni Eicheules Dien ircompen¬

113.0 1027.0 1041.0 65.0 ſe la pieté de ces bonnes femmes, qui ont ainſi deſ

114.0 1089.0 1036.0 55.0 obey au tyran, leur ediſie des maiſons, beniſt &

113.0 1147.0 494.0 55.0 accroiſt leurs familles.

1094.0 78.0 45.0 71.0 77

176.0 1202.0 974.0 58.0 L'edict de Nabuchadnezar commandant d’a¬

113.0 1265.0 1036.0 62.0 dorer la ſtatue, eſtoit prophane & contre la pre¬

113.0 1326.0 1035.0 58.0 miere table de la loy. Les compagnons de Da¬

110.0 1384.0 1039.0 60.0 niel ny obeiſſent point: pourtant ſont louez du

111.0 1441.0 1037.0 57.0 Seigneur, & conſeruez de ſa main forte au milieu

109.0 1501.0 445.0 57.0 des flammes du feu.

165.0 1556.0 983.0 63.0 Les edicts de Iezabel ont eſté prophanes & i¬

109.0 1622.0 1040.0 57.0 niques tout enſemble, en ce qu’elle commandoit

110.0 1675.0 1038.0 62.0 de meurtrir les Prophetes de Dieu, & les gens de

110.0 1733.0 1035.0 65.0 bien. Voila pourquoy Abdias au lieu d’y obeir

110.0 1794.0 1036.0 55.0 nourriſſoit de tout ſon pouuoir les ſeruiteurs du

114.0 1854.0 221.0 63.0 Seigneur.

170.0 1911.0 976.0 60.0 Les Iuifs entant qu’en eux eſtoit empeſchoyẽt

113.0 1967.0 1032.0 59.0 Ieſus Chriſt d’annoncer la volonté de Dieu ſon
