1438 2438
237.0 62.0 81.0 62.0 132

290.0 124.0 982.0 65.0 Croyant bien que ceſt homme là ne pourfoit

237.0 193.0 1037.0 54.0 que beaucoup ſeruir pour faire ſagement reſou¬

234.0 245.0 1040.0 62.0 dre du chemin le plus expedient, les citoyens de

237.0 300.0 1034.0 65.0 la Rochelle. En ſomme les vns en parloyent d’v

238.0 364.0 1036.0 61.0 ne ſorte, les autres d’vne autre. Quant à moy en

237.0 419.0 1037.0 67.0 telle diuiſion & partialité d’opinions, ayant ſceu

235.0 480.0 1034.0 63.0 que le ſeigneur de la Noue, pour tout cela ne s’e¬

234.0 537.0 1040.0 58.0 ſtoit point ſouillé en Idolatrie, recueillant de là

235.0 597.0 1034.0 68.0 vn teſinoignage de ſa bonne conſcience, ie ſuſpẽ¬

233.0 658.0 1035.0 63.0 di, comme ie tiens encores ſuſpendu, mon iuge¬

230.0 716.0 1035.0 58.0 ment de ſon affaire: ne voulant rien temeraire¬

231.0 776.0 1043.0 65.0 ment prononcer d’vn gentilhomme ſi bien qua¬

230.0 831.0 1041.0 72.0 lifié que ceſtuy-là, que i’ay aimé & honoré, com¬

233.0 892.0 1038.0 60.0 me ie deſire de faire tout le reſte de ma vie. Tant

234.0 954.0 1037.0 63.0 y a que nous ſceuſmes, comme ie t’ay dit, ſon arri

231.0 1010.0 1044.0 65.0 uee dans la Rochelle, ce qu’il propoſa aux Ro¬

230.0 1070.0 1044.0 67.0 chellois, le peu qu’il y exploita pour le tyran, cõ¬

233.0 1129.0 875.0 57.0 me il s’en retourna à baſt vuide à la cour.

500.0 54.0 549.0 59.0 DIALOGVEIE

291.0 1187.0 984.0 63.0 Nous ſceuſmes qu’il fut enuoyé pour la ſecon¬

231.0 1246.0 1040.0 63.0 de fois auec le meſme Abbé & vne charge vn

233.0 1304.0 1041.0 70.0 peu plus ample à la Rochelle: & qu’à ceſte ſeeõ¬

229.0 1365.0 1043.0 66.0 de ſois y eſtant rentré, n’ayant rien peu negotier

229.0 1423.0 1043.0 66.0 de ſa charge au plaiſir du tyran il eſtoit demouré

233.0 1484.0 1038.0 69.0 pour gage dans la Rochelle, ayant renuoyé ſon

231.0 1542.0 1040.0 57.0 Abbé pour annoncer les nouuelles à ſen maiſtre

230.0 1610.0 999.0 47.0 de la grande obſtination des bons Rochellois.

319.0 1660.0 953.0 64.0 Or ſi l’arreſt & ſeiour que le ſeigneur de la

234.0 1718.0 1034.0 59.0 Noue ſit dans la Rochelle ſeruit ou non aux bon

230.0 1781.0 1033.0 65.0 nes gens, ie ne t’en puis dire autre choſe pour n’y

231.0 1840.0 1040.0 61.0 auoir point eſté durant ce temps-là. Tant y a que

230.0 1897.0 1041.0 62.0 i'ay depuis ouy dire aux Rochellois meſmes, &

230.0 1955.0 1037.0 68.0 au ſeigneur de l’Anguillier, qui eſtoit de ſa tenue:

1156.0 2023.0 104.0 65.0 que
