1455 2451
282.0 74.0 84.0 59.0 62

279.0 140.0 1027.0 66.0 tres gentils-hommes, & ſoldats Anglois, & Fran¬

282.0 209.0 1024.0 56.0 çois, dreſſa vne petite armee, d’enuiron cinquãte

284.0 262.0 1023.0 63.0 Nauires petits, & grans: entre leſquels, la Royne

279.0 322.0 1030.0 53.0 fournit vn ſien nauire, nommé la Prime-roſe, du

280.0 379.0 1031.0 60.0 port de quatre cens tonneaux? & euſt baillé auſsi

277.0 437.0 1030.0 62.0 le nauite Biſcain de meſter Hacquin, n’euſt eſté

279.0 499.0 1028.0 60.0 que meſter Olſtat, Vice-amira l Anglois,auoit en

276.0 555.0 1029.0 61.0 uiron ce temps-là, deſualizé ſur le nauire Biſcain,

280.0 618.0 1030.0 61.0 plus de vingt nauires François, & Vvallons, qui

277.0 674.0 1032.0 62.0 eſtoyẽt és haures, & en la coſte d’Angleterre, ar¬

279.0 736.0 1030.0 63.0 mez, & preſts à accõpagner le cõte deMõgomeri.

545.0 77.0 580.0 61.0 DIALOGVE II.

277.0 793.0 1033.0 64.0 Le pol. Et cõment, bon Dieu! Vn ſeul nauire, pou

279.0 852.0 913.0 60.0 uoit-il bien deſualiſer vingt nauires armez?

277.0 909.0 1037.0 56.0 L'hiſt. Fort aiſément, ainſi comme il les trouuoit

277.0 969.0 1036.0 60.0 dans les haures, où ils ne ſe doutoyent de rien, cõ

277.0 1030.0 1037.0 60.0 me n’eſtans en rien coulpables, oyans que c’eſtoit

282.0 1087.0 1031.0 63.0 par le commandement de l’Amiral d’Angleterre

273.0 1146.0 1041.0 65.0 de myllord de Clynton, les poures gens n’oſoyent

280.0 1205.0 313.0 62.0 point reſiſter.

276.0 1260.0 1037.0 66.0 Le p. Voire, mais, quelle occaſiõ auoit le myllord

276.0 1320.0 1035.0 64.0 de Clynton, de cõmander que l’on fiſt vn tel vol?

272.0 1382.0 1041.0 61.0 L'hi. Il n’ẽ auoit du tout point: mais voicy ſon pre

277.0 1439.0 1037.0 62.0 texte. La Royne d’Angleterre, ne ſe contentant

282.0 1496.0 1032.0 67.0 point d’eſtre liguee auec le plus meſchãt Tyrã de

277.0 1557.0 1036.0 55.0 la terte, voulut auſsi eſtre ſa cõmere, & pre ſenter

277.0 1614.0 1040.0 63.0 au Bapteſme la fille de ce deſloyal:pource faire, el

276.0 1672.0 1038.0 65.0 le luy enuoya en ambaſſade le myllord de Vven¬

275.0 1733.0 1041.0 63.0 ceſter, pour faire l’office de la part de la Royne.

276.0 1791.0 1042.0 64.0 Le pol.Ie m’esbahys, cõment ceſt que le myllord

276.0 1851.0 1035.0 63.0 de Vvenceſter, ne ſupplia la Royne de l’excuſer,

277.0 1911.0 1036.0 62.0 veu qu’il ne pouuoit honeſtemẽt & en bonne cõ¬

275.0 1971.0 1034.0 67.0 ſcience, ie ne dis pas preſenter l’engeãce du Tyrã,

1208.0 2043.0 102.0 41.0 ains
