1429 2442
116.0 154.0 1033.0 64.0 comme ils Ie ſont, ou doiuent, eſtre en vn eſprit,

111 209 1045 67 les vns, auec les autres, & tous enſemble, a uec

115.0 274.0 1041.0 61.0 nous. Ie leur diſcouru de beaucoup de perites

115.0 329.0 1041.0 67.0 choſes, que la concorde a ſaict croiſtre, & ſurgir:

115.0 390.0 1042.0 64.0 & de beaucoup d’autres bien grandes, que la di ſ¬

115.0 447.0 1045.0 67.0 corde a fait cheoir, & perir. Ie leur dis auſsi là

115.0 507.0 1045.0 62.0 deſſus, l’hiſtoire de ce bon vieux Prince, qui ayanp

116.0 565.0 1037.0 59.0 vingt & deux enfans,luy vieux, caſſé eſtant au lict

115.0 625.0 1045.0 64.0 malade, les ayant ſait venit, à ſoy, leur commanda

116.0 687.0 1042.0 61.0 de rõpre en ſa preſence, vn fagot de cheneuotes,

118.0 746.0 1045.0 62.0 qu’il auoit fait lier tour expres: mais, comme dul

119.0 800.0 1041.0 69.0 plus grand, iuſques au plus petit, ils s’y fuſſent eſ¬

116.0 861.0 1038.0 66.0 ſayez en vain, luy ſeul, ayant deſlié le fagot, rom¬

119.0 919.0 1041.0 65.0 pit, & fort aiſément, toutes les cheneuotes, vne à

119.0 980.0 1039.0 61.0 vne: leur remonſtrant par là, fort dertrement, cõ¬

119.0 1039.0 1042.0 62.0 bien l'vnion eſtoit puiſſante, au prix d’vne folle

115.0 1094.0 1048.0 67.0 diſcorde. Ie leur dy, que ceſte vnion, & eſtroicte.

120.0 1155.0 1038.0 68.0 amitié, & intelligence qui deuſt eſtre entre les

118.0 1214.0 1040.0 57.0 Chreſtiens, c’eſt à dire, ce conſentement des cho

113.0 1275.0 1048.0 57.0 ſes humaines, & diuines, conioinct auec vne bene.

116.0 1333.0 1048.0 63.0 uolence, & charitè, eſtoit le ſeul lien pour conſer,

116.0 1389.0 1044.0 68.0 uer & eux, & nous, & toute l’Egliſe de Chriſt eſ¬

123.0 1457.0 373.0 57.0 pandue par tout.

323.0 81.0 584.0 63.0 DIALOGVE II

1111.0 111.0 11.0 55.0 5

172.0 1507.0 977.0 69.0 Que les choſes qui aſſemblent les gens en vn,

113.0 1569.0 1050.0 61.0 ſont facilement trouueos enere nous, qui deſi¬

113.0 1623.0 1048.0 64.0 rons meſmes choſes, haiſſous meſmes choſes, &

115.0 1690.0 1049.0 58.0 craignous meſmes choſes: que c’eſt ce qui con-i

111.0 1746.0 1052.0 62.0 tracte les amitiez parmi les bons, commè auſsi¬

113.0 1801.0 1054.0 68.0 c’eſt la cauſe des factions & ligues parmy les meſ¬

120.0 1864.0 175.0 58.0 chans.

157.0 1921.0 1010.0 63.0 Pour tout cela pas maille (comme lon dit) &¬

116.0 1982.0 1053.0 70.0 t’aſſeure, que, me ſouuenant de la prophetie de;

857.0 2051.0 128.0 50.0 d.iiii.
