1429 2426
261.0 84.0 57.0 58.0 40

249.0 150.0 1023.0 64.0 ſe cognoiſſent que par coniecture.) On verra plus

249.0 210.0 1023.0 59.0 de punitions, ſur les Rois qui ont voulu eſtre cle¬

248.0 269.0 1025.0 59.0 mens aux deſpens de l’honneur de Dieu, que ſur

249.0 330.0 1029.0 62.0 ceux qui ont eſté trop cruels. Saul eſt puny pour

246.0 382.0 1027.0 57.0 clemence: Salomon eſt loué de la ſeuerité: Ioſué,

246.0 444.0 1027.0 58.0 ayant ſans aucune humanité tué trente vn Roy,

248.0 501.0 1027.0 62.0 eſt loué: Saul, & Achab, pour en auoir laiſſé eſ¬

249.0 564.0 1029.0 58.0 chapper vn, ſont condamnez à mort: c’eſt vne ver

252.0 624.0 1024.0 56.0 tu fort recommandable aux Princes que clemen¬

252.0 677.0 1023.0 65.0 ce, mais le zele de la Religion, eſt plus comman¬

253.0 737.0 430.0 60.0 dé que la clemence.

500.0 80.0 555.0 54.0 DIALOGVE II.

306.0 792.0 976.0 66.0 De vouloir perſuader qu’il n’eſt point vtile, de

253.0 854.0 1027.0 62.0 prendre punition de ceſte conſpiration ſur la roy

248.0 912.0 1034.0 61.0 ne d’Eſcoſſe, & vouloir faire peur à la royne d’An

248.0 971.0 1034.0 64.0 gleterre des Rois voyſins, elle a deſia eſſayé, que

248.0 1052.0 1032.0 38.0 les cucrepumes des Rois comimis de cenerone pau

250.0 1087.0 1032.0 64.0 pour reſeruer la royne d’Eſcoſſe: Mais au contrai

249.0 1149.0 1026.0 64.0 re, il n’y a rien qui ait donné courage, volonté, ny

252.0 1210.0 1024.0 60.0 moyen aux Rois voiſins, pour entreprendre ſur

246.0 1262.0 1034.0 64.0 ſon eſtat, que la reſerue qu’elle a faict iuſques à

248.0 1323.0 1032.0 61.0 ceſte heure, de la royne d’Eſcoſſe. Il eſt certain

249.0 1384.0 1033.0 59.0 que tous les troubles paſſez en Angleterre, ont e¬

246.0 1438.0 1034.0 63.0 ſté braſſez par elle, & fondez ſur l’eſperance de la

245.0 1501.0 1037.0 59.0 faire royne d’Angleterre. Les Rois qui s’eſmou¬

246.0 1559.0 1033.0 59.0 uroyent de ſa mort, ſont ia eſmeus: tant ſous pre¬

245.0 1617.0 1034.0 54.0 texte de la ſeule detention, & du zele pretendu de

244.0 1676.0 1032.0 65.0 leur Religion, que, pour dire plus vray, pour l’en¬

245.0 1734.0 1035.0 62.0 uie qu’ils ont de ce beau Royaume, ſi riche, & ſi

244.0 1793.0 1034.0 62.0 opulent, qu’ils eſtimẽt vne proye bien aiſee, pour

244.0 1853.0 1031.0 58.0 eſtre entre les mains d’vne ſemme, n’eſtant ap¬

246.0 1912.0 1030.0 62.0 puyee de perſonne, & de laquelle ils imputent la

244.0 1970.0 1032.0 63.0 clémence à timidité, & crainte de n’oſer chaſtier

1153.0 2035.0 116.0 51.0 çeux
