1415 2439
142.0 151.0 1030.0 63.0 uoit en rien ſeruir, ny ſoulager, enuoyerẽt deuers

140.0 227.0 1033.0 46.0 le comte de Montgomery vn petſt eiquir, auec

142.0 268.0 1031.0 68.0 ſept hommes dedans, qui paſſerent en de ſpit de

142.0 327.0 1026.0 63.0 I'ennemy, au trauers de ſon armee, fauoriſez des

145.0 388.0 1028.0 63.0 vens, & des vagues: pour remercier le comte de

145.0 444.0 1027.0 66.0 Montgomery, & le prier qu’il ne ſe miſt aucune¬

146.0 514.0 1033.0 53.0 ment en plus grand danger pour eux, ains ſe re¬

140.0 563.0 1036.0 64.0 ſeruaſt à meilleure rencontre: qu’ils eſtoyent re¬

140.0 620.0 1035.0 66.0 ſolus par la grace de Dieu, de ſe bien deffendre,

140.0 681.0 1037.0 61.0 contre les aſſaux de l’ennemy, & de mourir tous

143.0 742.0 1034.0 56.0 l'vn, apres l’autre, anec leurs femmes, & enfans,

146.0 796.0 1031.0 68.0 pluſtoſt que ſe rendre à la mercy de ces perfides.

326.0 93.0 614.0 47.0 DIALOSVE II.

140.0 856.0 1036.0 68.0 Le pol. Ce fut vn trait fort magnanime, que celuy

143.0 914.0 1037.0 65.0 de ces bõnes gens. Au lieu que le cœur, cõme il

143.0 971.0 1038.0 61.0 ſemble, leur deuoit faillir, & manquer: il leur eſt

143.0 1035.0 1037.0 57.0 lors, tout au rebours, accreu cõtre le ſens cõmun¬

146.0 1089.0 1029.0 58.0 La neceſsité eſt puiſſante à faire reſoudre lesgẽs:

145.0 1150.0 1036.0 62.0 mais certes, Dieu les fortifie touſiours au beſoin.

1111.0 112.0 22.0 23.0 C

146.0 1205.0 1034.0 65.0 L’hi. C’eſt tresbien dit. Or le comte de Montgo¬

146.0 1269.0 1035.0 64.0 mery voyant le bon courage de ces poures Roche

146.0 1327.0 1035.0 59.0 lois, apres leur auoir enuoyé vn batteau à l’auẽtu

146.0 1386.0 1037.0 62.0 re, que l’on dit, auec deux milliers de poudre à ca¬

147.0 1445.0 1033.0 68.0 non, & quelque peu de muys de bled, qui par gra

149.0 1502.0 1032.0 64.0 ce de Dieu, arriuerẽt à hõ port, & ſi à point qu’ils

147.0 1563.0 1034.0 63.0 trouuerẽt ces bõnes gẽs preſque aubout de leurs

150.0 1620.0 1031.0 65.0 poudres, & de leurs bleds, apres cela (dis-ie) crai¬

153.0 1681.0 1031.0 65.0 gnãt que l’ẽnemy ne le vint charger à deſprouueu

153.0 1737.0 1030.0 66.0 à Belle-iſle, où il n’auoit uy port ny fort, rõpit ſõ

154.0 1796.0 1026.0 65.0 armee, où (ſelon que la creãce en ce tẽps eſt bon¬

154.0 1856.0 1034.0 65.0 ne parmy les Capitaines & ſoldats) elle ſe rõpit el

151.0 1914.0 1036.0 68.0 Ie meſme. Le Capitaine Hippi ville, qui auoit vn

155.0 1974.0 1028.0 70.0 fort bon, beau, & bien armé nauire, s’alla rẽdre à

923.0 2033.0 96.0 68.0 e.ii.
