1420 2439
254.0 90.0 104.0 65.0 1174

252.0 154.0 1032.0 66.0 poit faire, luy dit librement ſon auis, apres y auoir

249.0 215.0 863.0 62.0 ibien penſé pour mieux faciliter l’affaire.

319.0 270.0 970.0 63.0 Mais comme Lignerolles, ne trouuant rien à

249.0 333.0 1040.0 62.0 redire à vne trahiſon ſi bien proiectee, luy fiſt la

246.0 392.0 1042.0 63.0 choſe biẽ aiſeet ſans en rien parler d’auãtage leur

254.0 452.0 1034.0 61.0 deſſein demoura couuert. Iuſqu’à ce qu'vn iour

253.0 512.0 1034.0 62.0 le vieux Briquemaut, qui ſolicitoit auec Teligny

246.0 567.0 1042.0 63.0 & les autres les affaires de la Religion à la Cour:

246.0 630.0 1042.0 62.0 eſtant allé parler au tyran pour auoir quelque iu

252.0 686.0 1035.0 55.0 ſtice des meurtres commis à Rouen ſur les fide¬

253.0 747.0 1036.0 60.0 les apres la paix, & le trouuant frort & reſtif d’en

248.0 804.0 1047.0 64.0 commander le chaſtiement: s’auança de dire au

253.0 863.0 1035.0 61.0 tyran qu’il ſeroit à craindre, s’il n’en faiſoit faire

252.0 924.0 1035.0 62.0 vengeance, que les Papiſtes deuinſſent ſi inſolens

252.0 982.0 1031.0 62.0 qu’ils ſe permiſſent encores d’auantage, & que

250.0 1043.0 1038.0 62.0 les Huguenots ne les pouuans ſupporter fuſſent

249.0 1102.0 1034.0 56.0 contraints de recourir aux armes, s’ils n’y voy¬

252.0 1159.0 1029.0 59.0 oyent autre moyen d’en auoir iuſtice: dont s’en¬

241.0 1218.0 1044.0 62.0 ſuyuroit qu’on retourneroit en guerre auſsi forte

246.0 1284.0 354.0 59.0 qu’au parauant.

524.0 85.0 592.0 61.0 DIALOGVE II.

310.0 1334.0 975.0 63.0 Ce langage eſmeut le tyran à commander au

242.0 1391.0 1042.0 64.0 mateſchal de Montmorency de s’en aller iuſqu’à

242.0 1452.0 809.0 61.0 Rouen, pour voir de remedier à tout.

313.0 1510.0 971.0 61.0 Cependant Briquemaut s’en eſtant allé de la

237.0 1567.0 1046.0 67.0 preſence du tyran: le tyran fit vuider ſa chambre

253.0 1624.0 1028.0 72.0 pour pouuoir blaſphemer à l’aiſe & ſe deſpiter

244.0 1684.0 256.0 65.0 tout ſeul¬

314.0 1745.0 967.0 57.0 Lors que Lignerolles eſtant admis dans la

233.0 1803.0 1048.0 69.0 chambre du tyran pour luy parler de quelque af¬

248.0 1863.0 1033.0 61.0 faire, le trouuant eſmeu de cholere, s’auança de

240.0 1924.0 1041.0 65.0 luy demander tout doucementt l’occaſion de

1184.0 1979.0 94.0 64.0 ſon
