1439 2421
289.0 73.0 62.0 73.0 18

277.0 149.0 1004.0 59.0 Les longs & obitinez ſieges, raut de rudos & fur

275.0 203.0 1003.0 66.0 rieux aſlauts & autres exploits & ruſes de guer;

275.0 262.0 1011.0 66.0 re eſtoyent baſtans pour, emporter des place;

277.0 316.0 1008.0 72.0 be aucoup plus fottes. Et toutesfois Dieu a tel¬

274.0 375.0 1012.0 68.0 lemẽt pourueu aux fiens par vne admirable bon

274.0 437.0 1011.0 64.0 té & prouidence, &a tellement encouragé le peu

275.0 494.0 1011.0 66.0 qui reſtoir qu’ils ont fait teſte à toute la force, de

275.0 552.0 1014.0 73.0 leurs fiers & ſanglans ennemis ſans ſecours d’au

274.0 613.0 1011.0 67.0 cun de leurs voiſins, quoy què les ennemis en

275.0 669.0 1005.0 73.0 ayent emprunté de toutes pars ſelon leur couſtu

278.0 733.0 999.0 67.0 me, ayans perdu de leurs gens en ces troiſſirger

284.0 789.0 1005.0 70.0 plus qu’ils n’auoyent perdu-en toutes les troij

281.0 850.0 348.0 64.0 guerres paflees.

494 64 577 81 DIALOGVE II.

314.0 902.0 960.0 73.0 Cela me fait, quand ie le conſidere, eſperer eR

277.0 969.0 1007.0 66.0 cores plus auant. Que comme Dreu par vne ſa¬

277.0 1019.0 1012.0 73.0 ueur ſpeciales & ſecours extraordinaire a beſon

281.0 1081.0 1005.0 68.0 gné iuſqu’à preſent, qu’auſſi vn iour en nos pres

278.0 1140.0 1011.0 69.0 ſences & deuant nos yeux ou des noſtres; il lers

277.0 1201.0 1005.0 68.0 l’entiere vengeance du ſang innocent reſpandu.

278.0 1258.0 1014.0 73.0 gnous dõnera vn tel relaſche que nous n’oſerõs

277.0 1316.0 1013.0 72.0 demander pour luy ſeruin lins, nulle crainte er

278.0 1373.0 1008.0 75.0 toute paix & ſeureté. Ce qu me le ſait ainſi crot

279.0 1432.0 1010.0 73.0 re ontre les promeſſes que nouven auons eu l’Ri

277.0 1487.0 1017.0 73.0 criture, & l’eſſay que Dieu en a fait freſchiement

1255.0 1476.0 15.0 29.0 4

277.0 1550.0 1017.0 70.0 en telſe deliurãce eſt ce que i’ay particulierelnet

282.0 1604.0 1006.0 73.0 marqué en ſ'election du Roy, de Pologne, la

279.0 1728.0 1015.0 71.0 ſouuir l'ambition, du Duc d'Apion, a neant

282.0 1782.0 1010.0 76.0 moins ſeruy à faire venir dl’vnpays bien fort lom

284.0 1843.0 1002.0 70.0 toin des hommes Chreſtięas & genereux poY

286.0 1904.0 996.0 73.0 porter parole vertueuſement pour le ſoulagſes

288.0 1962.0 953.0 87.0 ment des bons:lors que nos affaires eſtoyent

1146.0 2013.0 150.0 73.0 ſi miſe
