1432 2430
166 162 1039 36 deux pinces, aquiconttanmta ionenneiny an

171 194 1034 61 cu, deſnué de ſes armes, hors de tout eſpoir, de

170 255 1036 62 requerir la paix. Car on combat à qui ſera le plus

164 313 1039 60 fort, & le plus puiſſant : mais quand entre le Pe¬

167 372 1036 60 re & les enſans pour la meſchanceté du pere on

167 430 1035 53 en vient là, l'honneur du pere eſt acheue de per¬

168 490 1037 59 dre, s’il s’eſſaye de les vouloir forcer, de leut faire

167 548 1032 62 rendre les armes le pied ſur la gorge, de les me¬

167 607 1029 57 ner en triomphe liez au derriere de ſon chariot.

170 664 1028 62 Ce luy eſt (dis-ie) vn trop lourd deshonneur de le

164 723 1035 64 faire: c’eſt ſe rendre ignominieux ſoy-meſme, &

167 780 738 63 pourchaſſer ſa honte à ſes deſpens.

344 71 601 53 DIALOGVE IIR

197 838 993 59 Son honneur eſt de ſe monſtrer benin, & doux,

159 899 1039 66 enclin à pitié, recercher tous moyens de les rega¬

163 958 1031 61 gner, & les retirer du deſeſpoir où il les a mis. Et

162 1017 1025 64 le Prince qui ne ſuit ceſte voye, ſous vn faux pre¬

160 1078 1038 61 texte de conſeruer ſa reputation, la pert en ce

163 1144 1040 53 point, & acquiert celle d’vn tyran inhumain. Pour.

159 1194 1039 64 ce auſsi qu’on penſe que ſes ſuiets vienent en cõ¬

164 1254 1035 60 petence auec luy, & qu’il veut monſtrer qu’il eſt

162 1310 1030 62 plus fort qu’eux: comme ainſi ſoit qu’il deut mõ¬

156 1367 1036 66 ſtrer (s’illuy eſtoit poſsible) qu’il eſt meilleur

160 1426 1032 68 Ptince, qu’ils ne ſont ſuietas & plus benin, & cle¬

163 1487 646 54 ment, qu’ils ne ſont obeiſſans.

1102 85 100 47 109

217 1545 974 62 Les bons Princes, ſont eſtimez eſtre l’image

156 1603 1035 64 de Dieu en terre. Dieu auquel les hommes ſont

158 1667 1037 58 plus tenus qu’aux Rois. & Prîces, veut auoir ceſt

152 1726 1040 60 honneur de nous aimer premier que nous luy: &

152 1788 1036 58 ne le pouuons aimer, que premier il ne nous aye

152 1842 1035 53 aimez. Il ne ſe courrouce iamais iniuſtement, cõ

155 1899 1029 54 me les hõmes à toutes heures: & toute ſois il ceſ¬

154 1957 1033 73 ſe pluſtoſt de nous hair, que nous luy: & deſpouil
