1455 2467
135.0 150.0 1005.0 63.0 rez, Geuoudam, Seneſchauſſee de Thouloure

138.0 211.0 1002.0 64.0 Auuergne ; Roueigue, haute & baſſe Marchez

142.0 274.0 1003.0 64.0 Quierey, Perigurt, Limoſin, Agenois, Armai¬

148.0 327.0 994.0 67.0 gnac, Cõmeges, Cõſerãs, Bigorre, Albrot, Foix;

139.0 387.0 1003.0 68.0 Laurageuis, Albigeois; pays Caſtrea, de Ville¬

138.0 448.0 1009.0 65.0 laugues, Mhrepait, Carcaſſor; & auues pays &

141.0 507.0 1005.0 64.0 prouinces adiacentes, eſqurlles par grace de

139.0 563.0 1007.0 68.0 Dieu y a grande grancité d’Egliſes; pas vne d’el¬

138.0 622.0 1007.0 66.0 les n’a ſaieconte , ny n'a daigné s'amuſet aux pa¬

139.0 682.0 1011.0 60.0 toles de ceſt Edie, u aul ſi pareillemãr nos frerei

142.0 742.0 605.0 65.0 que ie t’ay dit du Dauphiné.

337.0 94.0 610.0 48.0 DREOSVD II.

193.0 794.0 956.0 72.0 L'hſt. O au'lle ſout laros! pouraou qu’ils ſa¬

139.0 856.0 1021.0 65.0 chent ſe tenir touſiours ſur leuts gurdes, & ne

142.0 915.0 1009.0 66.0 plus s’attendre at Tytan. C'eſt le ſeul moyen

143.0 977.0 1008.0 65.0 pour r’auoir leurs libertei & prruleges, & pour

145.0 1036.0 1004.0 61.0 garder auec Ieurà vies, leurs blent, cheuances,

141.0 1097.0 1019.0 59.0 & honneurs, que perſonno ne bur rauiſſe la li¬

143.0 1149.0 1013.0 59.0 bertè de leur cunſciencez & l'orercide dela re¬

142.0 1202.0 154.0 76.0 ligion.

1068.0 115.0 68.0 41.0 211

181.0 1265.0 980.0 64.0 Mais ie te prie de me dire, cd mieib us de ceux

142.0 1321.0 1018.0 67.0 de Sancerre, c’eſt Edic demionn'enparle ib

143.0 1382.0 153.0 69.0 point?

157.0 1439.0 1000.0 68.0 * Ez pal.Rien du rout. Quoy qhenddreres de

143.0 1499.0 1022.0 59.0 la Roc heelle, an ayant faiobin: grande iriſtancni

142.0 1559.0 1025.0 58.0 ſachant le calamiteux eſter laicils eſtoyem ænn

143.0 1617.0 1011.0 67.0 duits. Mais ie te diray ſanmil dend er Iue

148.0 1681.0 199.0 58.0 i'en ſcay.

209.0 1736.0 963.0 66.0 Quane à nos pouros frerer de Sancreno; let

145.0 1792.0 1020.0 65.0 Sieur de la Chaſtre Gouurrarr pour le Iyrn

145.0 1851.0 1026.0 66.0 ed Berry, les Aſiegea dés le xioir de Iamrirn der¬

145.0 1911.0 1024.0 65.0 nier paſſé j ſio barterie aure dihuict ouxingt

148.0 1973.0 1023.0 65.0 pieces d’artillerle; en diuers endrois du leur,

943.0 2029.0 48.0 61.0 la
