1418 2412
142.0 148.0 1024.0 65.0 eſprit, n’a peu eſtre retenue ny empeſchee qu'elle

140.0 219.0 1035.0 43.0 n’ait tẽté le dernier effort de ſõ deſti, trainat auee¬

140.0 268.0 1026.0 60.0 ſon deſaſtre la ruine de tous ceux qui s’en ſont ac

140.0 324.0 1028.0 56.0 coſtez. L'infortuné duc de Northſolc a eſté le

140.0 385.0 1032.0 66.0 dernier, qui par ſon ſupplice nous ſert de bon teſ

139.0 443.0 1031.0 62.0 moin, qu’elle n’a laiſſé peril à eſſayer. Ayant fait

139.0 501.0 1029.0 67.0 la plus haſardeuſe entrepriſe qui ſe peut faire, qui

139.0 561.0 1029.0 55.0 eſt, d'attenter ſur la vie de celle qui a la ſienne en

138.0 621.0 1030.0 59.0 ſa puiſſance, & de contraindre ceux qui ont ſa vie

138.0 679.0 1034.0 58.0 en leurs mains, de n’eſtimer point leur vie eſtre aſ

136.0 735.0 1034.0 56.0 ſeuree s’ils ne luy oſtẽt la ſiene: Mais qu’attendẽt

136.0 795.0 1034.0 55.0 ils ces Anglois? N’y a-il ame qui remonſtre à la

138.0 852.0 1030.0 63.0 Royne & à ſon Conſeil la neceſsité qu’ils ont de

138.0 912.0 667.0 62.0 s’oſter vne telle eſpine du pied?

337.0 87.0 603.0 48.0 DIALOGVE TI.

138.0 968.0 1032.0 65.0 L’hi. Voire dea: Il y en a eu des plus doctes & plus

138.0 1029.0 1028.0 64.0 zelez qui n’ont rien oublié à luy dire ſur ces argu¬

138.0 1088.0 1028.0 61.0 ments: Mais la royne d’Angleterre eſt ſi bonne,

140.0 1147.0 1028.0 61.0 elle eſt tant pleine de clemence & douceur quelle

138.0 1204.0 1032.0 69.0 ne prent point de plaiſir à voir reſpandre le ſang¬

1129.0 103.0 19.0 31.0 I

138.0 1264.0 1030.0 65.0 Le pol. Quelle douceur noſtre Seigneur, & quelie

136.0 1322.0 1030.0 63.0 clemence eſt celle-là, qui traine auec ſoy la ruine

138.0 1380.0 1029.0 64.0 d’vn eſtat ſi beau & ſi grand, & de la Religion en¬

136.0 1437.0 1028.0 67.0 ſemble! N’eſt-ce pluſtoſt ta cruauté la plus ex¬

138.0 1502.0 1030.0 63.0 treme qu’on vit onques? Si vne telle calamité ſe

140.0 1562.0 1030.0 63.0 peut euiter par moyẽs iuſtes & licires: Celuy qui

140.0 1620.0 1028.0 60.0 ne l’empeſchera ne ſera-il pas coulpable de tous

140.0 1679.0 1024.0 58.0 les mal-heurs qui en aduiendront; Sera ce pas v¬

139.0 1737.0 1029.0 62.0 ne cruelle clemence pour eſpargner le digne de

142.0 1795.0 1025.0 59.0 mort, faire mourir tant d’innocents, & vne dox

140.0 1849.0 1031.0 68.0 ble charge de conſcience à vn Prince de ne vou¬

144.0 1909.0 1024.0 62.0 loir faire iuſtice, ne procurer le ſalut de tout ſon

147.0 1968.0 1021.0 70.0 Royaume. Dieu preſẽte ce choix à la royne d’An
