<?xml version="1.0" encoding="UTF-8"?>
<alto xmlns:xsi="http://www.w3.org/2001/XMLSchema-instance"
      xmlns="http://www.loc.gov/standards/alto/ns-v4#"
      xsi:schemaLocation="http://www.loc.gov/standards/alto/ns-v4# http://www.loc.gov/standards/alto/v4/alto-4-2.xsd">
  <Description>
    <MeasurementUnit>pixel</MeasurementUnit>
    <sourceImageInformation>
      <fileName>page_00246.png</fileName>
      <fileIdentifier>mets//page_00205.zip/page_00246.png</fileIdentifier>
    </sourceImageInformation>
  </Description>
  <Tags>
    <OtherTag ID="BT7" LABEL="CustomZone" DESCRIPTION="block type CustomZone"/><OtherTag ID="BT8" LABEL="DamageZone" DESCRIPTION="block type DamageZone"/><OtherTag ID="BT9" LABEL="DigitizationArtefactZone" DESCRIPTION="block type DigitizationArtefactZone"/><OtherTag ID="BT10" LABEL="DropCapitalZone" DESCRIPTION="block type DropCapitalZone"/><OtherTag ID="BT11" LABEL="GraphicZone" DESCRIPTION="block type GraphicZone"/><OtherTag ID="BT12" LABEL="MainZone" DESCRIPTION="block type MainZone"/><OtherTag ID="BT13" LABEL="MarginTextZone" DESCRIPTION="block type MarginTextZone"/><OtherTag ID="BT14" LABEL="MusicZone" DESCRIPTION="block type MusicZone"/><OtherTag ID="BT15" LABEL="NumberingZone" DESCRIPTION="block type NumberingZone"/><OtherTag ID="BT17" LABEL="QuireMarksZone" DESCRIPTION="block type QuireMarksZone"/><OtherTag ID="BT18" LABEL="RunningTitleZone" DESCRIPTION="block type RunningTitleZone"/><OtherTag ID="BT19" LABEL="SealZone" DESCRIPTION="block type SealZone"/><OtherTag ID="BT20" LABEL="StampZone" DESCRIPTION="block type StampZone"/><OtherTag ID="BT21" LABEL="TableZone" DESCRIPTION="block type TableZone"/><OtherTag ID="BT22" LABEL="TitlePageZone" DESCRIPTION="block type TitlePageZone"/><OtherTag ID="BT100001" LABEL="MainZone-Head" DESCRIPTION="block type MainZone-Head"/><OtherTag ID="BT100005" LABEL="MainZone-P" DESCRIPTION="block type MainZone-P"/><OtherTag ID="BT100008" LABEL="MainZone-Sp" DESCRIPTION="block type MainZone-Sp"/><OtherTag ID="BT100006" LABEL="MainZone-Continued" DESCRIPTION="block type MainZone-Continued"/><OtherTag ID="BT100011" LABEL="MainZone-Entry" DESCRIPTION="block type MainZone-Entry"/><OtherTag ID="BT100010" LABEL="MainZone-Other" DESCRIPTION="block type MainZone-Other"/><OtherTag ID="BT100002" LABEL="MainZone-Lg" DESCRIPTION="block type MainZone-Lg"/>
    <OtherTag ID="LT7" LABEL="CustomLine" DESCRIPTION="line type CustomLine"/><OtherTag ID="LT8" LABEL="DefaultLine" DESCRIPTION="line type DefaultLine"/><OtherTag ID="LT9" LABEL="DropCapitalLine" DESCRIPTION="line type DropCapitalLine"/><OtherTag ID="LT10" LABEL="HeadingLine" DESCRIPTION="line type HeadingLine"/><OtherTag ID="LT11" LABEL="InterlinearLine" DESCRIPTION="line type InterlinearLine"/><OtherTag ID="LT12" LABEL="MusicLine" DESCRIPTION="line type MusicLine"/><OtherTag ID="LT764" LABEL="default" DESCRIPTION="line type default"/>
  </Tags>
  <Layout>
    <Page WIDTH="1419"
          HEIGHT="2435"
          PHYSICAL_IMG_NR="46"
          ID="eSc_dummypage_">
      <PrintSpace HPOS="0"
                  VPOS="0"
                  WIDTH="1419"
                  HEIGHT="2435">
        <TextBlock HPOS="132.0"
                   VPOS="142.0"
                   WIDTH="1027.0"
                   HEIGHT="292.0"
                   ID="block_0"
                   TAGREFS="BT100006">
          <Shape><Polygon POINTS="1159 142 1159 434 132 434 132 142"/></Shape>
          <TextLine ID="line_2"
                    TAGREFS="LT8"
                    BASELINE="132 182 1156 182" 
                    HPOS="132.0"
                    VPOS="140.0"
                    WIDTH="1024.0"
                    HEIGHT="61.0">
            <Shape><Polygon POINTS="132 182 132 193 621 201 622 201 698 194 1130 201 1131 201 1133 201 1156 193 1156 182 1156 154 1114 152 1092 140 1091 140 1089 140 1004 142 1003 142 1001 142 988 151 955 140 954 140 953 140 951 140 950 140 936 151 934 154 801 154 794 150 781 140 779 140 778 140 777 140 775 140 750 148 747 150 743 148 718 140 717 140 716 140 714 140 713 140 704 148 698 152 691 148 675 140 674 140 672 140 671 140 647 148 630 154 503 154 494 146 487 140 486 140 484 140 483 140 482 140 469 146 454 152 404 150 399 146 394 140 392 140 391 140 323 140 322 140 320 140 312 144 296 152 132 143 132 182"/></Shape>
	    <String CONTENT="ble au refuſant. L’exemple de la mort de Philip¬"
                    HPOS="132.0"
                    VPOS="140.0"
                    WIDTH="1024.0"
                    HEIGHT="61.0"
                    WC="0.9985129361351331"></String>
          </TextLine>
          <TextLine ID="line_3"
                    TAGREFS="LT8"
                    BASELINE="136 246 1157 240" 
                    HPOS="135.0"
                    VPOS="198.0"
                    WIDTH="1022.0"
                    HEIGHT="64.0">
            <Shape><Polygon POINTS="136 246 136 262 511 252 551 257 591 261 593 261 656 255 687 252 714 254 792 259 793 259 861 251 871 251 873 251 882 258 884 258 885 258 886 258 961 250 972 250 985 250 1129 258 1130 258 1131 258 1157 247 1157 240 1156 209 1127 198 1126 198 1125 198 1123 198 1122 198 1107 209 1106 211 1104 209 1083 198 1081 198 1080 198 1079 198 1077 198 1064 209 1062 212 1039 212 1037 211 1006 198 1004 198 1003 198 1001 198 978 211 977 212 758 212 746 212 664 200 663 200 662 200 660 200 649 209 622 201 621 201 620 201 618 201 583 213 540 201 538 201 537 201 465 212 402 201 400 201 364 208 329 202 327 202 326 202 324 202 310 213 223 206 222 206 220 206 219 206 208 215 143 209 142 209 140 209 139 209 139 211 135 213 136 246"/></Shape>
	    <String CONTENT="pe, pere d’Alexandre, ſuffira pour tous: Le deſ¬"
                    HPOS="135.0"
                    VPOS="198.0"
                    WIDTH="1022.0"
                    HEIGHT="64.0"
                    WC="0.995791282504797"></String>
          </TextLine>
          <TextLine ID="line_4"
                    TAGREFS="LT8"
                    BASELINE="131 303 1156 300" 
                    HPOS="129.0"
                    VPOS="259.0"
                    WIDTH="1027.0"
                    HEIGHT="60.0">
            <Shape><Polygon POINTS="131 303 131 311 203 319 204 319 259 311 265 311 297 311 601 316 602 316 706 309 712 309 714 309 758 317 759 317 938 309 968 317 969 317 970 319 1144 319 1144 317 1145 317 1146 317 1156 308 1156 300 1153 271 1010 271 976 259 974 259 973 259 972 259 970 259 958 270 903 270 848 259 847 259 846 259 844 259 830 271 713 271 643 259 641 259 640 259 639 259 625 270 511 261 510 261 509 261 486 271 465 261 464 261 463 261 461 261 418 273 362 273 300 261 299 261 297 261 273 271 165 261 163 261 162 261 129 271 131 303"/></Shape>
	    <String CONTENT="eſpoir où tous les ſuiets ſe voyent ſans eſperance"
                    HPOS="129.0"
                    VPOS="259.0"
                    WIDTH="1027.0"
                    HEIGHT="60.0"
                    WC="0.9853061554478664"></String>
          </TextLine>
          <TextLine ID="line_5"
                    TAGREFS="LT8"
                    BASELINE="129 362 1156 359" 
                    HPOS="128.0"
                    VPOS="317.0"
                    WIDTH="1028.0"
                    HEIGHT="60.0">
            <Shape><Polygon POINTS="129 362 129 370 717 376 718 376 720 376 735 369 774 376 775 376 777 376 804 369 805 369 997 376 999 376 1000 376 1016 369 1026 376 1027 376 1029 376 1030 377 1145 377 1145 376 1146 376 1148 376 1156 367 1156 359 1153 330 1122 330 1108 317 1107 317 1106 317 1104 317 1066 326 1034 317 1033 317 1031 317 1030 317 1029 317 1014 330 775 330 737 317 736 317 735 317 733 317 732 317 718 328 597 319 595 319 541 328 524 319 522 319 521 319 490 326 457 319 456 319 454 319 453 319 440 331 399 331 380 319 379 319 377 319 330 319 329 319 327 319 300 330 188 330 147 319 146 319 144 319 143 319 142 319 128 327 129 362"/></Shape>
	    <String CONTENT="de protection de leur Roy, les contraint d’aller"
                    HPOS="128.0"
                    VPOS="317.0"
                    WIDTH="1028.0"
                    HEIGHT="60.0"
                    WC="0.9903217492004236"></String>
          </TextLine>
          <TextLine ID="line_6"
                    TAGREFS="LT8"
                    BASELINE="131 420 740 415" 
                    HPOS="129.0"
                    VPOS="374.0"
                    WIDTH="611.0"
                    HEIGHT="54.0">
            <Shape><Polygon POINTS="131 420 131 428 740 423 740 415 737 388 586 374 584 374 583 374 582 374 582 376 572 385 555 376 553 376 552 376 551 376 525 386 406 377 404 377 403 377 402 377 402 378 389 390 369 390 306 377 304 377 303 377 276 388 222 378 220 378 219 378 217 378 204 388 153 385 151 385 150 385 129 392 131 420"/></Shape>
	    <String CONTENT="cercher leur ſeureté ailleurs."
                    HPOS="129.0"
                    VPOS="374.0"
                    WIDTH="611.0"
                    HEIGHT="54.0"
                    WC="0.9870807797678055"></String>
          </TextLine>
        </TextBlock>
        <TextBlock HPOS="302.0"
                   VPOS="69.0"
                   WIDTH="602.0"
                   HEIGHT="56.0"
                   ID="block_3"
                   TAGREFS="BT18">
          <Shape><Polygon POINTS="904 69 904 125 302 125 302 69"/></Shape>
          <TextLine ID="line_0"
                    TAGREFS="LT10"
                    BASELINE="306 114 908 114" 
                    HPOS="304.0"
                    VPOS="71.0"
                    WIDTH="603.0"
                    HEIGHT="60.0">
            <Shape><Polygon POINTS="649 71 629 71 609 71 588 71 568 71 548 71 527 71 507 71 487 71 466 71 446 71 426 71 406 71 385 71 365 71 345 71 324 71 304 71 304 113 304 131 907 131 907 113 907 75 665 71 649 71"/></Shape>
	    <String CONTENT="DIALOGVE II."
                    HPOS="304.0"
                    VPOS="71.0"
                    WIDTH="603.0"
                    HEIGHT="60.0"
                    WC="0.9957771648963293"></String>
          </TextLine>
        </TextBlock>
        <TextBlock HPOS="134.0"
                   VPOS="445.0"
                   WIDTH="1024.0"
                   HEIGHT="227.0"
                   ID="eSc_textblock_d2a4e2be"
                   TAGREFS="BT100005">
          <Shape><Polygon POINTS="134 445 134 672 1158 672 1158 445"/></Shape>
          <TextLine ID="line_7"
                    TAGREFS="LT8"
                    BASELINE="186 477 1159 474" 
                    HPOS="185.0"
                    VPOS="432.0"
                    WIDTH="974.0"
                    HEIGHT="63.0">
            <Shape><Polygon POINTS="186 477 186 485 398 485 403 485 468 495 469 495 534 485 537 485 544 485 740 493 741 493 743 493 760 484 762 484 771 484 839 491 840 491 842 491 859 484 861 484 871 484 1016 493 1018 493 1157 482 1159 474 1156 446 1112 446 1098 432 1096 432 1095 432 1073 432 1072 432 1071 432 1069 432 1069 434 1057 445 884 445 858 432 857 432 855 432 793 443 756 432 755 432 754 432 752 432 729 445 672 432 671 432 593 447 513 447 479 434 477 434 476 434 475 434 438 446 403 434 402 434 400 434 399 434 398 434 385 445 343 446 329 434 327 434 326 434 296 434 295 434 293 434 264 446 205 434 204 434 203 434 201 434 185 445 186 477"/></Shape>
	    <String CONTENT="Or eſt-ce le pire conſeil qu’vn Prince peuſt a¬"
                    HPOS="185.0"
                    VPOS="432.0"
                    WIDTH="974.0"
                    HEIGHT="63.0"
                    WC="0.9953365795155789"></String>
          </TextLine>
          <TextLine ID="line_8"
                    TAGREFS="LT8"
                    BASELINE="132 535 1160 532" 
                    HPOS="131.0"
                    VPOS="491.0"
                    WIDTH="1029.0"
                    HEIGHT="62.0">
            <Shape><Polygon POINTS="132 535 132 545 223 545 234 553 235 553 236 553 238 553 239 553 261 545 511 545 533 553 534 553 536 553 537 553 567 545 1107 551 1108 551 1159 542 1160 532 1157 505 1119 504 1104 491 1103 491 1102 491 1100 491 1099 491 1065 505 836 505 788 491 786 491 785 491 783 491 782 491 766 504 728 504 695 491 694 491 645 491 644 491 643 491 617 500 586 492 584 492 583 492 582 492 580 492 563 505 482 504 467 492 465 492 464 492 412 492 411 492 410 492 408 492 399 500 389 492 388 492 387 492 333 492 331 492 330 492 329 492 312 505 273 492 272 492 270 492 269 492 268 492 251 507 232 507 193 492 192 492 190 492 189 492 188 492 167 505 131 507 132 535"/></Shape>
	    <String CONTENT="uoir, de delaiſſer en deſeſpoir ſes principaux ſer¬"
                    HPOS="131.0"
                    VPOS="491.0"
                    WIDTH="1029.0"
                    HEIGHT="62.0"
                    WC="0.9963748782288795"></String>
          </TextLine>
          <TextLine ID="line_9"
                    TAGREFS="LT8"
                    BASELINE="132 595 1156 592" 
                    HPOS="131.0"
                    VPOS="553.0"
                    WIDTH="1025.0"
                    HEIGHT="50.0">
            <Shape><Polygon POINTS="132 595 132 603 1154 601 1156 592 1153 565 1102 565 1083 553 1081 553 1080 553 1079 553 1077 553 1053 565 1008 565 981 553 980 553 978 553 977 553 976 553 957 565 877 565 835 553 834 553 748 553 747 553 746 553 723 564 658 553 656 553 587 564 431 565 392 554 391 554 389 554 388 554 387 554 376 564 339 554 338 554 337 554 335 554 334 554 320 565 186 558 185 558 131 566 132 595"/></Shape>
	    <String CONTENT="uiteurs, &amp; les contraindre d’aller cercher leur"
                    HPOS="131.0"
                    VPOS="553.0"
                    WIDTH="1025.0"
                    HEIGHT="50.0"
                    WC="0.9881000379298596"></String>
          </TextLine>
          <TextLine ID="line_10"
                    TAGREFS="LT8"
                    BASELINE="132 654 1049 652" 
                    HPOS="131.0"
                    VPOS="608.0"
                    WIDTH="918.0"
                    HEIGHT="61.0">
            <Shape><Polygon POINTS="132 654 132 669 185 662 454 666 570 668 571 668 572 668 584 665 602 661 1048 661 1049 652 1048 622 1022 608 1020 608 1019 608 1018 608 993 622 815 622 790 608 789 608 788 608 786 608 758 618 727 608 725 608 724 608 723 608 721 608 721 610 710 619 675 608 674 608 672 608 636 615 594 608 593 608 591 608 590 608 590 610 579 620 548 622 403 610 402 610 400 610 399 610 381 623 334 623 310 610 308 610 265 610 264 610 262 610 232 622 144 616 143 616 142 616 140 616 131 620 132 654"/></Shape>
	    <String CONTENT="protection, ailleurs qu’à ſon Prince naturel."
                    HPOS="131.0"
                    VPOS="608.0"
                    WIDTH="918.0"
                    HEIGHT="61.0"
                    WC="0.9778373759725819"></String>
          </TextLine>
        </TextBlock>
        <TextBlock HPOS="123.0"
                   VPOS="682.0"
                   WIDTH="1035.0"
                   HEIGHT="621.0"
                   ID="eSc_textblock_ef23e0dd"
                   TAGREFS="BT100005">
          <Shape><Polygon POINTS="123 682 123 1303 1158 1303 1158 682"/></Shape>
          <TextLine ID="line_11"
                    TAGREFS="LT8"
                    BASELINE="185 714 612 708 1159 712" 
                    HPOS="184.0"
                    VPOS="668.0"
                    WIDTH="975.0"
                    HEIGHT="61.0">
            <Shape><Polygon POINTS="185 714 185 719 211 726 212 726 265 719 272 719 274 719 292 726 293 726 295 726 330 719 334 719 571 719 572 719 624 727 625 727 747 719 758 727 759 727 760 727 762 729 798 729 798 727 844 719 1026 726 1027 726 1029 726 1030 726 1039 719 1094 726 1095 726 1096 726 1098 726 1106 719 1145 727 1146 727 1148 727 1149 727 1159 718 1159 712 1157 680 1126 668 1125 668 1123 668 1122 668 1098 679 1066 668 1065 668 1064 668 1062 668 1061 668 1046 681 905 681 884 668 882 668 881 668 880 668 817 680 718 673 717 673 682 680 469 668 468 668 467 668 431 681 296 681 274 668 273 668 272 668 203 668 201 668 200 668 199 668 184 679 185 714"/></Shape>
	    <String CONTENT="Si l’on s’amuſe à l’opinion que l’on aura de la"
                    HPOS="184.0"
                    VPOS="668.0"
                    WIDTH="975.0"
                    HEIGHT="61.0"
                    WC="0.9762188072005907"></String>
          </TextLine>
          <TextLine ID="line_12"
                    TAGREFS="LT8"
                    BASELINE="129 769 1152 772" 
                    HPOS="129.0"
                    VPOS="726.0"
                    WIDTH="1023.0"
                    HEIGHT="64.0">
            <Shape><Polygon POINTS="129 769 129 785 640 777 660 784 662 784 663 784 946 779 961 787 962 788 964 788 965 788 966 790 999 790 999 788 1000 788 1001 788 1001 787 1014 779 1073 785 1075 785 1076 785 1098 779 1149 787 1152 772 1152 742 915 734 913 734 912 734 894 741 878 727 877 727 876 727 874 727 828 737 796 727 794 727 793 727 792 727 770 739 756 727 755 727 754 727 752 727 708 734 655 727 653 727 652 727 651 727 633 739 633 741 599 741 597 739 521 735 510 726 509 726 507 726 506 726 471 733 434 726 433 726 431 726 430 726 422 734 400 726 399 726 398 726 396 726 395 726 379 739 342 739 288 739 287 739 261 726 259 726 258 726 257 726 255 726 241 735 222 726 220 726 219 726 217 726 189 739 188 739 129 739 129 769"/></Shape>
	    <String CONTENT="punition qui ſe feroit: C’eſt choſe trop vaine,"
                    HPOS="129.0"
                    VPOS="726.0"
                    WIDTH="1023.0"
                    HEIGHT="64.0"
                    WC="0.9905149239174863"></String>
          </TextLine>
          <TextLine ID="line_13"
                    TAGREFS="LT8"
                    BASELINE="129 827 1154 825" 
                    HPOS="128.0"
                    VPOS="788.0"
                    WIDTH="1026.0"
                    HEIGHT="58.0">
            <Shape><Polygon POINTS="129 827 129 841 289 838 306 841 341 846 342 846 343 846 356 840 361 838 471 838 475 840 486 846 487 846 488 846 490 846 491 846 492 846 500 840 502 838 525 840 639 845 640 845 641 845 643 845 649 838 652 837 881 837 890 837 1073 845 1075 845 1076 845 1103 838 1142 844 1144 844 1145 844 1146 844 1154 836 1154 825 1152 799 882 799 851 788 850 788 848 788 801 796 754 788 752 788 751 788 750 788 740 798 655 798 644 790 643 790 641 790 640 790 556 798 515 790 514 790 513 790 511 790 499 799 324 792 323 792 278 799 215 790 213 790 128 800 129 827"/></Shape>
	    <String CONTENT="que les opinions, &amp; rumeurs des hommes, pour"
                    HPOS="128.0"
                    VPOS="788.0"
                    WIDTH="1026.0"
                    HEIGHT="58.0"
                    WC="0.9934270707043734"></String>
          </TextLine>
          <TextLine ID="line_14"
                    TAGREFS="LT8"
                    BASELINE="128 888 1156 884" 
                    HPOS="127.0"
                    VPOS="844.0"
                    WIDTH="1029.0"
                    HEIGHT="54.0">
            <Shape><Polygon POINTS="128 888 128 898 1154 898 1156 884 1152 854 918 854 913 853 900 844 899 844 897 844 850 844 848 844 847 844 819 853 809 856 798 853 774 845 773 845 771 845 739 852 694 845 693 845 691 845 690 845 681 853 677 856 663 853 630 845 574 845 572 845 571 845 570 845 561 852 560 853 555 852 524 845 522 845 521 845 519 845 511 852 507 856 498 852 492 850 491 850 490 850 480 852 456 857 406 857 399 852 391 846 389 846 388 846 387 846 385 846 368 852 350 857 127 852 128 888"/></Shape>
	    <String CONTENT="les mettre deuant le ſalut: Fabius Maximus n’en"
                    HPOS="127.0"
                    VPOS="844.0"
                    WIDTH="1029.0"
                    HEIGHT="54.0"
                    WC="0.9923022528912159"></String>
          </TextLine>
          <TextLine ID="line_15"
                    TAGREFS="LT8"
                    BASELINE="125 946 1154 944" 
                    HPOS="124.0"
                    VPOS="902.0"
                    WIDTH="1030.0"
                    HEIGHT="61.0">
            <Shape><Polygon POINTS="125 946 125 955 284 963 285 963 324 955 329 955 590 955 636 963 637 963 740 953 750 953 752 953 779 961 781 961 782 961 828 953 832 953 893 953 901 960 903 960 904 960 905 960 1049 953 1122 961 1123 961 1125 961 1154 952 1154 944 1150 914 1085 914 1083 914 1057 902 1056 902 1054 902 1053 902 1052 902 1039 913 997 902 996 902 995 902 993 902 970 914 969 915 920 915 919 914 889 902 888 902 886 902 885 902 884 902 869 914 867 915 626 915 625 915 610 903 609 903 607 903 606 903 529 913 505 903 503 903 502 903 500 903 499 903 484 915 483 917 463 917 461 915 427 903 426 903 425 903 423 903 399 915 384 903 383 903 381 903 347 903 346 903 345 903 343 903 329 914 241 909 239 909 238 909 219 915 193 903 192 903 162 903 161 903 159 903 124 914 125 946"/></Shape>
	    <String CONTENT="eſtoit pas d’auis: Auſsi, quiconque s’ar reſte à ce¬"
                    HPOS="124.0"
                    VPOS="902.0"
                    WIDTH="1030.0"
                    HEIGHT="61.0"
                    WC="0.9943507201266739"></String>
          </TextLine>
          <TextLine ID="line_16"
                    TAGREFS="LT8"
                    BASELINE="125 1006 1087 1001" 
                    HPOS="124.0"
                    VPOS="961.0"
                    WIDTH="963.0"
                    HEIGHT="53.0">
            <Shape><Polygon POINTS="125 1006 125 1014 1085 1010 1087 1001 1084 972 843 972 842 971 831 961 830 961 828 961 827 961 770 971 758 972 754 971 735 961 733 961 732 961 731 961 705 971 698 974 414 974 398 969 372 963 370 963 369 963 335 969 307 975 269 969 232 964 196 964 194 964 193 964 192 964 186 969 180 975 167 969 155 964 154 964 153 964 124 968 125 1006"/></Shape>
	    <String CONTENT="la, il monſtre n’auoir guere droicte intention."
                    HPOS="124.0"
                    VPOS="961.0"
                    WIDTH="963.0"
                    HEIGHT="53.0"
                    WC="0.9898645751019741"></String>
          </TextLine>
          <TextLine ID="line_17"
                    TAGREFS="LT8"
                    BASELINE="131 1064 1153 1059" 
                    HPOS="129.0"
                    VPOS="1017.0"
                    WIDTH="1024.0"
                    HEIGHT="59.0">
            <Shape><Polygon POINTS="131 1064 131 1072 896 1076 897 1076 1152 1068 1153 1059 1150 1030 1123 1030 1106 1017 1104 1017 1103 1017 1102 1017 1100 1017 1076 1029 996 1017 995 1017 993 1017 992 1017 976 1030 907 1030 888 1018 886 1018 885 1018 884 1018 882 1018 851 1030 641 1030 629 1019 628 1019 626 1019 570 1019 568 1019 567 1019 565 1019 551 1033 429 1033 319 1021 318 1021 316 1021 315 1021 301 1033 278 1033 245 1021 243 1021 242 1021 197 1029 147 1021 146 1021 144 1021 143 1021 129 1032 131 1064"/></Shape>
	    <String CONTENT="Ce bon Empereur d’Antonin, aduertiſſoit les"
                    HPOS="129.0"
                    VPOS="1017.0"
                    WIDTH="1024.0"
                    HEIGHT="59.0"
                    WC="0.9881626547769059"></String>
          </TextLine>
          <TextLine ID="line_18"
                    TAGREFS="LT8"
                    BASELINE="129 1122 1153 1117" 
                    HPOS="128.0"
                    VPOS="1078.0"
                    WIDTH="1025.0"
                    HEIGHT="61.0">
            <Shape><Polygon POINTS="129 1122 129 1132 311 1132 335 1139 337 1139 338 1139 372 1132 555 1137 556 1137 800 1129 885 1136 886 1136 1012 1128 1119 1134 1121 1134 1122 1134 1153 1125 1153 1117 1152 1090 1122 1078 1121 1078 1087 1078 1085 1078 1084 1078 1083 1078 1068 1090 1011 1090 995 1078 993 1078 992 1078 991 1078 989 1078 955 1090 953 1090 893 1091 533 1091 529 1088 517 1080 515 1080 514 1080 477 1080 476 1080 475 1080 460 1088 459 1090 457 1088 446 1080 445 1080 444 1080 442 1080 403 1088 381 1093 373 1088 360 1082 358 1082 296 1082 295 1082 293 1082 277 1088 265 1093 177 1090 176 1088 167 1082 166 1082 165 1082 163 1082 128 1087 129 1122"/></Shape>
	    <String CONTENT="Proconſuls qui alloyent aux prouinces, de n’affe¬"
                    HPOS="128.0"
                    VPOS="1078.0"
                    WIDTH="1025.0"
                    HEIGHT="61.0"
                    WC="0.9981413386305984"></String>
          </TextLine>
          <TextLine ID="line_19"
                    TAGREFS="LT8"
                    BASELINE="128 1180 1152 1176" 
                    HPOS="127.0"
                    VPOS="1137.0"
                    WIDTH="1025.0"
                    HEIGHT="61.0">
            <Shape><Polygon POINTS="128 1180 128 1190 465 1190 483 1197 484 1197 486 1197 487 1197 519 1189 521 1189 530 1197 532 1197 533 1197 534 1198 568 1198 568 1197 570 1197 598 1189 599 1189 645 1197 647 1197 729 1189 779 1197 781 1197 782 1197 783 1197 793 1189 1081 1195 1083 1195 1084 1195 1085 1195 1095 1187 1137 1195 1138 1195 1140 1195 1141 1195 1152 1186 1152 1176 1150 1149 1127 1137 1126 1137 1125 1137 1123 1137 1094 1148 1004 1137 1003 1137 1001 1137 1000 1137 988 1148 905 1148 889 1137 888 1137 886 1137 858 1137 857 1137 855 1137 854 1137 842 1148 812 1137 811 1137 809 1137 808 1137 785 1149 731 1151 445 1151 425 1140 423 1140 377 1140 376 1140 324 1151 284 1140 282 1140 281 1140 224 1151 144 1140 143 1140 142 1140 140 1140 127 1149 128 1180"/></Shape>
	    <String CONTENT="cter en la iuſtice, reputation ny de ſeuerité, ny de"
                    HPOS="127.0"
                    VPOS="1137.0"
                    WIDTH="1025.0"
                    HEIGHT="61.0"
                    WC="0.9930620564604705"></String>
          </TextLine>
          <TextLine ID="line_20"
                    TAGREFS="LT8"
                    BASELINE="129 1240 1148 1233" 
                    HPOS="128.0"
                    VPOS="1193.0"
                    WIDTH="1020.0"
                    HEIGHT="63.0">
            <Shape><Polygon POINTS="129 1240 132 1256 139 1249 197 1248 542 1247 557 1251 565 1254 567 1254 568 1254 570 1254 571 1254 574 1251 579 1247 639 1249 689 1252 690 1252 733 1248 771 1245 820 1247 923 1252 924 1252 1129 1251 1130 1251 1148 1243 1148 1233 1145 1206 1075 1206 1058 1193 1057 1193 1056 1193 1054 1193 1053 1193 1023 1203 996 1193 995 1193 993 1193 992 1193 991 1193 974 1206 931 1208 892 1208 877 1194 876 1194 874 1194 873 1194 871 1194 848 1201 804 1194 802 1194 801 1194 777 1208 677 1208 659 1195 658 1195 656 1195 655 1195 613 1202 588 1195 587 1195 586 1195 584 1195 583 1195 568 1208 440 1197 438 1197 437 1197 411 1206 268 1203 266 1203 265 1203 239 1210 159 1198 158 1198 157 1198 128 1210 129 1240"/></Shape>
	    <String CONTENT="clemence: car l’vne, &amp; l’autre affection, deſuoy-"
                    HPOS="128.0"
                    VPOS="1193.0"
                    WIDTH="1020.0"
                    HEIGHT="63.0"
                    WC="0.9853924756147423"></String>
          </TextLine>
          <TextLine ID="line_21"
                    TAGREFS="LT8"
                    BASELINE="129 1298 830 1294" 
                    HPOS="128.0"
                    VPOS="1251.0"
                    WIDTH="702.0"
                    HEIGHT="57.0">
            <Shape><Polygon POINTS="129 1298 129 1308 828 1304 830 1294 827 1266 771 1264 759 1252 759 1251 758 1251 756 1251 718 1251 717 1251 716 1251 714 1251 698 1266 662 1266 641 1251 640 1251 639 1251 637 1251 636 1251 613 1263 579 1252 578 1252 576 1252 575 1252 574 1252 574 1254 560 1267 480 1267 449 1252 448 1252 422 1252 421 1252 419 1252 418 1252 418 1254 407 1263 396 1254 396 1252 395 1252 394 1252 361 1252 360 1252 358 1252 326 1266 301 1254 300 1254 299 1254 297 1254 268 1267 227 1254 226 1254 224 1254 223 1254 222 1254 222 1255 208 1268 128 1268 129 1298"/></Shape>
	    <String CONTENT="ent du droict ſentier de la iuſtice."
                    HPOS="128.0"
                    VPOS="1251.0"
                    WIDTH="702.0"
                    HEIGHT="57.0"
                    WC="0.9686527417765723"></String>
          </TextLine>
        </TextBlock>
        <TextBlock HPOS="1090.0"
                   VPOS="85.0"
                   WIDTH="66.0"
                   HEIGHT="53.0"
                   ID="block_5"
                   TAGREFS="BT15">
          <Shape><Polygon POINTS="1156 85 1156 138 1090 138 1090 85"/></Shape>
          <TextLine ID="line_1"
                    TAGREFS="LT8"
                    BASELINE="1100 123 1130 123" 
                    HPOS="1100.0"
                    VPOS="106.0"
                    WIDTH="30.0"
                    HEIGHT="33.0">
            <Shape><Polygon POINTS="1100 123 1100 132 1129 139 1130 123 1130 106 1100 106 1100 123"/></Shape>
	    <String CONTENT="F"
                    HPOS="1100.0"
                    VPOS="106.0"
                    WIDTH="30.0"
                    HEIGHT="33.0"
                    WC="0.999976634979248"></String>
          </TextLine>
        </TextBlock>
        <TextBlock HPOS="136.0"
                   VPOS="1316.0"
                   WIDTH="1023.0"
                   HEIGHT="348.0"
                   ID="block_2"
                   TAGREFS="BT100005">
          <Shape><Polygon POINTS="1159 1316 1159 1664 136 1664 136 1316"/></Shape>
          <TextLine ID="line_22"
                    TAGREFS="LT8"
                    BASELINE="190 1356 1153 1356" 
                    HPOS="190.0"
                    VPOS="1313.0"
                    WIDTH="963.0"
                    HEIGHT="60.0">
            <Shape><Polygon POINTS="190 1356 190 1363 216 1371 217 1371 219 1371 324 1364 338 1373 339 1373 341 1373 342 1373 400 1366 486 1373 487 1373 540 1364 1141 1373 1142 1373 1144 1373 1145 1373 1153 1366 1153 1356 1153 1325 1108 1325 1092 1313 1091 1313 1089 1313 1046 1313 1045 1313 1043 1313 1023 1324 897 1313 896 1313 894 1313 893 1313 878 1324 847 1313 846 1313 844 1313 843 1313 842 1313 842 1314 830 1325 672 1325 594 1313 593 1313 591 1313 565 1324 445 1324 421 1313 419 1313 381 1313 380 1313 379 1313 377 1313 364 1325 316 1325 211 1313 209 1313 208 1313 207 1313 190 1323 190 1356"/></Shape>
	    <String CONTENT="Ceux qui iugeront ſainement, &amp; ſans paſsion"
                    HPOS="190.0"
                    VPOS="1313.0"
                    WIDTH="963.0"
                    HEIGHT="60.0"
                    WC="0.9963730878608171"></String>
          </TextLine>
          <TextLine ID="line_23"
                    TAGREFS="LT8"
                    BASELINE="129 1410 1150 1415" 
                    HPOS="128.0"
                    VPOS="1370.0"
                    WIDTH="1022.0"
                    HEIGHT="61.0">
            <Shape><Polygon POINTS="129 1410 128 1420 151 1428 153 1428 154 1428 193 1421 201 1428 203 1428 204 1428 205 1428 468 1423 490 1429 491 1429 492 1429 557 1423 793 1423 820 1429 821 1429 823 1429 911 1424 922 1431 923 1431 924 1431 926 1431 1149 1423 1150 1415 1149 1385 1102 1385 1102 1383 1088 1373 1087 1373 1085 1373 1029 1373 1027 1373 1026 1373 1024 1373 1012 1383 1011 1385 882 1385 878 1382 865 1373 863 1373 862 1373 861 1373 798 1381 790 1382 786 1381 754 1371 752 1371 705 1371 704 1371 702 1371 685 1381 682 1382 677 1381 651 1371 649 1371 648 1371 598 1379 582 1382 362 1382 358 1378 349 1370 347 1370 346 1370 345 1370 307 1378 291 1381 285 1377 276 1370 274 1370 273 1370 272 1370 270 1370 242 1377 226 1382 188 1382 181 1377 174 1370 173 1370 171 1370 170 1370 129 1375 129 1410"/></Shape>
	    <String CONTENT="de ceſt affaire, ne pourrõt eſtimer la royne d’An¬"
                    HPOS="128.0"
                    VPOS="1370.0"
                    WIDTH="1022.0"
                    HEIGHT="61.0"
                    WC="0.9987829935316946"></String>
          </TextLine>
          <TextLine ID="line_24"
                    TAGREFS="LT8"
                    BASELINE="135 1471 1152 1474" 
                    HPOS="134.0"
                    VPOS="1428.0"
                    WIDTH="1018.0"
                    HEIGHT="62.0">
            <Shape><Polygon POINTS="135 1471 134 1477 209 1488 211 1488 282 1481 297 1488 299 1488 300 1488 301 1488 320 1479 331 1489 333 1489 334 1489 335 1489 415 1479 433 1486 434 1486 435 1486 509 1479 607 1479 626 1479 640 1488 641 1488 643 1488 644 1488 645 1488 660 1481 737 1488 739 1488 827 1482 838 1490 839 1490 840 1490 842 1490 843 1490 867 1481 985 1481 997 1490 999 1490 1000 1490 1001 1490 1060 1483 1079 1490 1080 1490 1081 1490 1083 1490 1084 1490 1096 1481 1138 1489 1140 1489 1141 1489 1142 1489 1150 1481 1152 1474 1152 1444 1123 1429 1122 1429 1121 1429 1119 1429 1118 1429 1095 1443 945 1429 943 1429 942 1429 919 1442 842 1443 835 1443 819 1429 817 1429 816 1429 783 1429 782 1429 781 1429 728 1443 727 1443 725 1443 697 1429 695 1429 694 1429 693 1429 677 1438 644 1428 643 1428 641 1428 640 1428 639 1428 621 1440 597 1428 595 1428 594 1428 551 1438 540 1428 538 1428 537 1428 494 1428 492 1428 426 1442 426 1443 220 1443 217 1442 169 1428 167 1428 166 1428 165 1428 135 1440 135 1471"/></Shape>
	    <String CONTENT="gleterre que treſ-iuſte Princeſſe, treſ-ſage, &amp;"
                    HPOS="134.0"
                    VPOS="1428.0"
                    WIDTH="1018.0"
                    HEIGHT="62.0"
                    WC="0.9975333568897653"></String>
          </TextLine>
          <TextLine ID="line_25"
                    TAGREFS="LT8"
                    BASELINE="136 1529 1152 1532" 
                    HPOS="135.0"
                    VPOS="1488.0"
                    WIDTH="1017.0"
                    HEIGHT="59.0">
            <Shape><Polygon POINTS="136 1529 135 1536 196 1546 197 1546 242 1539 323 1546 324 1546 362 1539 816 1547 817 1547 878 1540 880 1540 896 1547 897 1547 899 1547 1150 1540 1152 1532 1152 1502 1122 1489 1121 1489 1119 1489 1118 1489 1094 1498 1068 1489 1066 1489 1065 1489 1064 1489 1062 1489 1050 1500 1019 1490 1018 1490 1016 1490 1015 1490 1014 1490 997 1502 988 1502 976 1502 976 1501 955 1489 954 1489 953 1489 951 1489 859 1501 857 1501 834 1501 789 1501 774 1489 773 1489 771 1489 747 1489 746 1489 744 1489 743 1489 728 1501 727 1502 658 1502 656 1501 648 1494 647 1494 645 1494 644 1494 616 1500 598 1488 597 1488 595 1488 574 1488 572 1488 571 1488 570 1488 555 1500 503 1488 452 1488 450 1488 449 1488 448 1488 433 1500 433 1501 337 1501 335 1500 318 1488 316 1488 315 1488 314 1488 312 1488 277 1500 276 1501 208 1501 207 1500 184 1488 182 1488 181 1488 180 1488 136 1498 136 1529"/></Shape>
	    <String CONTENT="bien zelee au ſalut de tout ſon peuple, &amp; à la"
                    HPOS="135.0"
                    VPOS="1488.0"
                    WIDTH="1017.0"
                    HEIGHT="59.0"
                    WC="0.9974376090029453"></String>
          </TextLine>
          <TextLine ID="line_26"
                    TAGREFS="LT8"
                    BASELINE="138 1586 1150 1590" 
                    HPOS="136.0"
                    VPOS="1546.0"
                    WIDTH="1014.0"
                    HEIGHT="65.0">
            <Shape><Polygon POINTS="138 1586 136 1596 148 1604 150 1604 151 1604 153 1604 383 1597 396 1608 398 1608 399 1608 400 1608 453 1597 473 1609 475 1609 476 1609 477 1609 518 1603 561 1609 563 1609 564 1609 583 1598 763 1598 812 1598 815 1598 880 1611 881 1611 934 1600 1079 1611 1080 1611 1149 1600 1150 1590 1149 1561 1019 1548 1018 1548 1016 1548 1015 1548 1001 1558 989 1548 988 1548 987 1548 955 1548 954 1548 953 1548 951 1548 939 1559 938 1561 813 1561 812 1559 786 1547 785 1547 763 1547 762 1547 760 1547 759 1547 747 1558 723 1547 721 1547 720 1547 718 1547 682 1558 575 1558 380 1558 361 1546 360 1546 358 1546 357 1546 356 1546 329 1557 300 1546 299 1546 297 1546 246 1555 234 1546 232 1546 231 1546 230 1546 184 1552 157 1546 155 1546 154 1546 153 1546 151 1546 138 1554 138 1586"/></Shape>
	    <String CONTENT="deffenſe &amp; propagation de la vraye Religion"
                    HPOS="136.0"
                    VPOS="1546.0"
                    WIDTH="1014.0"
                    HEIGHT="65.0"
                    WC="0.9995784745659939"></String>
          </TextLine>
          <TextLine ID="line_27"
                    TAGREFS="LT8"
                    BASELINE="142 1647 403 1644" 
                    HPOS="140.0"
                    VPOS="1600.0"
                    WIDTH="263.0"
                    HEIGHT="57.0">
            <Shape><Polygon POINTS="142 1647 142 1657 403 1654 403 1644 400 1617 331 1616 308 1600 307 1600 306 1600 270 1600 269 1600 268 1600 266 1600 241 1617 207 1601 205 1601 162 1601 161 1601 159 1601 158 1601 140 1615 142 1647"/></Shape>
	    <String CONTENT="Chreſtiene."
                    HPOS="140.0"
                    VPOS="1600.0"
                    WIDTH="263.0"
                    HEIGHT="57.0"
                    WC="0.9999770522117615"></String>
          </TextLine>
        </TextBlock>
        <TextBlock HPOS="140.0"
                   VPOS="1666.0"
                   WIDTH="1019.0"
                   HEIGHT="300.0"
                   ID="block_1"
                   TAGREFS="BT100005">
          <Shape><Polygon POINTS="1159 1666 1159 1966 140 1966 140 1666"/></Shape>
          <TextLine ID="line_28"
                    TAGREFS="LT8"
                    BASELINE="190 1705 1153 1707" 
                    HPOS="189.0"
                    VPOS="1663.0"
                    WIDTH="964.0"
                    HEIGHT="60.0">
            <Shape><Polygon POINTS="190 1705 189 1711 216 1722 217 1722 219 1722 319 1716 327 1723 329 1723 330 1723 331 1723 402 1713 411 1720 412 1720 414 1720 415 1720 472 1713 507 1723 509 1723 510 1723 582 1713 659 1723 660 1723 733 1713 813 1713 824 1720 825 1720 827 1720 828 1720 899 1715 922 1723 923 1723 924 1723 926 1723 950 1715 1136 1722 1137 1722 1138 1722 1152 1713 1153 1707 1152 1676 995 1676 995 1674 980 1663 978 1663 977 1663 976 1663 974 1663 947 1674 947 1676 897 1676 897 1674 876 1663 874 1663 770 1663 769 1663 767 1663 744 1674 744 1676 517 1676 515 1674 477 1663 476 1663 475 1663 473 1663 472 1663 472 1665 460 1674 460 1676 429 1676 426 1674 380 1663 379 1663 377 1663 376 1663 376 1665 365 1674 323 1674 266 1674 262 1674 215 1663 213 1663 212 1663 190 1673 190 1705"/></Shape>
	    <String CONTENT="Ceux qui en iugeront par affection, &amp; contre"
                    HPOS="189.0"
                    VPOS="1663.0"
                    WIDTH="964.0"
                    HEIGHT="60.0"
                    WC="0.9933981001377106"></String>
          </TextLine>
          <TextLine ID="line_29"
                    TAGREFS="LT8"
                    BASELINE="138 1764 1148 1764" 
                    HPOS="138.0"
                    VPOS="1724.0"
                    WIDTH="1010.0"
                    HEIGHT="50.0">
            <Shape><Polygon POINTS="138 1764 138 1774 1148 1774 1148 1764 1148 1738 1029 1738 1026 1736 1010 1724 1008 1724 1007 1724 1006 1724 1004 1724 976 1735 973 1736 972 1735 954 1724 953 1724 951 1724 950 1724 949 1724 920 1735 915 1736 836 1736 834 1734 819 1724 817 1724 816 1724 729 1724 728 1724 685 1732 664 1736 621 1732 579 1728 578 1728 487 1731 319 1736 296 1730 280 1724 278 1724 231 1724 230 1724 228 1724 227 1724 222 1728 212 1736 184 1736 170 1728 166 1724 165 1724 163 1724 162 1724 138 1727 138 1764"/></Shape>
	    <String CONTENT="la raiſon, ne meritent qu’on ſe ſoucie de leur iu¬"
                    HPOS="138.0"
                    VPOS="1724.0"
                    WIDTH="1010.0"
                    HEIGHT="50.0"
                    WC="0.995576206445694"></String>
          </TextLine>
          <TextLine ID="line_30"
                    TAGREFS="LT8"
                    BASELINE="139 1824 651 1820 1145 1826" 
                    HPOS="139.0"
                    VPOS="1784.0"
                    WIDTH="1006.0"
                    HEIGHT="58.0">
            <Shape><Polygon POINTS="139 1824 139 1842 318 1842 318 1841 319 1841 320 1841 330 1833 372 1841 373 1841 375 1841 376 1841 387 1831 412 1841 414 1841 415 1841 417 1841 456 1831 564 1831 587 1841 588 1841 590 1841 647 1831 824 1831 903 1841 904 1841 1039 1831 1142 1841 1145 1826 1144 1796 1102 1795 1089 1784 1088 1784 1087 1784 1085 1784 997 1796 808 1796 736 1787 735 1787 697 1795 687 1787 686 1787 685 1787 544 1784 542 1784 541 1784 540 1784 525 1796 306 1796 296 1788 295 1788 293 1788 292 1788 139 1795 139 1824"/></Shape>
	    <String CONTENT="gement, ny qu’on diſpute aucc eux par raiſon,"
                    HPOS="139.0"
                    VPOS="1784.0"
                    WIDTH="1006.0"
                    HEIGHT="58.0"
                    WC="0.9991500933965047"></String>
          </TextLine>
          <TextLine ID="line_31"
                    TAGREFS="LT8"
                    BASELINE="140 1879 1153 1883" 
                    HPOS="139.0"
                    VPOS="1837.0"
                    WIDTH="1014.0"
                    HEIGHT="66.0">
            <Shape><Polygon POINTS="140 1879 139 1889 153 1897 154 1897 155 1897 157 1897 158 1897 159 1897 169 1891 234 1900 235 1900 349 1891 607 1897 609 1897 746 1892 770 1892 774 1892 815 1903 816 1903 817 1903 861 1896 953 1896 964 1903 965 1903 966 1903 968 1903 1041 1895 1056 1893 1064 1895 1085 1900 1087 1900 1088 1900 1152 1895 1153 1883 1152 1853 1102 1853 1102 1851 1068 1839 1066 1839 1065 1839 1064 1839 1039 1851 1039 1853 840 1853 820 1851 802 1850 789 1838 788 1838 786 1838 785 1838 783 1838 765 1849 733 1849 705 1838 704 1838 702 1838 667 1845 637 1838 636 1838 635 1838 633 1838 632 1838 617 1850 616 1850 605 1850 576 1849 564 1838 563 1838 561 1838 560 1838 438 1849 422 1837 421 1837 419 1837 418 1837 417 1837 387 1843 349 1837 347 1837 346 1837 345 1837 337 1843 327 1837 326 1837 324 1837 289 1837 288 1837 287 1837 285 1837 272 1849 270 1849 140 1849 140 1879"/></Shape>
	    <String CONTENT="veu qu’ils la banniſſent de leur iugement, par leur"
                    HPOS="139.0"
                    VPOS="1837.0"
                    WIDTH="1014.0"
                    HEIGHT="66.0"
                    WC="0.9991321575407889"></String>
          </TextLine>
          <TextLine ID="line_32"
                    TAGREFS="LT8"
                    BASELINE="142 1941 575 1937" 
                    HPOS="140.0"
                    VPOS="1897.0"
                    WIDTH="435.0"
                    HEIGHT="65.0">
            <Shape><Polygon POINTS="181 1912 178 1908 174 1911 157 1904 155 1904 154 1904 153 1904 151 1904 140 1911 142 1941 142 1962 186 1954 296 1960 337 1961 338 1961 356 1957 380 1952 574 1950 575 1937 572 1911 514 1911 494 1897 492 1897 491 1897 463 1897 461 1897 460 1897 459 1897 459 1899 446 1910 418 1911 292 1906 291 1906 289 1906 273 1912 247 1900 246 1900 200 1900 199 1900 197 1900 182 1906 181 1912"/></Shape>
	    <String CONTENT="paſsion particuliere."
                    HPOS="140.0"
                    VPOS="1897.0"
                    WIDTH="435.0"
                    HEIGHT="65.0"
                    WC="0.993124973206293"></String>
          </TextLine>
        </TextBlock>
        <TextBlock HPOS="536.0"
                   VPOS="2330.0"
                   WIDTH="305.0"
                   HEIGHT="68.0"
                   ID="eSc_textblock_81e5daad"
                   TAGREFS="BT9">
          <Shape><Polygon POINTS="536 2330 536 2398 841 2398 841 2330"/></Shape>
        </TextBlock>
      </PrintSpace>
    </Page>
  </Layout>
</alto>
