1481 2441
290.0 71.0 68.0 64.0 18

291.0 151.0 1035.0 60.0 miſtocles eſtoit fort vtile, mais, treſ-iniuſte:

290.0 225.0 1039.0 53.0 Ils dirent tous d’vne voix qu’ils n'en vouloyent

290.0 275.0 1037.0 64.0 point: Nous auons donc en ce faict-cy obligatiõ

290.0 334.0 1037.0 61.0 & deuoir de regarder autant la iuſtice & honeſte¬

287.0 391.0 1040.0 68.0 té, cõme l’vtilité publique du royaume d’Angle¬

288.0 452.0 1039.0 55.0 terre. De ce biẽ public s’il y a intereſt ou nõ, i’en

288.0 509.0 1039.0 57.0 ay deſia, ce me ſemble, parlé aſſez : reſte ſeulemẽt

284.0 566.0 1039.0 59.0 à vuyder, ſi le fait eſt auſsi iuſte & honeſte, com¬

287.0 629.0 1038.0 54.0 me vtile & neceſſaire. Il eſt bien certain & ne ſe

288.0 690.0 1039.0 62.0 peut nier, que c’eſt vn des plus grans crimes qui

287.0 751.0 1039.0 57.0 ſe peuuent comtnettre enuers les hommes que de

286.0 808.0 1037.0 59.0 conſpirer contre le Roy en ſon royaume, contre

286.0 861.0 1036.0 63.0 ſon eſtat & rauiſſement d’iceluy: l’exemplaire pu¬

286.0 920.0 1036.0 59.0 nition de Coré, Dathan, & Abiron le teſmoigne

287.0 980.0 1046.0 56.0 aſſez : Dauid ordonné & eſleu de Dieu pour eſtre.

290.0 1038.0 1032.0 60.0 Roy apres Saul, s’eſt contenté de ſe deffendre &

284.0 1098.0 1034.0 61.0 ſe garentir ſans iamais attenter ſur la perſonne de

287.0 1155.0 1029.0 58.0 Saul, à qui neantmoins il eſtoit deſtiné ſucceſſeur

286.0 1213.0 1029.0 59.0 de la bouche de Dieu. Et combien que Saul luy

286.0 1274.0 1029.0 64.0 fiſt guerre mortelle & iniuſte, ſi eſt-ce que Da¬

287.0 1335.0 1029.0 61.0 uid ſe condamnoitcomme digne de mort, s’il euſt

287.0 1394.0 1028.0 59.0 attenté contre Saul, & fit mourir celuy qui l’oſa

284.0 1453.0 1031.0 64.0 entreprendre, quoy qu’il ſe couuriſt du comman

284.0 1507.0 1030.0 57.0 dement & de la neceſsité de Sauk. Ce ſeroit v¬

284.0 1569.0 1030.0 62.0 ne ſuperflue & vaine oſtentation de s’amplifier

286.0 1628.0 1026.0 60.0 en long diſcours ſur la preuue d’vne maxime ſi in

284.0 1687.0 1027.0 63.0 dubitable: Que celuy qui veut renuerſer l’eſtat &

286.0 1748.0 1022.0 59.0 attẽter ſur la vie du Seigneur ſouuerain d’iceluy

286.0 1806.0 1025.0 61.0 (ie ne parle pas du tyran ny de la tytãnie auſsi) eſt

284.0 1863.0 1024.0 65.0 digne dũ ſupplice de mort: & eſt permis, voire cõ

284.0 1922.0 1026.0 55.0 mandé aux Peres de maſſacrer leurs enfãs, & aux

283.0 1981.0 1018.0 61.0 freres leurs freres qui conſpirent contre l’eſtat.

287.0 2042.0 1020.0 62.0 Auſsi qui regarde combiẽ de maux & de crimes

500.0 90.0 620.0 52.0 DIAEGGVE AI.
