1425 2434
147.0 143.0 1033.0 65.0 vies, ce qu’ils doyuent auoir de plus cher en ce

144.0 202.0 1037.0 65.0 monde. Surquoy ils ſe ramenteuoyent l’vn à l’au¬

148.0 265.0 1022.0 63.0 tre ce que Nancé capitaine des gardes du tyran,

147.0 320.0 1034.0 59.0 fit par ſon commandement en la iournee de la

142.0 381.0 1038.0 61.0 trahiſon, aux gentilshommes couchez eu l’an¬

148.0 438.0 1030.0 65.0 tichambre du Roy de Nauarte: leſquels, com¬

150.0 496.0 1030.0 65.0 me tu ſcay, il fit tuer, le tyran les regardãt d’vne ſe

148.0 558.0 1030.0 57.0 neſtre, à la porte du Louure, apres les auoir tous

147.0 613.0 1028.0 67.0 deſarmez de leurs eſpees, & dagues, & pluſieure

147.0 677.0 1031.0 62.0 autres exemples des anciens, & modernes tyrans

147.0 734.0 648.0 55.0 qui en ont vſé tout de meſmes.

334.0 87.0 617.0 50.0 DIALOGVE II.

143.0 791.0 1027.0 58.0 Et ſur tout ils ſe reſouuenoyent, comme d’auer¬

142.0 850.0 1028.0 53.0 tiſſemens treſnotables, de ce Bordereau de me¬

143.0 910.0 1034.0 60.0 moires qui fut enuoyé, comme tu ſcay, au defunct

144.0 970.0 1025.0 61.0 Amiral, vn peu auant les noces tragiques de la

143.0 1037.0 1023.0 51.0 ſœur du tyrauaquerboruereen, couecua dhop¬

143.0 1088.0 1019.0 62.0 ent vouloir apprendre par cœur, pour ne l’ou¬

143.0 1142.0 1020.0 60.0 blier à iamais: ayant comme ils diſoyent le meſ¬

147.0 1202.0 1016.0 63.0 pris d’iceluy eſté cauſe de la ruine & des miſeres

146.0 1264.0 783.0 57.0 que nous ſouftrons tous auiourd’huy.

1105.0 105.0 79.0 32.0 MA

140.0 1317.0 1023.0 64.0 L’hi. Voila de bonnes gens, & bienceſolus. Dieu

143.0 1377.0 1019.0 61.0 les vueille fortifier, & maintenir en leur ſaingt

147.0 1438.0 1012.0 65.0 propos. Il vaut mieux eſtre ſage tard, que de ne

142.0 1496.0 1017.0 61.0 l’eſtre iamais: & ne le pouuant eſtré aux deſpens

142.0 1553.0 1017.0 65.0 d’autruy: il vaut mieux l’eſtre à ſes deſpens: voi¬

142.0 1614.0 1019.0 68.0 re, aux deſpens de ſes freres: (quoy que le prix ſoit

147.0 1675.0 1010.0 66.0 par trop cher) que de ne l’eſtre point du tout, ny

143.0 1730.0 1015.0 68.0 à quelque prix que ce ſoit: ſe ſouueuant qu’ils ont

140.0 1790.0 1022.0 63.0 affaire à des ennemis, qui ſe ſont touſiours plus¬

144.0 1847.0 1004.0 71.0 toſt ſeruis de noſtre ſimplicité, pour nous nuire.

150.0 1910.0 624.0 65.0 que des moyens qu’ils euſſent,
