1447 2446
259.0 108.0 87.0 40.0 120

259.0 163.0 1026.0 65.0 Le pol. Ne crain pas, tout ira bien, Dieu aidant.

258.0 235.0 1027.0 57.0 Au ſurplus touchant les autres principaux arti¬

258.0 284.0 1028.0 62.0 cles de la policede Daniel, comme i’ay dit, ils

259.0 339.0 1026.0 67.0 ſont reſolus de les pratiquer en ſubſtance, ſingu¬

258.0 398.0 1029.0 64.0 lierement le 17 où il eſt parlé d’eſlire au Maieur

258.0 462.0 1031.0 63.0 general, ou gouuerneur cinq ou ſix lieutenans, nõ

259.0 523.0 1030.0 61.0 pour commander tous à vn coup, ains vn apres la

257.0 576.0 1033.0 61.0 mort ou deſmiſe de l’autre, la mort dis ie, qui en

265.0 637.0 1035.0 62.0 peut auenir ordinairement ou extraordinairemẽt

259.0 697.0 1030.0 62.0 par l’aguet ou poiſon de l’ennemy, pource que

257.0 752.0 1036.0 55.0 ce bon nombre de lieutenãts conſeruera le Chef

255.0 812.0 1030.0 63.0 & les membres en plus grande ſeureté: le Chef,

259.0 872.0 1027.0 66.0 pour autant que l’ennemy dira, pourquoy le ſe¬

257.0 932.0 1034.0 59.0 rons nous tuer? Il y a des lieutenans qui feront

258.0 990.0 1027.0 64.0 poſsible mieux que luy. Les membres, pour ce

259.0 1047.0 1030.0 63.0 que le Chef mourant ils ne ſeront pourtant deſ¬

259.0 1108.0 1027.0 52.0 prouueus de chef, comme il nous eſt auenu en ce

258.0 1164.0 1027.0 56.0 dernier maſſacre du mois d’Aouſt, à noſtre treſ¬

258.0 1224.0 462.0 65.0 grand regret & ruine.

536.0 95.0 537.0 59.0 DIALOGVEII.

314.0 1280.0 972.0 62.0 Le Conſeil trouua auſsi fort bons les 2223, &

255.0 1339.0 1030.0 55.0 24 articles de Daniel. Le 22 leur ſembla treſne¬

255.0 1399.0 1027.0 63.0 ceſſaire pour deux raiſons: l’vne pour empeſcher

258.0 1460.0 1023.0 63.0 que aucun des cheſs ou quelque autre citoyen,

255.0 1520.0 1031.0 60.0 n’attente ny entreprene rien ſur & au preiudice

257.0 1572.0 1020.0 58.0 de leur commun eſtat & liberté ciuile: l’autre,

262.0 1634.0 1021.0 57.0 pource que cela auenant, ou eſtant fauſſemẽt cui

255.0 1693.0 1028.0 65.0 dé & creu par le peuple & impoſé à quelcun des

257.0 1752.0 1026.0 63.0 grands, le peuple aura dequoy s’en reſoudre en

258.0 1811.0 1023.0 62.0 propoſant l’accuſation, & pourſuyuant l'accuſé

254.0 1868.0 1028.0 60.0 ſi beſoin eſt, pour le rendre conuaincu, le faire

252.0 1930.0 1029.0 63.0 condamner & punir ſelon que le merite le re¬

257.0 1993.0 160.0 60.0 querra.

1154.0 2039.0 114.0 64.0 L'hi.
