1410 2424
1117.0 72.0 56.0 65.0 9

359 68 584 63 DIALOGVEII.

130 134 1036 76 Le pol. Quant au deſſein de ce bon Prince, ie ne

129 219 1037 47 m’esbahy pas par trop qu’il s’en ſoit alle en ſu¬

126 257 1038 66 mee, veu la tiedeur & lentitude de laquelle les

127 315 1035 68 Princes marchent, quand il eſt queſtion de repur

129 373 1034 70 ger les Egliſes qui leur ſont commiſes: Conſide¬

126 430 1037 68 rãt auſsi la malice des Peuples qui abuſent le plus

126 491 1044 58 ſouuent du bon naturel de leurs Princes. Mais de

127 548 1040 67 ce fait-là d’Angleterre: i'en demeure tout eſton¬

131 606 1035 74 né. Quelle iniuſtice! Quelle d’eſloyauté! Ie me

131 670 1033 61 doute bien d’où cela peut venir, il ne peut proce¬

133 723 1035 67 der que de la bobance, ambition & inſolence des

133 781 1034 68 Prelats Anglois, fauoriſee de la Chattemiterie

131 843 1039 66 de quelques vns du conſeil que ie te pourrois biẽ

131 900 1037 65 nommer. Mais qu’ils oyent (outre les paſſages de

134 957 1034 70 l'Eſcriture) ce que dit quelque grand perſonnage

134 1018 1040 68 de noſtre temps, parlant de la diſcipline Eccleſia

131 1073 1044 73 ſtique. S’il n’y a (dit-il) nul le compagnie, ni meſ

134 1135 1034 67 mes nulle maiſon quelque petite qu’elle ſoit, qui

133 1193 1042 68 ſe puiſſe maintenir en ſon eſtat, ſans diſcipline: Il

133 1252 1037 69 eſt certain qu’il eſt beaucoup plus requis d’en a¬

136 1307 1035 71 uoir en l’Egliſe, laquelle doit eſtre ordonnee mi¬

136 1372 875 66 eux que nulle maiſon, ny autre aſſemblee.

138 1428 1037 66 Pourtant comme la doctrine de noſtre Seigneur

137 1482 1040 73 Ieſus eſt l’ame de l’Egliſe, auſsi la diſcipline eſt en

136 1552 1035 57 icelle, comme les nerſs ſont en vn corps pour vnir

138 1605 1037 59 les membres & les tenir chacun en ſon lieu & en

138 1664 1034 66 ſon ordre. Pourtant tous ceux qui deſirent que la

138 1718 1032 74 diſcipline ſoit abbatue, ou qui empeſchent qu’el¬

138 1776 1036 66 le ne ſoit remiſe au deſſus, ſoit qu’ils le facent à

140 1839 1030 59 leur eſcient, ou par inconſideration, cerchent d’a¬

141 1924 875 38 mener IEgmie avne ansipation catreme.

140.0 1954.0 1034.0 74.0 L’hiſt. Cela eſt tant bien dit que rien plus: Mais

952.0 2025.0 93.0 46.0 a.V.
