1417 2428
161.0 128.0 293.0 60.0 que ceux cy.

161.0 176.0 1040.0 64.0 L’hi. Ie ne croy pas qu’vn homme rond parle ia¬

163.0 240.0 1036.0 59.0 mais de leur clemence, ny de leur bonté & dou¬

161.0 295.0 1031.0 62.0 ceur, ſaçhant combien ces miſerables ſont cruels,

163.0 353.0 1038.0 63.0 felons, inhumains. Quant au titre de Treſchre¬

163.0 416.0 1035.0 62.0 ſtien on le deuſt, pour ne point ſlatter, changer en

164.0 474.0 1038.0 64.0 Archiant ichreſtien, pour appli quer des noms és

165.0 527.0 666.0 69.0 choſes qui fuſſent ſignificatiſs.

317 55 606 55 DTALOGVE TI.

163.0 590.0 1035.0 69.0 Le pol. On le deut faire vrayement. Mais ie gage

165.0 654.0 1033.0 60.0 qu’outre ce que leurs flatteurs, & quelques autres

165.0 712.0 1033.0 63.0 qui s’en approchent ayans affaires à eux propha¬

161 766 1035 61 nent ordinairement ces beaux & ſacrez mots, les

164.0 830.0 1034.0 58.0 attribuants, à ces perſides: qu’il y aura encores

164.0 886.0 1037.0 64.0 quelques vns des Treſ illuſtres princes d’Alle¬

163.0 948.0 1040.0 63.0 magne, qui au voyage que le frere du tyran y fera

165.0 1007.0 1033.0 61.0 s’en allant enPologne, n’auront pas honte de l’en

165.0 1062.0 1033.0 68.0 appellet & de luy faire auſsi bel accueil, que l’on

164.0 1123.0 750.0 64.0 feroit à vn honneſte homme,

1107.0 63.0 80.0 46.0 165

180.0 1182.0 1021.0 61.0 Si quelcun pour legere faure ſe trouuant mis

165.0 1239.0 1040.0 65.0 au bã de l’Empire, eſt recueilly par quelque Prin

163.0 1296.0 1031.0 65.0 ce, ſoudain l’Empire luy courra ſus. Mais à ceux¬

165.0 1359.0 1033.0 60.0 cy qui ſont attaints, ſont conuaincus & condam¬

167.0 1419.0 1039.0 53.0 nez deuant Dieu & deuant les hommes, d’eſtre

164.0 1475.0 1026.0 54.0 des ſchelmes execrables & ennemis du geure hu¬

167.0 1535.0 1027.0 63.0 main, ſous couleur qu’ils ſont des gros ſchelmes,

167.0 1603.0 1025.0 50.0 vn chacun les honorera, iuſques à ſe conſederer

164.0 1652.0 767.0 67.0 & ſe liguer auec eux. Quelle miſere!

164.0 1710.0 1033.0 66.0 L’hi. Ne ſcay tu pas que le prouerbe en a donné

168.0 1773.0 1023.0 62.0 ſon iogement. La cenſure tourmente les pigeõs,

172 1825 1010 62 laiſſant al lor les corbeaux libres. Mais n’entrons

172.0 1893.0 1016.0 58.0 pas ie te prie plus auant en ceſte matiere: tel luy

168.0 1949.0 1019.0 66.0 baiſera la main qui la luy voudroit voir bruſlee:

916.0 2008.0 98.0 54.0 Lau.
