1470 2432
251.0 72.0 49.0 43.0 26

244.0 136.0 1046.0 61.0 niere de guerre, on demande en quelle guerré les

247.0 197.0 1041.0 61.0 Anglois l’ont prinſe. Que l’on ſe repreſente ce¬

246.0 254.0 1044.0 63.0 que Elizee dit au roy d’Iſrael, quand il amena les.

247.0 314.0 1035.0 58.0 Syriens miraculeuſemẽt aueuglez au roy d’Iſrael,

244.0 371.0 1035.0 61.0 leſquels voulãt faire mourir. le Prophete luy dit,

246.0 433.0 1041.0 61.0 qu’il ne les auoit pas prins par glaiue: & par ainſi

247.0 494.0 1035.0 55.0 qu’il ne les pouuoit faire mourir, ny retenir: ains

247.0 547.0 910.0 59.0 les deuoit laiſſer aller en paix:comme il fit.

476.0 62.0 604.0 59.0 DIALOGVE FI.

261.0 603.0 1022.0 64.0 .Si on vouloit ſubtilizer ſur les actiõs paſſees de

247.0 662.0 1033.0 64.0 la royne d’Eſcoſſe, & dire qu’elle eſt chargee d’a¬

247.0 722.0 1039.0 65.0 uoir fait mourir le feu roy d’Eſcoſſe ſõ mary, natiſ

248.0 782.0 1034.0 65.0 d’Angleterre: par ainſi qu’il eſtoit loiſible à la roy

248.0 841.0 1035.0 64.0 ne d’Angleterre de cognoiſtre &iuger du tort fait

248.0 901.0 1036.0 60.0 à ſon ſuiet par vn eſtrãger le trouuãt en ſa terre.

248.0 959.0 1034.0 63.0 Ce ſeroit entre gens de bon iugemẽt vne couleur

248.0 1020.0 1038.0 59.0 recerchee, pour maſquer vne charité de Cour: &

250.0 1074.0 1034.0 66.0 ne fuſt il que de ce que le feu roy d’Eſcoſſe ſe fai¬

250.0 1136.0 1036.0 63.0 ſant roy d’Eſcoſſe, quitta aſſez par la ſa naturelle

250.0 1194.0 1033.0 65.0 patrie Et la Royne meſme l’ayãt approuué pour

251.0 1251.0 1035.0 62.0 roy d’Eſcoſſe,taiſiblemẽt abdica de ſoy ſon ſuiet:

250.0 1314.0 1034.0 62.0 comme ancienemẽt les patrõs leurs ſerfs. Parainſi

252.0 1375.0 886.0 58.0 elle ne la peu tenir depuis pour ſon ſuiect.

296.0 1425.0 991.0 62.0 Et quand bien la iuſtice, le droict & la raiſon,

254.0 1488.0 1029.0 67.0 permettroyẽt de faire mourir legitimemẽt la roy

254.0 1548.0 1046.0 62.0 ne d’Eſcoſſe: encores propoſera-on à la Royne

255.0 1606.0 1033.0 65.0 d’Angleterre, pour l’eſmouuoir à grace & cõmiſe

256.0 1667.0 1034.0 59.0 ration: Premieremẽt que la royne d’Eſcoſſe eſt ſa

258.0 1724.0 1032.0 64.0 prochaine parente. I.'exẽple de Dauid enuers ſon

251.0 1782.0 1032.0 64.0 fils Abſalon: du roy Charles 5. enuers le roy Phi¬

252.0 1845.0 1038.0 60.0 lippe de Nauarre. Puis le naturel de la royne

252.0 1921.0 1040.0 47.0 d’Angietene ayai munours tegne en tene dous

255.0 1961.0 1039.0 67.0 ceur, qu’elle en eſt louee & admiree par toute la

1176.0 2029.0 118.0 44.0 terre
