1490 2441
284.0 126.0 41.0 50.0 4

506 115 591 51 DIALOSVDII.

284.0 188.0 1028.0 57.0 en leur puiſſance, que ce ſoit ce qu’ils deſiroy¬

282.0 248.0 1031.0 50.0 ent. Ainſi dy-ie m’auient il de te voir maintenãc

283.0 298.0 95.0 66.0 icy.

282.0 355.0 1037.0 65.0 Le pol. Ie t’aſſeure mon grand amy, qu’il m’auient

283.0 414.0 729.0 60.0 auſsi tout de meſme, en t’y voyant.

283.0 480.0 1033.0 55.0 L’hiſt. Si n’eſt-ce fable, ny fantoſme, nous voicy

283.0 534.0 499.0 51.0 tous deux, Dieu merci.

286 584 1030 71 Le pol. Dieu ſoit loué, qui nous a conduits à ſau¬

283 649 1033 61 ueté, & nous a faict entrerẽcontrer lors que nous

287 707 1021 63 y penſions le moins. S’il te ſemble nous en remer¬

284 763 1028 57 cierons enſemble noſtre bon Dieu, de tout noſtre

284 825 1030 59 cœur, & puis apres nous entretiendrons l’vn l’au¬

286 884 859 59 tre tout à l’aiſe du ſuccez de nos voyages.

280.0 935.0 1030.0 68.0 L’hiſt. Nous ne pouuons honeſtement laiſſer paſ¬

286.0 998.0 1026.0 57.0 ſer ceſte occaſion, de remercier bien humblemẽt

283.0 1057.0 1029.0 63.0 noſtre grand Dieu, ſans encourir le vice d’ingra¬

283.0 1114.0 1029.0 63.0 titude, l’vn des plus deſplaiſans à Dieu, & moins

282.0 1173.0 1031.0 56.0 ſouffrable entre les hommes. Mais il nous faut

280.0 1234.0 1028.0 62.0 tenir la porte cloſe, pour euiter l’inconueniẽt qui

286.0 1292.0 1026.0 55.0 nous pourroit ſuruenir, veu le lieu où nous ſom¬

282.0 1350.0 1031.0 61.0 mes: où le pur ſeruice & l’inuocation du nom de

283.0 1410.0 1030.0 64.0 Dieu (comme en tout le reſte de la Papauté) eſt

282.0 1468.0 235.0 53.0 deffendue.

280.0 1522.0 1030.0 67.0 Le pol. I’eſpere que bien toſt (comme il nous eſt

282.0 1585.0 1028.0 61.0 commandé de Dieu, expedient pour nos miſeres

280.0 1642.0 1029.0 55.0 & neceſſaire pour noſtre deuoir) il nous fera auſsi

283.0 1701.0 1026.0 63.0 permis de ſeruir Dieu par tout ouuertement. A¬

283.0 1756.0 1023.0 67.0 pres que ſa Maieſté aura fait iuſtice de la grande

280.0 1818.0 1025.0 64.0 Paillarde, quija corrompu la terte par ſa paillar¬

278.0 1876.0 1027.0 64.0 diſe, & qu’il aura vengé le ſang de ſes ſeru:teurs de

278.0 1936.0 1027.0 60.0 la main d’icelle: lors que les Rois de la terre, qui

278.0 1994.0 1023.0 63.0 ont paillardé auec elle, & ont veſcu en delices,

1133.0 2062.0 171.0 53.0 pleure-
