1410 2416
108.0 140.0 1045.0 68.0 auſsi s’eſtendoit iuſques là, comme tu ſcay, qu’il

108.0 204.0 1040.0 63.0 n’eſtoit permis au Rois de declarer, ny faire guer

110.0 264.0 1046.0 60.0 re, ny d’impoſer tribut ou ſubſides nouueauxſans

108.0 322.0 1042.0 59.0 le conſentement des trois eſtats: eſquels neant¬

115.0 381.0 1039.0 61.0 moins les gens d’Egliſe n’eſtoyent aucunement

115.0 440.0 1037.0 57.0 comprins: ains ſeulemens ceux de la Iuſtiee, ceux

114.0 495.0 1034.0 64.0 de la Nobleſſe, & le Peuple. Et eſtoit leur autho¬

115.0 557.0 1037.0 64.0 rité telle, qu’ils depoſoyent les Rois quand l’oc¬

114.0 617.0 1032.0 59.0 caſion le requeroit pour leur desbauche, inſolen¬

115.0 672.0 1035.0 64.0 ce, faineantiſe, incapacité & autres ſemblub les

116.0 730.0 176.0 63.0 choſes.

328.0 72.0 594.0 64.0 DIALOGVE II.

146.0 789.0 1008.0 55.0 Nos hiſtoires nous font mention, comme tu

118.0 845.0 1023.0 59.0 ſcay trop mieux, de huic Rois de France deſinis

123.0 907.0 561.0 60.0 par l’authorité des Eſtats.

177.0 962.0 973.0 64.0 Childeric en eſt l’vn, deſmis en l’an 469. Eu¬

118 1022 1032 59 don, l'autre deſmis vn peu apres. Vn autre Chil

116.0 1083.0 1036.0 63.0 deric, l’an 679. Theodoric l’an 696. Chilperic

119.0 1140.0 1033.0 63.0 l'an75o. Charles le Gros, l’an 8oo. Odon, l’an

122.0 1199.0 697.0 64.0 894. Charles le ſimple, l’an 926.

1089.0 78.0 57.0 66.0 87

177 1268 971 46 Quant à noſtre Charles le traiſtre, ils ne l'eut¬

119.0 1315.0 1038.0 64.0 ſent ia deſmis? il n’eſt pas vray-ſemblable: ils euſ

120.0 1374.0 1036.0 64.0 ſent eu eſgard à ſes belles vertus, à ſa pieté, à la iu

120.0 1434.0 1034.0 63.0 ſtice: ils euſſent porté reſpect à ſa mere qui peut

123.0 1497.0 1029.0 59.0 tout, & au Peron qui la ſurmonte, & gouuerne

124.0 1552.0 339.0 53.0 tout à ſon tour.

141.0 1606.0 1012.0 65.0 Mais ſi la liberté des Eſtats, n’euſt eſté oppri¬

124 1663 1028 62 mee, ils euſſent bien deſmis d’autres Rois, qu’on

126.0 1734.0 1027.0 56.0 euſt peu nommer bons, tresbons, les compa¬

128.0 1791.0 1032.0 57.0 rant aux moindres traits de ceux que Charles a

127.0 1845.0 1030.0 62.0 ioué au poure & miſerable peuple: cõme les Ro¬

128.0 1905.0 1032.0 64.0 mains demirent Tarquin à raiſon de ſes outrages

127.0 1965.0 281.0 53.0 & violences.

884.0 2016.0 119.0 61.0 f.iiii.
