1429 2446
282.0 76.0 90.0 58.0 18

274.0 146.0 1039.0 65.0 Le pol. Il eſt mort en ce ſiege là, & auec luy durãt

273.0 207.0 1039.0 63.0 le ſiege plus de cinq ou ſix mille perſonnes des en

280.0 271.0 1032.0 49.0 nemis y ont eſté tuez: ie te conteroye bien tout

282.0 328.0 1031.0 52.0 au long le commencement, le milieu & la fin de

277.0 385.0 1032.0 62.0 ce ſiege: mais ie ſerois trop prolixe, i’interrom¬

284.0 448.0 1028.0 56.0 prois mon propos & auſsi tu le pourras voirtout

280.0 500.0 1032.0 55.0 à loiſir auec le diſcours du ſiege de la Rochelle&

280.0 561.0 1032.0 60.0 de Sancerre: tout cela eſt imprimé, & ie le porte

282.0 622.0 1027.0 52.0 auec moy, ie te le monſtreray demain ſitu as loi¬

282.0 676.0 306.0 53.0 ſir de le voir.

538 66 597 67 DIALOGVE II.

277.0 736.0 1035.0 61.0 L'hi. Ie t’en prie beau Sire: mais retourne ſur ton

278.0 794.0 220.0 53.0 diſcours.

271.0 850.0 1043.0 63.0 Le pol. Comme ie te diſois, ceſte derniere reſolu

274.0 914.0 1039.0 53.0 tion des noſtres de pratiquer toute extremité de

271.0 978.0 1042.0 54.0 rigueur contre nos ennemis, auec ce qu’on les à

278.0 1030.0 1035.0 55.0 deſia bien frottex Dieu mercy par tout où ils ſõt

278.0 1089.0 1032.0 60.0 venus, reſi enera vn peu leur rage, & reſroidira leur

276.0 1146.0 1037.0 60.0 cholere. D'autre part elle enflambera le çœur

273.0 1206.0 1041.0 60.0 des noſtres, qui combattans pour la neceſsité &

276.0 1263.0 1038.0 56.0 deſtenſe d’vne bonne cauſe ſembleront des demi

269.0 1320.0 1041.0 59.0 Ceſars eſtans reſolus de bien obeir à leurs cheſs,

269.0 1384.0 1044.0 61.0 de porter patiemment les trauaux de la guerre, &

274.0 1444.0 1039.0 52.0 de vaincre ou de mourir, ſi l’on vient aux mains

274.0 1498.0 1032.0 64.0 & au combat, pluſtoſt que de iamais ſe rendre.

266.0 1560.0 1048.0 61.0 L’hi. Ilm’y a rien qui face mieux vainere, qu’vne

270.0 1617.0 1039.0 58.0 ſaincte obſtination en vn combat ou en bataille,

270.0 1675.0 1050.0 65.0 ſuppoſé que tout ſoit rengé, & que le fondement

266.0 1732.0 1051.0 65.0 ſoit bon ? il me ſemble que dix des noſtres en de¬

267.0 1796.0 1050.0 53.0 uroyent combatre cinq cens de tels volleurs, de

265.0 1854.0 994.0 52.0 uels brigands, comme ſont tous ces ſatellites.

262.0 1910.0 1058.0 57.0 Le pol. Cela eſt ſans doute: auſsi pour dire la ve¬

263.0 1971.0 1055.0 63.0 rité ils les ont tresbien eſtrillez. Or quant au 33

1155.0 2032.0 170.0 51.0 article
