1417 2428
145.0 132.0 1039.0 56.0 met le bouclier au deuant, & cela fait,elle eſt re¬

147.0 190.0 141.0 55.0 ſolue.

197.0 252.0 977.0 62.0 Chacun ſcait, que quelques mois auãt ces trou

145.0 308.0 1030.0 61.0 bles derniers, les François de la religiou monſtre

145.0 368.0 1052.0 59.0 rent bien qu’ils ſe fioyent merueilleuſement en la

149.0 427.0 1025.0 63.0 parole de celuy qu’ils cuidoyent eſtre bon Roy,

148.0 490.0 1042.0 57.0 quand ils remirent volontiers entre ſes mains,

147.0 546.0 1037.0 61.0 long temps auant le terme, les villes qu’il leur a¬

148.0 604.0 1031.0 62.0 uoit baillees pour s’y couurir cõtre les coups des

159.0 660.0 641.0 63.0 ennemis publiques de la paix.

326.0 67.0 602.0 51.0 DIALOGVE II.

175.0 721.0 1017.0 60.0 Ceſte fiance, ne pouuoit eſtre ſans grande a¬¬

145.0 779.0 1035.0 61.0 mour: ne ceſte amour, ſans fort prompte obeiſ¬

145.0 837.0 1039.0 62.0 ſance. Ils eſtoyent tous paiſibles, & auoyent tel¬

147.0 895.0 1041.0 57.0 lemeut effacé de leur eſprit toute ſouuenance de

148.0 956.0 1043.0 63.0 guerre, qu’à peine ſe ſouuenoyent-ils où eſtoyẽt.

148.0 1022.0 278.0 46.0 leurs armes.

209.0 1071.0 978.0 63.0 Le 24. d’Aouſt par le malheureux Conſeil des

151.0 1131.0 1031.0 68.0 perfides, proietté de plus longue main, ſous l’ap¬

149.0 1191.0 1030.0 66.0 paſt de banquets & nopces, les principaux d’en¬

147.0 1250.0 1039.0 58.0 tre eux furent meurtris dans le palais Royal, &

145.0 1307.0 1041.0 62.0 dans la capitalle ville du Royaume: ce maſſatre

144.0 1367.0 1038.0 65.0 fut ſuyui preſque par toutes les autres principa¬

145.0 1443.0 1041.0 38.0 les Viſſes, coneie ſa volonte du Ioy Cnarles neul¬

145.0 1486.0 1038.0 53.0 ieme, (s’il faut croire à ſes premieres letres de de

145.0 1543.0 1037.0 55.0 claration) nonobſtant que les officiers de ſa Cou

145.0 1603.0 1037.0 58.0 ronne, ſes autres ſatellites, courtilans, & archers,

145.0 1664.0 1035.0 58.0 & les gouuerneurs des prouinces (comme cha¬

145.0 1723.0 1034.0 60.0 cunſſcait) commençaſſent la tuerie, & que les par

145.0 1779.0 1035.0 63.0 lemens, & ſieges Royaux y tinſſent la main: & que

145.0 1835.0 1035.0 57.0 les maiſons de ville fiſſent, ou aidaſſent l’execu¬

147.0 1897.0 1031.0 64.0 tion: tellement qu’en l’eſpace de quelques iours,

145.0 1957.0 1038.0 64.0 tous ceux de la Religion qui ſe retrouuerent és

1101.0 79.0 90.0 49.0 105

958.0 2026.0 23.0 47.0 V
