1419 2434
139.0 141.0 1029.0 68.0 L'hi. Cela va bien. Car autrement il pourroit a¬

140.0 204.0 1030.0 58.0 uenir tout plein d’inconueniens, s’il n’eſtoit loiſi¬

140.0 266.0 1031.0 61.0 ble d’accuſer les plus grands. Et s’il n’y auoit or¬

140.0 320.0 1030.0 68.0 dre ſuffiſant eſtably pour les chaſtier, Quelqu’vn

142.0 382.0 1029.0 65.0 pourroit comploter auec l’ennemy: le peuple ia¬

137.0 439.0 1031.0 57.0 loux de ſa liberté ne pourroit que mal volontiers

139.0 497.0 1029.0 65.0 ſouffrir ſes deſportemens, on luy dreſſeroit des

139.0 555.0 1029.0 69.0 parties. Celuy là ſe voudroit preualoir de ſes a¬

137.0 616.0 1031.0 57.0 mis, on viendroit de la aux factions & partialitez

139.0 677.0 1029.0 61.0 & moyens extraordinaires, qui ſont la ruine des

135.0 732.0 1031.0 57.0 eſtats libres. Ou s’il eſtoit loiſible de calomnier

136.0 793.0 1032.0 56.0 & faire courre de faux bruits par cy par là contre

139.0 851.0 1027.0 63.0 vn chacun: comme il eſt auenu maintesfois qu’õ

135.0 910.0 1036.0 64.0 a mis à ſus aux plus gens de bien qu’ils auoyent

135.0 968.0 1035.0 63.0 deſrobé le threſor publique, à d'autres qu’ils pou

135.0 1027.0 1039.0 62.0 uoyent bien prendre vne telle ville s’ils euſſent

136.0 1087.0 1035.0 63.0 voulu, & à d’autres qu’ils ont vendu pluſtoſt que

135.0 1146.0 1032.0 64.0 rendu par ſorce vn tel chaſteau, & pluſieurs au¬

136.0 1208.0 459.0 52.0 tres telles calomnies.

301.0 86.0 626.0 49.0 DIALOGVE II.

1097.0 100.0 71.0 37.0 121

188.0 1258.0 976.0 69.0 Si, dis ie, il eſtoit impunément permis de ca¬

132.0 1318.0 1040.0 63.0 lomnier, il n’y auroit homme de bien, qui ne fuſt

132.0 1377.0 1034.0 72.0 deſgouté de ſa charge, l’ennemy ſe pourroit pre¬

133.0 1440.0 1039.0 54.0 ualoir de telles fautes, & en ſomme tout iroit en

132.0 1496.0 1039.0 64.0 cõfuſion. Comme il cuyda auenir à Rome, apres

136.0 1555.0 1034.0 62.0 que Furius Camillus l’eut deliuree des mains des

135.0 1618.0 219.0 61.0 François.

186.0 1715.0 980.0 21.0 AE10ifioiole oien que toua dec clcoyes scomsaase.

132.0 1733.0 1038.0 57.0 ſans faire tort à leur reputation deuoyent ceder

133.0 1793.0 1037.0 60.0 à la vertu de ce grand Camillus, comme de leur

132.0 1849.0 1042.0 58.0 liberateur, & à la verité auſsi chacun luy defferoit

136.0 1910.0 1035.0 62.0 volontiers le premier reng. Le ſe ul Manlius Ca¬

135.0 1972.0 1032.0 67.0 pitolinus ne pouuoit ſupporter de le voir en tel¬

869.0 2028.0 102.0 57.0 h.V.
