1440 2432
221.0 56.0 87.0 53.0 t66

223.0 127.0 1031.0 64.0 & tels ira-il viſiter qu’il voudroit deſia voir pat

225.0 187.0 1027.0 57.0 terre: leur dam, s’ils ne ſcauent choiſir l'õccaſion

224.0 247.0 519.0 65.0 que Dieu leur a ppreſte.

294.0 314.0 955.0 54.0 Or dis maintenant ie te prie ce què tu m'as en

223.0 364.0 294.0 58.0 cores à dire.

463.0 54.0 587.0 60.0 DJAEOGVETE.

224.0 424.0 1030.0 63.0 Le pol. I'en ſuis content. Apres que i’en ſeiourné

224.0 480.0 1030.0 65.0 à cauſe de mon indiſpoſition quelque temps à

225 533 1024 66 Niſmes, où nous receuions (comme ie t'ay di)

223.0 601.0 1033.0 56.0 tous les iours à force nouuelles, entendant qu’on

223.0 657.0 1031.0 63.0 traitoit la paix: & que les ambaſſadeurs Polo¬

221.0 717.0 1028.0 63.0 nois de la Religion eſtoyent en chemin pour ve¬

221.0 778.0 1029.0 58.0 nir en France, ie m’acheminay par l’auis de nos

221.0 836.0 1033.0 59.0 ſteres à Paris, où la cour du tyran eſtoit, pour voir

224.0 895.0 1029.0 60.0 vn peu ſa contenance & celle de ſes courtizans à

221.0 951.0 587.0 55.0 leur retour de la Rochelle.

274.0 1009.0 983.0 66.0 Ie trouuay à mon arriuee, qui fut ſur la fin de

217.0 1067.0 1036.0 65.0 Iuillet, que l’edit dont ie t’ay parlé eſtoit deſia iet

220.0 1130.0 1028.0 58.0 té au moule: tellement toutefois que de honte,

221.0 1186.0 1025.0 63.0 quelque meſchant & trupel lu qu’il ſoit, on ne l’o

216.0 1247.0 1030.0 60.0 ſoit point publier au Parlement ne dans Paris:

216.0 1303.0 1032.0 65.0 craignant de faſcher les Sires Pierres, & d’appre¬

216.0 1374.0 1034.0 54.0 ſter à d’autres à rire pour leur argent tout deſpen

219.0 1426.0 458.0 50.0 du meſchant ement.¬

274.0 1483.0 976.0 61.0 Cependant nos beaux aſsiegeurs eſtoyent de

214.0 1542.0 1039.0 53.0 retour à la Cour, non pas tous, non, comme il

213.0 1599.0 1039.0 65.0 faut croire: ains ſeulement les reſchappez: ie par

213.0 1660.0 1040.0 62.0 le de nos courtiſans. I'y vy les trois Rois qu’on

214.0 1719.0 1036.0 64.0 appelle: le tyran, le roy de Pologne, & le tiers, le

212.0 1778.0 1041.0 60.0 roy de Nauarre: qui pour rendre graces à Dieu

212.0 1836.0 1041.0 60.0 pour la paix ou leur deliurance, ne ceſſoyent de

208.0 1894.0 1042.0 65.0 le deſpiter & de le prouoquer à ire par leur laſci¬

208 1963 935 51 ue puanteur & autres tels Sardanapaliſmes.

1193.0 2007.0 64.0 61.0 Ie
