1422 2424
234.0 64.0 89.0 61.0 188

233.0 130.0 1016.0 61.0 refuſent point la peine. Les laſches & eſtourdis

231.0 191.0 1010.0 62.0 ne ſcauẽt ny endurer le mal,ny recouurer le biẽ,

233.0 250.0 1017.0 61.0 & s’arreſtent en cela de le ſouhaiter. La vertu

234.0 307.0 1016.0 66.0 d’y pretendre leur eſt oſtee par celle laſcheté: le

234.0 368.0 1019.0 62.0 deſir de l'auoir, leur demeure par la nature. Ce

233.0 425.0 1020.0 65.0 deſir, ceſte volõté, eſt commune aux ſages & aux

233.0 487.0 1016.0 62.0 indiſcrets, aux courageux, & aux couards, pour

233.0 545.0 1020.0 62.0 ſouhaiter toutes choſes, leſquelles eſtans acqui

231.0 603.0 1023.0 62.0 ſes, les rendront heureux & contens. Vne ſeule

227.0 662.0 1029.0 61.0 choſe en eſt à dire, en laquelle, ie ne ſcay comme

233.0 721.0 1024.0 61.0 nature defaut aux hommes pour la deſirer, c’eſt

233.0 778.0 1021.0 67.0 la liberté, qui eſt toutefois vn bien ſi grand & ſi

237.0 840.0 1016.0 60.0 plaiſant, qu’elle perdue, tous les mauxvienent à

233.0 899.0 1020.0 61.0 la ſile, & les biens meſmes qui demeurent apres

231.0 957.0 1015.0 63.0 elle, perdent entierement leur gouſt, & ſaueur,

233.0 1018.0 598.0 62.0 corrompus par la ſeruitude.

457 54 596 73 DIALOGVE II.

285.0 1069.0 972.0 60.0 La ſeule liberté, les hommes ne la deſirent

238.0 1129.0 1016.0 68.0 point,non pas pour autre raiſon (ce ſemble) ſi¬

233.0 1190.0 1024.0 63.0 non que s’ils la deſiroyent, ils l’auroyent: comme

231.0 1245.0 1021.0 70.0 s’ils refuſoyent faire ce bel acquet, ſeulemẽt par

231.0 1304.0 451.0 68.0 ce qu’il eſt trop aiſé.

292.0 1365.0 973.0 65.0 Poures & miſerables François, peuple inſen¬

231.0 1424.0 1023.0 64.0 ſé!nation opiniaſtre en ton mal, & aueuglee en

233.0 1484.0 1017.0 61.0 ton bien! vous vous laiſſez emporter deuãt vous

231.0 1540.0 1019.0 67.0 Ie plus beau, & le plus clair de voſtre reuenu, pil¬

231.0 1599.0 1021.0 65.0 ler vos chãps, voller vos maiſons, & les deſpouil

233.0 1660.0 1015.0 63.0 ler de meubles anciens & paternels, vous viuez

233.0 1723.0 1016.0 59.0 de ſorte, que vous ne vous pouuez vãter que rien

235.0 1778.0 1018.0 62.0 ſoit à vous. Et ſembleroit que meshuy, ce vous

235.0 1838.0 1013.0 62.0 ſeroit grãd heur, de tenir à meſtayrie vos biens,

235.0 1896.0 1017.0 62.0 vos familles, & vos vies. Et tout ce deſgaſt, ce

235.0 1958.0 1017.0 62.0 mal-heur, ceſte ruine, vous vient non pas des en

1091.0 2013.0 155.0 68.0 nemis,
