1436 2423
219.0 88.0 54.0 56.0 ya

272.0 149.0 972.0 62.0 Toutes les autres villes de la France pareille¬

204.0 209.0 1042.0 54.0 rent ſont ſoumiſes ſous des conditions & auec

204.0 270.0 1043.0 63.0 ſpeciaux priuileges, qu’on leur a iuté & promis.

204.0 327.0 1036.0 62.0 Puis que celuy a qui elles ſont ſoumiſes, n’obſer¬

204.0 397.0 1040.0 53.0 ue ce qu’il a promis. & qu’il n’y a point de moyen

203.0 448.0 1045.0 59.0 d’auoir vn iuge, pourquoy ne leur ſera-il loiſible

204.0 503.0 1044.0 54.0 de ſe diſtraire de telle ſuiection? Et de ſe faire à

207.0 564.0 1041.0 53.0 vn beſoin iuſtice à eux-meſmes de tant de concuſ

200.0 623.0 1043.0 58.0 ſions, extorſions, violences, paillardiſes, cruautez,

200.0 681.0 1043.0 59.0 trahiſons & autres telles infametez, deſquellesles

202.0 737.0 1042.0 63.0 beigans & volleurs abuſans du ſacré nom de Roy,

203.0 800.0 1037.0 53.0 de Pieté & de iuſtice, commettent en leur en¬

208.0 857.0 163.0 58.0 droict.

455.0 84.0 579.0 53.0 DIADOGVE II.

238.0 914.0 1009.0 61.0 Ioram fils de Ioſaphat ayant ſuccedé à ſon pe¬

199.0 973.0 1048.0 60.0 re au royaume de Iuda, introduiſit les dieux eſtrã

202.0 1032.0 1042.0 61.0 ges & le ſeruice des Idoles parmi le peuple. Lo¬

200.0 1094.0 1044.0 55.0 bna-ville ſacendotale en luda voyant cela, ſe reti¬

198.0 1149.0 1044.0 61.0 ra de luy pour ne plus eſtre ſous la main de Iorã:

204.0 1226.0 1040.0 44.0 pources ce dſt TEſeripcure, qu'il aadont delaſſie

198.0 1268.0 920.0 61.0 Dieu le Seigneux de ſes peres. 2.Chron.21.

251.0 1328.0 992.0 61.0 Il n’y a nulle doute qu’entre nous, les loix di¬

196.0 1386.0 1043.0 62.0 uines ne doiuent eſtre eu plus grand poix & eſti¬

198.0 1449.0 489.0 55.0 me que les humames.

219.0 1503.0 1023.0 61.0 Le Magiſteat eſt eſtably pour eſtre en te rreur

195.0 1561.0 1048.0 63.0 auxtneſchans. Ceux-là ſont plus meſchans, qui

195.0 1623.0 1051.0 59.0 violent les loix diuines, que ceux qui ſimple ment

193.0 1683.0 1057.0 49.0 coutreuienent aux foix humaines. Or s’il eſt.

195.0 1739.0 1048.0 63.0 permis de ſe ſouſtraire du magiſtrat violant la po

193.0 1799.0 1053.0 62.0 lice humiine, à plus forte raiſon de celuy qui a

191.0 1857.0 1055.0 53.0 violé toutes choſes ſaintes, voire l'humanité meſ

191.0 1916.0 1046.0 61.0 mes, qui a deſpouillé toutes affections naturelles,

189.0 1976.0 1051.0 64.0 ſecoué entant qu’en luy eſt toutiouget cognoiſ¬

1105.0 2033.0 132.0 53.0 ſance
