1459 2440
288.0 83.0 61.0 67.0 84

287.0 153.0 1048.0 63.0 quantes qu’il s’en deſuoye: quand de bon prince

284.0 208.0 1040.0 67.0 il deuien? Charles 9. quand ſeulement il prepo¬

287.0 271.0 1043.0 59.0 ſe ſon priuë au public : augmentant auec le detri¬

288.0 328.0 1046.0 61.0 meut du peuple ſes coffres & teuenus: lors l’obli¬

294.0 387.0 1040.0 63.0 gation du coſté du peuple eſt rompue: lors eſt le

294.0 445.0 1040.0 66.0 peuple de liuré de ce qu’il deuoit à ſon Roy. Ne

296.0 506.0 1032.0 60.0 pouuant l’Empire & gouuernement eſtre dit iu¬

288.0 566.0 1046.0 60.0 ſte & legitime, auquel l'on a tellement eſgard au

286.0 624.0 1044.0 60.0 bien particulier du Prince qu’on en vient à inter¬

284.0 680.0 765.0 64.0 eſſer le public de tout le Royaume.

541.0 81.0 588.0 61.0 DFALOGVE II.

340.0 736.0 996.0 67.0 Outre ce que dict eſt, il faut qu’vn Roy ſoit le¬

290.0 797.0 1042.0 65.0 gitimement appellé à la Royauté, ſelon les cou¬

287.0 856.0 1041.0 67.0 ſtumes &loix du pais, pour pouuoir eſtre dit Roy

283.0 916.0 1045.0 65.0 legitime. Autrement s’il vient à vſurpet le ſcep¬

280 969 1050 63 tre, il ſe rend indigne du titre & des priuileges d’ũ

287.0 1031.0 1044.0 65.0 Roy Cecy ſoit dit tout en paſſant, en faueur de

284.0 1092.0 1046.0 61.0 ceux de Lorraine: ſur leſquels, comme tu ſcay mi

284.0 1152.0 1047.0 61.0 eux, les predeceſſeurs de nos Valois ont vſurpé la

292.0 1213.0 263.0 53.0 Couronne.

301.0 1270.0 1033.0 61.0 Or les Rois ſont appellez au royaume, ou par

287.0 1327.0 1048.0 61.0 ſucceſs ion en lieux où le droit de regner eſt tranſ

291.0 1386.0 1039.0 60.0 mis aux heritiers: ou par election: ou par ſucceſ¬

288.0 1442.0 1042.0 61.0 ſion & par election tout enſemble. Ceſte der¬

286.0 1503.0 1045.0 59.0 niere façon de creer les Rois eſt metueilleuſemẽt

287.0 1560.0 1043.0 65.0 à l’auantage & benefice du peuplé: eſtant choſe

286.0 1621.0 1044.0 59.0 tout aſſeuree que là où le droit de ſucceſsion eſt

286 1677 1044 65 ſimplement obſerué, le plus ſouuent la Royauté

288.0 1739.0 1043.0 61.0 eſt tranſporteë à perſonnes indignes, d’où ſort v¬

286.0 1798.0 1041.0 53.0 ne infinité de malheurs & deſaſtres, nous l’auons

287.0 1857.0 1041.0 51.0 veu; nous le ſauons nous le ſentons ſhous ne ſõ¬

286.0 1914.0 1037.0 63.0 mes ladres. Là où l’election ſeule eſt pratiquee,

290.0 1975.0 1038.0 62.0 en baille entree aux ſeditions & partialitez, deſ¬

1186.0 2036.0 140.0 66.0 quel¬
