1429 2447
281.0 93.0 82.0 43.0 150

311.0 149.0 980.0 65.0 Mais le tyran leur reſpondant en vn moi leur

281.0 209.0 1012.0 57.0 dit qu'il n'auoit riea promis de cela, ni auſſi don

281.0 270.0 1017.0 63.0 nè charge à perſohne de leur en rien proineture:

280.0 330.0 1010.0 64.0 les Polonoys oyans vn tel langage, & voyans là

281.0 386.0 1007.0 63.0 l'Eueſque preſent, le ſommerent de ſa promeſſe

280.0 447.0 1013.0 64.0 luy firent recognoiſtteſon ſeing appoſé au bas

277.0 507.0 1013.0 61.0 des articles, & luy ayans demandé; qu'il diſt au

280.0 564.0 1010.0 62.0 vray, comme il en alloit. Il eonſeſſa d’auoir ſigné

276.0 619.0 1008.0 67.0 les articles, mais que ç’aoit eſté ſans charge ny

277.0 681.0 1014.0 62.0 mandement, conſiderant que s’il ne les ſignoit,il

277.0 740.0 1013.0 66.0 ne pouuoit venir à bout de ſa charge à ſon hon¬

276.0 804.0 130.0 47.0 fieur.

524.0 81.0 576.0 63.0 DIALOGVE II.

297.0 852.0 994.0 66.0 E L'hi. O quel honneur, traiſtre pariure! hé

274.0 914.0 1019.0 56.0 comme il meriteroit bien dés eſtriuleres en qui¬

277.0 976.0 118.0 51.0 ſine.

323.0 1031.0 963.0 64.0 Le pol. Tout cela luy fut reproché en la pre¬

274.0 1088.0 1016.0 64.0 fence du tyran par les Polonoys, leſquels irri¬

276.0 1158.0 1017.0 55.0 tez d’vn ſrdeſſoyal patelinape, le partirent de la

277.0 1207.0 1017.0 68.0 preſence du tyrun ſans luyrien dite dauantage:

277.0 1258.0 274.0 69.0 de te iour-là

296.0 1320.0 998.0 66.0 L'hi. A diré la verité, humainement parlant,

270.0 1377.0 1023.0 62.0 le tyraneuſt eſté vn grand ſot d'auouei en c'eſt

271.0 1436.0 1027.0 67.0 endroit-là mõſieur l’Eueſque auec ſa mitre. Cai¬

271.0 1496.0 1024.0 68.0 de là ſenſuyuroir ſi les arricles s'obſeruorẽt, qõ¬

271.0 1556.0 1023.0 68.0 me il eſt treſtaiſonnable & expediẽt pour le hieul

270.0 1616.0 1031.0 66.0 de paix, que menſieur le vyran, ſa mere, ſon fiere,

269.0 1677.0 1032.0 57.0 ſon beau pere, ſe Peron ſes autres conſeillers &

269.0 1734.0 1024.0 68.0 ſuppoſte ſeroyeut traitez, comme mencont les

270.0 1797.0 1033.0 64.0 plus laſches & villains meurtriers, que le diable

271.0 1852.0 1030.0 70.0 dei amais mis erf beſongne depuis Cayn auſ¬

273.0 1912.0 267.0 74.0 quà preſent.

322.0 1969.0 981.0 76.0 Le pol. Cela eſt certain. Voila pourquoy ayãt

1150.0 2029.0 134.0 74.0 penſé
