1421 2423
153.0 149.0 1047.0 66.0 ne s’y fieront iamais: Qu’ils s’esbahiſſent comme

150.0 223.0 1046.0 52.0 c’eſt que les deſuncts, (deſquels la memoire leur

152.0 269.0 1042.0 62.0 eſt honorable) apres auoir eſté tant de fois tra¬

150.0 328.0 1047.0 56.0 his, s’eſtoyent, encores à ceſte fois, oſé ſier aux

152.0 389.0 1045.0 55.0 meſmes traiſtres. Qu’ils donnent par aduis aux

149.0 448.0 1047.0 59.0 ſuruiuãs de nos freres, de ne iamais plus s’endor¬

150.0 507.0 1042.0 61.0 mir aux paroles de Charles, ny des ſiens, & ne ia¬

150.0 568.0 1043.0 59.0 mais plus mettre bas les armes (que Dieu, & vne

152.0 623.0 1038.0 56.0 iuſte, & legitime deffenſe leur ont mis en main.)

153.0 686.0 1041.0 62.0 Que quant à eux, ils s’armeroyẽt volontiers pour

152.0 747.0 1040.0 60.0 nous:mais leurs gens ne marchent pas ſans argẽt,

150.0 802.0 1046.0 64.0 & nous n’auons pas les moyẽs. d’en ſoutnir: qu’il

152.0 861.0 1042.0 62.0 ſeroyent bien aiſes de trouuer de ’argent, pour

152.0 919.0 1046.0 55.0 ſoire vne bonne leuee de Reyſtres: mais ils ne ſca

153.0 979.0 1037.0 62.0 uoyent où en prendre, & leurs gens ſont mercc¬

152.0 1039.0 1042.0 64.0 naires, regardans moins à Dieu, qu’à l’argent, cõ¬

149.0 1098.0 1047.0 58.0 me nous auons peu voir és troubles paſſez de la

150.0 1154.0 1043.0 56.0 France, où il y auoit des leurs aſſez, d’vne meſme

148.0 1215.0 1039.0 63.0 religion, ſeruans ſans aucune conſcience, ne hon¬

149.0 1276.0 836.0 52.0 te à deux maiſtres diuers, & contraires.

348.0 87.0 617.0 50.0 DIALOGVE II

1147.0 115.0 26.0 34.0 3

206.0 1335.0 984.0 62.0 Pour le dire en vn mot, ãpres beaucoup de pa¬

148.0 1393.0 1041.0 54.0 roles,ils m’ont traité, comme l'on traite commu¬

146.0 1451.0 1044.0 60.0 nément les poures, mendians l’aumoſne à la por¬

146.0 1508.0 1041.0 64.0 te des riches: Ie vois bien qu’il y a pitié en vous.

148.0 1570.0 1041.0 61.0 (ce leur dit-on) mais ie n’ay pas que vous donner.

149.0 1628.0 1041.0 55.0 Allez de par Dieu, Dieu vous ſoit en aide: Voila

145.0 1690.0 1041.0 61.0 comme ils m’ont renuoyé, à mon grand regret, à

145.0 1745.0 1038.0 61.0 baſt vuide. Voyant cela, apres les auoir menacez

145.0 1806.0 1041.0 61.0 derechef des iugemens de Dieu, qui ne peut lon¬

148.0 1863.0 1038.0 59.0 guement ſouffrir vne telle laſcheté, en ceux qui ſe

145.0 1923.0 1038.0 63.0 renomment ſiens, qui ne peut ſouſfrir, l’Empir e

146.0 1981.0 1028.0 66.0 de ceux-là demourer de bout, qui laiſſent fouler

891.0 2043.0 97.0 55.0 d.V.
