1429 2445
167.0 154.0 619.0 66.0 pour luy empeſcher l’entree.

221.0 254.0 970.0 24.0 adesdele fese le drallese, Jas dlis Cess

167.0 273.0 1018.0 62.0 violence: mais quelques gallands de maiſtres ſer

164.0 330.0 1023.0 59.0 uiteurs, qui ſous l’authorité du maiſtre le veulent

163.0 392.0 1024.0 61.0 tuer, il n’y a doute que la loy ne luy permette en¬

161.0 448.0 1027.0 62.0 cores dauantage. Et ſi on luy dit, qu’il ouure har¬

163.0 509.0 1029.0 62.0 diment, qu’on ne luy fera point de mal, & qu’il

160.0 566.0 1025.0 54.0 refuſe de ce faire tãt qu’on a des armes à la main¬

157.0 627.0 1030.0 58.0 Il n’y aura aucun qui le condamne: d’autant qu’en

157.0 684.0 1039.0 61.0 l'eſpouuantement où il eſt reduit, ne pouuant,

156.0 744.0 1027.0 60.0 s’il ouure, & qu’on le vueille tromper, auoir re¬

154.0 800.0 1045.0 67.0 cours qu’à ſe ietter par les feneſtres, il ne peut e¬

156.0 858.0 1029.0 65.0 ſtre aſſeuré qu’on n’ait point de volonté de luy

154.0 922.0 1031.0 61.0 nuire, tant qu’il voit qu’on en retient les moyens

153.0 978.0 257.0 51.0 en ſa main¬

317.0 92.0 627.0 47.0 DIALOGVE II.

211.0 1029.0 972.0 68.0 Or les Rois, quand ils ſont bons, ſont appel¬

150.0 1092.0 1030.0 65.0 lez Peres du peuple, & par éonſequent ils doy¬

152.0 1155.0 1029.0 52.0 uent traiter leurs ſuiets comme enfans. Et la loy

150.0 1212.0 1037.0 56.0 qui donnoit aux Maiſtres puiſſance de vie & de

148.0 1268.0 1029.0 64.0 mort ſur les eſclaues, (qui depuis fut fort mode¬

150.0 1331.0 1030.0 59.0 ree par les Empereurs) n’eut oncques lieu ſur les

150.0 1401.0 1026.0 48.0 enfans. Dont appert qu’en ce cas, il eſt beau¬

149.0 1449.0 1030.0 60.0 coup plus permis aux enfans, qu’aux eſclaues:

150.0 1506.0 1027.0 61.0 & plus requis des Peres que des Maiſtres s eſtant

148.0 1564.0 1025.0 61.0 choſe toute aſſeuree que les ſuiets doyuent eſtre

148.0 1624.0 733.0 56.0 tenus en autre reng que d’eſclaues.

1104.0 107.0 77.0 39.0 107

202.0 1681.0 979.0 63.0 Quel ſera donc l’office d’vn Pere en ceſt en¬

146.0 1737.0 1026.0 65.0 droit, d’vn pere(dis-ie s’ainſi le faut nommer) que

146.0 1795.0 1024.0 57.0 les enfans; de la bonté deſquels il a ſi ſouuent a¬

146.0 1856.0 1026.0 63.0 buſé, ne redoutent pas ſans grande occaſion, voy¬

145.0 1916.0 1025.0 54.0 ans leurs freres :out freſchement morts deuant

145.0 1976.0 1025.0 56.0 leurs yeux? Sera-ce ſeulement de leur monſtrer
