1389 2442
135.0 160.0 1006.0 71.0 luy obeir & ſe fier tant de luy que de luy donbier

134.0 226.0 1009.0 61.0 quelque auantage ( le ne ſcay ſi ce ſera ſageſſe

133.0 279.0 1007.0 64.0 de l’oſter de là où il faiſoit bien pour l’auancer

134.0 340.0 1010.0 61.0 en vn lieu où il pourra mal-faire) mais il ne

135.0 397.0 1010.0 64.0 peut faillir d’y auoir de la bonté du coſté de ceux

133.0 457.0 1008.0 62.0 qui l’eſſeuent, de ne craindre point mal de ce¬

135.0 519.0 678.0 61.0 luy de qui on n’a receu que bien.

327.0 105.0 603.0 52.0 DIALOGVE TI.

188.0 573.0 957.0 63.0 Mais bon Dieu! Que peut eſtre cela? Com¬

131.0 630.0 1010.0 68.0 ment pourrons-nous dire que cela s’appelle?

131.0 689.0 1013.0 68.0 Quel ma l'heur eſt celuy-la? Quel vice? ou pluſ¬

131.0 770.0 1012.0 42.0 toit, quermai-nenicua vice, von vnnomore mll¬

130.0 807.0 1011.0 66.0 fini de perſonnes, non pas obelr, mais ſerujr, non

135.0 872.0 1010.0 64.0 pas eſtre gouuernees, mait tyranniſees: n’ayans

131.0 926.0 1014.0 61.0 ni biens, ni parens; ni femme, ni enfans, ni leur

133.0 983.0 1011.0 65.0 vie meſmes qui ſoit à eux. Souffrir les paillardi¬

133.0 1045.0 1011.0 60.0 ſes, les pilleries, les cruautez, non pas d’vne ar¬

130.0 1101.0 1022.0 68.0 mee, non pas d’vn campBarbare, contre lequel il

131.0 1159.0 1019.0 63.0 faudroit deſpendre ſon ſang & ſa vie, mais d’vit

131.0 1216.0 1014.0 63.0 ſeul, non pas d’vn Hercule, ne d’vn Samſon, mais

133.0 1272.0 1015.0 69.0 d'vn ſeul hommeau le plus laſche & femelin de

131.0 1332.0 1019.0 64.0 toute la nation. Non pas accouſtumé à la pou¬

131.0 1391.0 1016.0 64.0 dre des batailles, mais encores à grand peiné au

131.0 1450.0 1016.0 66.0 ſable des tournois. Non pas qui puiſſe par force

135.0 1511.0 1010.0 54.0 commãder aux hommes, mais tout empeſché de

133.0 1569.0 1015.0 63.0 feruir vilemẽt à la moindre femellette. Appellé¬

133.0 1629.0 1014.0 60.0 rõs-nous cela laſcheté? Dirons nous que ceux-la

134.0 1689.0 1010.0 63.0 qui ſeruent à vn ſi laſche tyran ſoyent couars &

133.0 1748.0 203.0 50.0 recreuz?

1068.0 128.0 72.0 49.0 482

191.0 1800.0 956.0 68.0 Si deux, ſi trois,ſi quatre ne ſe defendent d’vn,

135.0 1859.0 1008.0 67.0 cela eſt eſtrange & poſſible pourra-l’on biẽ dire

138.0 1919.0 1006.0 71.0 lors à bon droit que c’eſt faute de cœur. Mais ft

877.0 1992.0 58.0 66.0 mn

970.0 1990.0 17.0 63.0 A
