1424 2426
129.0 146.0 1028.0 58.0 L'hiſt. Ie ſerois content de t’ouyt diſcourir ſur te

129.0 207.0 1029.0 65.0 ſte matiere, s’il te plaiſoit prendre la peine de la

129.0 266.0 1029.0 60.0 traiter naifuement, ſelon la conſcience & l’eſtat.

137.0 324.0 1018.0 66.0 Tu ſcais qu’il y a pluſieurs conſciences de timi¬

129.0 382.0 1026.0 68.0 des ſcrupuleux, qui font eſtat de ſe laiſſer frapper

129.0 446.0 727.0 52.0 & de tendre auſsi toſt l’autre ioue.

284 70 620 66 DIALOGVE II.

128.0 501.0 1029.0 65.0 Le pol. C’eſt tresbien fait à des priuez, & pour des

128.0 562.0 1029.0 60.0 iniures priuees de patienter &de ſouffrir, pluſtoſt

128.0 621.0 1026.0 56.0 que de rendre la pareille: mais en ce fait il ya bien

128.0 686.0 250.0 47.0 autrement.

122.0 735.0 1030.0 65.0 L’hi. Ie le ſcay bien, & ne ſuis pas ſigrue, que ie

124.0 799.0 1034.0 59.0 ne ſache comme il s’y faut porter. Et ne doute

122.0 853.0 1030.0 60.0 non plus qu’il ait eſté & qu’il ſoit loiſible à nos

120.0 912.0 1030.0 65.0 freres de ſe garder contre l’inuaſiõ du Tyran, que

121.0 975.0 1029.0 60.0 contre brigans & volleurs, contre des loups &des

120.0 1028.0 825.0 65.0 ſangliers, ou autre beſte plus farouche.

1104.0 80.0 55.0 67.0 75

175.0 1089.0 976.0 66.0 Ie dy d’auãtage auec l’ancien peuple Romain:

120.0 1151.0 1030.0 60.0 que d’entre tous les actes genereux, le plus illu¬

118.0 1208.0 1029.0 61.0 ſtre & magnanime eſt, d’occire le Tyran: eſtant,

118.0 1268.0 1028.0 54.0 comme tresbien le monſtre Ciceron, vn tel acte,

121.0 1326.0 1022.0 60.0 quand bien il ſera executé par vn familier du tyrã,

125.0 1384.0 1022.0 55.0 tout plein d'honeſteté & de bien ſeance, conioin¬

118.0 1440.0 1032.0 64.0 cte auec le ſalut & l’vtilité de la choſe publi¬

121.0 1502.0 1027.0 60.0 que. Mais ce qui me fait deſirer d’entendre de ta

117.0 1560.0 1029.0 61.0 bouche la reſolution de ce faict: c’eſt pour me

120.0 1622.0 1024.0 58.0 ſeruir des argumens, authoritez & exemples deſ¬

114.0 1680.0 1032.0 59.0 quels ie ſcay que tu abondes, à confermer les timi

114.0 1737.0 654.0 62.0 des, & reſoudre les ſcrupuleux.

114.0 1797.0 1038.0 61.0 Le pol. S’il faut que ie traite ce point, ie crain d'eſ

117.0 1858.0 1027.0 54.0 garer ta memoire de ton diſcours encommencé.

114.0 1916.0 1032.0 59.0 L’hi. Point, poït, ne crain pas que ie laiſſe d’y reue

113.0 1974.0 1031.0 65.0 nir, i’auray fait ẽ deux pas & vn ſaut, Mais cõmẽce
