1403 2441
151.0 147.0 1005.0 71.0 puis qu’il eſt touſiours en ſa puiſſãce d’eſtre mau

150.0 212.0 1008.0 53.0 uais quãd il voudra, & d'auoir pluſieurs tels mai

146.0 271.0 1011.0 53.0 ſtres: c’eſt autant qu’on en a eſtre autant de fois

146.0 326.0 1010.0 57.0 extrememẽt mal-heureux. Mais ie ſcaurois volõ

130.0 387.0 1027.0 63.0 tiers, comine il ſe peut faire que tant d’hommes,

143.0 446.0 1008.0 65.0 tant de bourgs,tãt de villes & tant de prouinces,

141.0 512.0 1019.0 60.0 endurẽt ſi long tẽps vn tyran ſeul, qui n’a moyen

143.0 564.0 1017.0 67.0 que celuy qu’on luy donne, qui n’a puiſſance de

142.0 623.0 1018.0 60.0 leur nuire, ſinõ tant qu’ils ont vouloir de l'endu¬

141.0 680.0 1019.0 63.0 rer, qui ne ſcauroit leur faire mal aucũ, ſinõ alor¬

141.0 739.0 1016.0 63.0 qu’ils ayment mieux le ſouffrir que luy contredi¬

141.0 794.0 951.0 68.0 re? Tant plus i’y penſe, plus i’en ſuis esbahy.

314.0 94.0 615.0 48.0 DIALOGVE TI.

198.0 854.0 971.0 65.0 L’hi. Et moy de meſmes, ie t’aſſeure. Mais ie

141.0 918.0 1020.0 62.0 te prie, mon grand amy, que i’aye ce bien main¬

141.0 973.0 1016.0 65.0 tenant de t’ouyr ſur ceſte matiere, faire vn peu

139.0 1032.0 1014.0 65.0 le preſtre Martin. Ce ſuiet eſt propre à ce temps

138.0 1090.0 1018.0 65.0 & ie ſcay bien que tu l’entens auſſi bien qu’hom

142.0 1151.0 1012.0 58.0 me de noſtre aage. Commence,ie t’eſcouteray,

142.0 1206.0 710.0 61.0 i'ayme mieux veiller toute nuict.

1074.0 113.0 83.0 34.0 101

199.0 1263.0 957.0 67.0 Le pol. I'en ſuis content: auſſi bien y a il long

141.0 1324.0 1017.0 66.0 temps que i'en ſuis ſi gros, que ie creue d’onuie

143.0 1381.0 1017.0 65.0 que i’ay d’enfanter ce que ie ſens de c’eſt affaire:

142.0 1438.0 1018.0 65.0 Mais ie proteſte bien que ie n’en parleray point

142.0 1501.0 1016.0 66.0 comme les Huguenots en parlent, ils ſont trop

141.0 1559.0 1020.0 66.0 doux & trop ſeruiles : i’en parleray tout ample¬

146.0 1620.0 1016.0 61.0 ment en vray & naturel François, & comme vn

146.0 1674.0 1014.0 68.0 homme peut parler des choſes ſuiettes à ſon iu¬

149.0 1738.0 1013.0 62.0 gement, voire au ſens commun de tous hõmes:

141.0 1795.0 1020.0 65.0 afin que tous nos Catholiques, nos pãtrio¬

151.0 1851.0 1011.0 59.0 tes & bons voiſins & tout le reſte des François

149.0 1909.0 1013.0 69.0 qu’on traite pire que les beſtes, ſoyent eſueillez

151.0 1970.0 1009.0 73.0 à ceſte fois pour recoguoiſtre leurs miſeres, &

848.0 2036.0 108.0 63.0 m i
