1437 2428
222.0 60.0 96.0 60.0 106

223.0 134.0 1027.0 54.0 villes furent miſerablement mis à mort: encores

219.0 195.0 1029.0 58.0 toutes ſois ne priſmes-nous pas les armes: mais

221.0 250.0 1025.0 64.0 partie de nous fe contenta de fuyt, partie de fer¬

222.0 314.0 1027.0 58.0 mer la porte, par vn mouuemẽt naturel, àla mort

222.0 374.0 478.0 58.0 qui nous pourſuyuoit.

469.0 68.0 576.0 52.0 DIALOGVE II.

256.0 426.0 989.0 62.0 Finalement quelques vns de nos freres, fon¬

225.0 486.0 1023.0 58.0 dez ſur leſdictes letres que le roy Charles auoit

221.0 569.0 1031.0 36.0 elerites, elquenes iracclaront, quecena de Sujies

218.0 613.0 1043.0 50.0 auoyent commencé ces tueries à Paris, pour pre

222.0 665.0 1032.0 62.0 uenir la vengeance que l’Amiral reguary euſt peu

221.0 717.0 1027.0 65.0 faire de ſa bleſſeure, ou ſes amis, pour l’indigna¬

222.0 781.0 1040.0 53.0 tion qu’ils en receuoyent, & ſur quelques autres

222.0 837.0 1028.0 61.0 declarations qu’il faiſoit, que ces Maſſacres auoy

223.0 895.0 1029.0 55.0 ent eſté faits contre ſa volonté, & qu’il en feroit

223.0 953.0 1026.0 64.0 la punition, ſe reſolurent de deffendre leurs por¬

223.0 1018.0 1041.0 58.0 tes,contre ceux qui auec groſſes armees venoyẽt.

229.0 1073.0 1020.0 65.0 pour leur coupper la gorge dans lents maiſons:

225.0 1129.0 1036.0 66.0 & apres infinies proteſtations, voyans les glaiues

228.0 1191.0 1028.0 60.0 teints du ſang de nos freres, appreſtez contre le

228.0 1249.0 1036.0 59.0 leur, cercherent les moyens de s’en parer, & ſe

228.0 1307.0 980.0 60.0 couurir au moins mal qu’il leur fut poſsible.

230.0 1366.0 1026.0 63.0 Dont il appert que nous auons prins les armes

232.0 1425.0 1026.0 60.0 pour nous deffendre, &non pour offenſer autruy,

232.0 1482.0 1030.0 66.0 & que par conſequent c’eſt à ceux qui pourſuy-

232.0 1543.0 1036.0 60.0 uent noſtre mort, de mettre les armes bas les pre

234.0 1602.0 155.0 51.0 miers.

291.0 1655.0 978.0 67.0 La loy ciuile permet à l’eſclaue, pourſuyui par

232.0 1717.0 1040.0 62.0 ſon maiſtre courroucé, l’eſpee au poing, preſt de

232.0 1779.0 1036.0 56.0 la luy mettre, au trauers du corps, de luy fermer

232.0 1835.0 1036.0 56.0 la porte de ſa chambre meſme, pour s’y ſauuer: &

230.0 1891.0 1030.0 63.0 s’il la veut forcer, de la barrer le mieux qu’il peut:

229.0 1951.0 1040.0 65.0 & s’il l’efforce plus outre, de ſe mettre cõtre luy,

1144.0 2020.0 118.0 59.0 pour
