1473 2440
299.0 83.0 34.0 67.0 32

291.0 146.0 1031.0 55.0 dont apres l’ire des dieux (comme ils diſent) fut

287.0 212.0 1035.0 55.0 telle contre Rome, qu’ils donnerent la Cité en

288.0 265.0 1030.0 61.0 proye aux François, & ne leur reſta de tout leur

284.0 325.0 1031.0 64.0 Empire que la petite tour du Capitole. Dema¬

283.0 382.0 1039.0 55.0 des ambaſſadeur des Atheniens à Antipater, eſ¬

280.0 444.0 1038.0 60.0 criuoit des letres à Antigonus, pour venir pren¬

283.0 500.0 1038.0 63.0 dre Macedoine & l’Empire de Grece qu’il aiſoit

282.0 562.0 1036.0 64.0 ne tenir qu’à vn filet vieil & pourry, pource que

283.0 618.0 1035.0 58.0 Antipater eſtoit vieil. Caſſander le fit mourir cõ

284.0 677.0 1042.0 56.0 me traiſtre. Les ambaſſadeurs des Perſes venus à

283.0 738.0 1038.0 60.0 Amyntas, roy de Macedone, voulurent violer ſes

283.0 795.0 1035.0 61.0 concubines: Alexander ſon fils leur ſuppoſa des

286.0 858.0 1032.0 58.0 garſons qui les tuerent. Antonius fit donner les

282.0 913.0 1036.0 56.0 eſtriuieres à vn ambaſſadeur de Ceſar, & apres le

282.0 970.0 1035.0 68.0 luy enuoya, diſant qu’il auoit parlé trop ſuperbe¬

283.0 1030.0 1029.0 66.0 ment. Que ſi le ſenat Romain a iugé les ambaſ¬

283.0 1091.0 1032.0 59.0 ſadeurs des Tarquins eſtre inuiolables par le

283.0 1149.0 1032.0 66.0 droict des gens, combien qu’ils euſſent conſpiré

282.0 1209.0 1035.0 63.0 contre la Republicque: ç’à eſté parce qu’ils ne

282.0 1267.0 1033.0 65.0 faiſoyent autre, que la charge que leur maiſtre

280.0 1327.0 1031.0 59.0 leur auoit baillee: mais ils en voulurent bien pu¬

279.0 1384.0 1036.0 62.0 nir le maiſtre de ce qu’ils pouuoyent: Car com¬

278.0 1443.0 1037.0 64.0 bien que auparauant ladicte conſpiration le Se¬

279.0 1503.0 1036.0 61.0 nat euſt accordé de rendre aux Tarquins tous

280.0 1560.0 1034.0 65.0 leurs meubles,ſi eſt ce qu’apres ladicte conſpira¬

278.0 1619.0 1034.0 59.0 tion deſcouuerte ils les declarerẽt confiſquez & e¬

276.0 1680.0 1032.0 59.0 recrables auſsi. La conſequence n’eſt pas bonne,

273.0 1737.0 1038.0 65.0 ce qui eſt permis a vn ambaſſadeur, ſera permis

273.0 1797.0 1037.0 57.0 au maiſtre:car les ambaſſadeurs ne ſont pas inuio

272.0 1855.0 1036.0 65.0 lables, pource qu’ils repreſentent leurs maiſtres:

272.0 1914.0 1038.0 59.0 Ains au contraire, les ambaſſadeurs qui vienent

271.0 1973.0 1039.0 69.0 de la part de ceux qu’on voudroit le plus oſſenſer

528.0 78.0 580.0 50.0 DIALOGVE II.

1239.0 2040.0 72.0 50.0 ne
