1420 2426
167.0 136.0 979.0 74.0 Item le Roy de ſon coſté promettoit de re¬

115.0 195.0 1027.0 79.0 pner ſelon Dieu, & le peuple d'obeir au Roy ſe¬

110.0 250.0 224.0 57.0 ton Dieu.

300.0 78.0 607.0 59.0 BIALOGVE II

168.0 308.0 972.0 78.0 Le meſme ſerment & alliance ſe trouue faite

106.0 377.0 1033.0 69.0 en l'Eſcriture ſou nohas de autrle lon: En iom

107.0 432.0 1032.0 74.0 me iamais ne s’eſt veu qu’il y ait eu homme eſſe¬

107.0 490.0 1032.0 77.0 ué en degré par deſſus les autres, ſans auoir pre¬

109.0 548.0 1029.0 74.0 mierement fait quelques promeſſes & ſermens

105.0 607.0 1034.0 79.0 au peuple, ou à la nation à laquelle il eſtoit pre¬

106.0 660.0 121.0 70.0 poſe.

159.0 723.0 981.0 76.0 On voit encores auiourd’huy les formules de

102.0 780.0 1037.0 78.0 iurement de l’Archeduc d’Auſtriche, du roy des

103.0 842.0 1035.0 75.0 Romains, du roy de France, quoy qu’elles ayent

102.0 900.0 1037.0 73.0 eſté viciees par l'entremiſe de Meſſieurs les Pa¬

105.0 967.0 310.0 55.0 pes Romains.

161.0 1018.0 973.0 76.0 Apres auoir veu l’origine & forme de la crea¬

101.0 1079.0 1033.0 69.0 tion des magiſtrats, voyons maintenant quelle

101.0 1136.0 1030.0 75.0 eſt la cauſe & occaſion, pour laquelle ils ont eſté

99.0 1198.0 1032.0 74.0 creez. Nous trouuerons qu’il n’y en a point d’au¬

102.0 1253.0 1026.0 77.0 tre que le ſalut du peuple. Afin, ce dit l’Apoſtre,

102.0 1312.0 1028.0 74.0 qu'ils ſoyent en terreur & eſpouuantement aux

99.0 1381.0 1024.0 66.0 meſchans, & en ſeureté & conſeruarion aux

101.0 1431.0 137.0 56.0 bons.

1092.0 95.0 35.0 58.0 8

156.0 1483.0 970.0 84.0 Ariſtote en ſes Politiques dit tres bien: Quo

97.0 1547.0 1029.0 75.0 tout ainſi qu’au Pilote, l’heureuſe & proſpere na¬

98.0 1607.0 1030.0 72.0 uigarion; au medecin, la ſanté du patient: au Ca¬

99.0 1664.0 1024.0 74.0 pitaine, la victoire: auſsi au Roy le ſalut & con¬

95.0 1722.0 1032.0 74.0 ſeruation du peuple doit eſtre touſiours deuant

98.0 1787.0 197.0 58.0 les yeux.

160.0 1843.0 963.0 70.0 Et parrant le peuple ayant eſleu ou autremenz

94.0 1897.0 1032.0 77.0 eſleué pręmierement, le Roy à ceſte fin, le Roy.

95.0 1963.0 1029.0 70.0 cuſſi eſtant obligé à chergamdautonhhapant.

840.0 2023.0 99.0 63.0 Lii¬
