1460 2444
304.0 111.0 57.0 65.0 54

296.0 180.0 1024.0 69.0 ſte, qu’il le prioit de ne luy parler point du baſt,

293.0 244.0 1031.0 61.0 que c’eſtoit le meſtier des aſnes, qu’on en trouue

293.0 308.0 1032.0 58.0 roit bien vn autre, qui vaudroir trop mieux que

292.0 362.0 1033.0 60.0 Martin: mais, le maiſtre, ne voulant prendre ces

294.0 418.0 1034.0 62.0 raiſons en payement, ayant attaché le cheual à vn

296.0 477.0 1029.0 60.0 arbre, & retiré le baſt, & les balles du bourbier,

296.0 539.0 1033.0 61.0 auec vn regret indicible de la mort du poure Mar

297.0 596.0 1029.0 63.0 tin, chargea le tout, à l’aide de quelques paſſans,

297.0 653.0 1035.0 65.0 ſur le dos du ſeigneur Cheual: lequel, ſe rauiſant

300.0 714.0 1039.0 61.0 bien tard, de la faute qu’il auoit faite, refuſant d’ai

301.0 772.0 1031.0 63.0 der à Marrin, regretta tout le reſte de ſa vie, la

298.0 832.0 613.0 60.0 mort du bon poure Baudet.

517.0 105.0 586.0 62.0 DIALOGVE II.

292.0 887.0 1041.0 66.0 Le pol. Ie t’aſſeure, que voila vne fable autant à

301.0 949.0 1034.0 66.0 propos, que nul autre qu’on euſt peu ſorger de ce

298.0 1007.0 1035.0 65.0 temps. Hé qu’il fut bien employé à ce vilain, &

298.0 1067.0 894.0 61.0 cruel cheual, de luy charger le tout deſſus.

298.0 1121.0 1037.0 67.0 L’hi. Il le confeſſoit bien luy meſmes, & qu’il en

302.0 1181.0 1030.0 70.0 pouuoit (ce dit la fable) eſchapper à meilleur mar

301.0 1242.0 1034.0 56.0 ché,s’il eut eſté bien auiſé, ou ſi la compaſsion de

301.0 1303.0 1032.0 61.0 l'aſne, luy fuſt peu entrer dans le cœur: mais c’ẽ¬

300.0 1363.0 347.0 58.0 ſtoit trop tard.

297.0 1416.0 1035.0 68.0 Le pol. Il eſtoit du naturel de ceux, qui ſont ſages

300.0 1479.0 1039.0 66.0 apres le coup, il auoit apprins des François, à ne

301.0 1541.0 1039.0 63.0 cognoiſtre point ſa faute, qu’alors que le remede

300.0 1595.0 241.0 56.0 eſtoit loin.

298.0 1656.0 1043.0 60.0 L’hi. Ainſi donc, cõme ie t’ay dit, pour retourner

300.0 1714.0 1044.0 63.0 à mon propos, ces bõs Princes, & Seigneurs, trou

300.0 1771.0 1047.0 67.0 uoyent ceſte fable de fort bon gouſt, & recognoiſ

298.0 1834.0 1046.0 62.0 ſoyent facilement, que c’eſtoit vne pietre, que ie

295 1894 1046 55 ietrois en leur iardin.ie paſſay encore plus outre:

298.0 1949.0 1046.0 63.0 Ie leur dis, tout ce que Daniel auoit auiſé eſtre

297.0 2012.0 1044.0 64.0 bon de faire, pour les vnir & liguer en vn corps,

1199.0 2074.0 141.0 46.0 com¬
