1431 2417
146.0 159.0 1033.0 54.0 ſont trouuez en ce ſeul crime, combiẽ de perſon¬

147.0 220.0 1034.0 59.0 nes y ſont offenſees: les ruines & calamitez qui

149.0 276.0 1029.0 63.0 s’en enſuyuent: la lõgue miſere qu’vn tel fait trai¬

147.0 338.0 1038.0 59.0 ne apres ſoy, il s’en trouuera tant d’expres & en ſi

149.0 394.0 1034.0 63.0 grãd nõbre, dõt chacũ eſt ſeul digne de mort qu’il

147.0 452.0 1035.0 68.0 n’y a pas aſſez de ſupplices pour vne telle hydre

147.0 514.0 1036.0 60.0 de crimrs. Il ne faut que ſe figurer l’image d’vne

149.0 572.0 1037.0 59.0 deſolatiõ vniuerſelle de tout le royaume, la cruau

147.0 629.0 1038.0 63.0 lté des proſcriptions & calamiteux ſpectacle des

149.0 690.0 1034.0 63.0 proſcrits,pour iuger le merite de celuy qui en au¬

147.0 746.0 1039.0 61.0 ra eſté cauſe. Et iettant les yeux plus loin conſide¬

146.0 804.0 1040.0 64.0 rer qu’il faut abolir toute eſpece de Republique

147.0 863.0 1040.0 55.0 & d’eſtat, & rẽdre les hõmes brutaux ſans ſocieté

149.0 921.0 1037.0 64.0 ne iuſtice, ſi tel crime n’eſt condãné, d’autãt qu’il

147.0 978.0 1039.0 68.0 n’y aeſtat qui puiſſe ſubſiſter, ſi telles çõſpiratiõs

149.0 1041.0 1036.0 62.0 demeurẽt impunies. Et d’autre part leuant enco¬

151.0 1102.0 1036.0 60.0 res les yeux plus haut, conſiderer de qui procede

146.0 1156.0 1040.0 64.0 l'authorité & puiſſance que Dieu a miſe aux Prin

151.0 1216.0 1035.0 62.0 ces ſouuerains, qui leur rauit le ſceptre reſiſte

153.0 1274.0 1033.0 64.0 à la puiſſance de Dieu, & viole ce qu’il a voulu

149.0 1332.0 1036.0 65.0 eſtre ſainct & inuiolable par deſſus autres choſes

150.0 1391.0 1033.0 57.0 humaines. Ce ſeroit choſe trop ridicule de pẽſer

150.0 1452.0 1035.0 65.0 excuſer ce fait,pour dire que le crime n’a pas eſté

153.0 1511.0 1034.0 65.0 effectué, ny par cõſequẽt tous les ſuſdits maux en

149.0 1571.0 1032.0 57.0 ſuyuis. Car en vn tel crime, ſi on attẽd l’executiõ,

151.0 1626.0 1032.0 68.0 il ne reſte plus moyẽ de le punir:il faut que l’ẽtre¬

155.0 1686.0 1030.0 64.0 priſe ſoit punie cõme le fait: autremẽt iamais il ni

157.0 1748.0 1030.0 60.0 auroit punitiõ. Car ſi le crime euſt reuſſy, qui euſt

163.0 1804.0 1019.0 69.0 puny les coulpables? il n’y euſt eu ny loy, ni iuge

161.0 1866.0 1026.0 59.0 pour les cõdãner. Au cõtraire ils euſſẽt eu le pou

158.0 1922.0 1028.0 65.0 uoir ſur la loy & iuſtice. Les exẽples de ceux qu'õ

159.0 1983.0 1027.0 70.0 lit auoir eſté punis ne ſõt pour auoir exe cuté:ains

302.0 79.0 622.0 67.0 DIALOGVE II.

1128.0 91.0 18.0 56.0 3

912.0 2041.0 101.0 75.0 b.ii.
