1399 2428
126.0 138.0 1040.0 64.0 ſeſſeur de mauuaiſe foy ne peut preſcrire aucu¬

137.0 207.0 196.0 46.0 nement.

190.0 248.0 970.0 67.0 Les rois de France promettẽt & iurent à leurs

128.0 318.0 1041.0 59.0 Couronnemens, qu’ils conſerueront, vn chacun

125.0 374.0 1041.0 63.0 en ſon ordre, reng & degré: quand ils tont le con¬

125.0 432.0 1039.0 63.0 traite, qu’ils violent les bonnes loix & les bons e¬

126.0 493.0 1042.0 64.0 dicts en quelque façon que ce ſoit, ils ne ſont plus

130.0 553.0 408.0 59.0 Rois, ains Tyrans.

303.0 64.0 583.0 61.0 DIALOGVE II.

178.0 609.0 990.0 65.0 S’ils repliquent: Il y a cent ans deux cens, voi¬

124.0 669.0 1044.0 55.0 re ſix cẽs ans que nous vſons de tel & de tel droit.

125.0 727.0 1044.0 58.0 (Car tel eſt noſtre plaiſir) & pour autant ce droit

129.0 787.0 371.0 60.0 nous eſt preſcrit.

144.0 840.0 1027.0 67.0 Ie reſpons, que ſi on fueillete les hiſtoires de

126.0 905.0 1042.0 59.0 noſtre France, on trouuera qu’il n’y a pas plus de

124.0 959.0 1041.0 64.0 ſoixante ans que la liberté des eſtats y a eſté op¬

126.0 1021.0 1045.0 64.0 primee, & que les Rois y ont eſté comme l’on dit

125.0 1079.0 1046.0 63.0 mis hors de page. Mais quand bien ce ſeroit de

128.0 1145.0 1037.0 62.0 plus long temps, ie tourne dire, que la preſcrip¬

125.0 1203.0 1044.0 50.0 tion contre les bonnes mœurs & cõtre les droite

125.0 1255.0 1043.0 61.0 du peuple eſt inualide. Mais l’on me dira: Les es

124.0 1316.0 1044.0 54.0 ſtats ne peuuẽt ou ne veulent s’aſſembler, ou s’ils

125.0 1377.0 1041.0 62.0 s’aſſemblẽt, la plus grãd part emporte, touſiour¬

124.0 1436.0 1045.0 55.0 la meilleure: ne ſera-il donc permis à vne ou à

124.0 1490.0 1040.0 63.0 l'autre partie des trois eſtats, ce qui eſt loiſible à

124.0 1552.0 1040.0 59.0 toutes les trois enſemble? Ie reſpons que non,

125.0 1617.0 1041.0 56.0 pour euiter aux partialitez qui s’en pourroyen

124.0 1669.0 1040.0 62.0 ſourdre: Ayam à ceſté fin eſté eſtablis trois, que

122.0 1727.0 1039.0 56.0 toutes choſes ſe fiſſent auec bon ordre & ſain iu¬

125.0 1787.0 1041.0 66.0 gement: & que le chemin ſoit couppé à la di ſsipa

121.0 1850.0 1044.0 62.0 tion du peuple, qui autrement s’en pourroit bien

121.0 1908.0 214.0 58.0 enſuyure.

1102.0 86.0 50.0 44.0 83

182.0 1965.0 974.0 74.0 Qu'eſt-il donques beſoin de faire quand vne

899.0 2031.0 102.0 51.0 I.v.
