1460 2441
317.0 81.0 47.0 63.0 78

308.0 147.0 1025.0 57.0 Pere auec deffẽſes & menaces. Ieſus Chriſt leur

309.0 212.0 1026.0 61.0 a reſiſté en l’annonceant. Et quoy que nous puiſ¬

305.0 271.0 1027.0 53.0 ſions dire qu’en la maiſon du Pere Eternel il a e¬

308.0 325.0 1021.0 57.0 ſté eſt & ſera à iamais fils Eternel de Dieu; tou¬

309.0 386.0 1026.0 61.0 tefois ſe lon la diſpenſation du temps d’alors, ſa

308.0 447.0 1024.0 60.0 condition & la police, il eſtoit comme perſonne

312.0 505.0 787.0 63.0 priuee: & toutefois n’a il point obey.

543 75 581 57 DMALOGVE II.

366.0 566.0 967.0 57.0 Les Apoſtres ayans receu commandement de

305.0 622.0 1024.0 54.0 ſe taire, & ne point annoncer Ieſus Chriſt, n’a¬

309.0 682.0 501.0 61.0 uoyent garde d’y obeir.

365.0 762.0 968.0 31.0 Mne terdie Pus lrcuit tuit llle Vuldis lecicer,

308.0 797.0 1027.0 64.0 par le menu le nõbre des teſmoings qui ont ſouf¬

306.0 858.0 1030.0 60.0 fert perfecution, pour n'auoir voulu obeir aux e¬

306.0 915.0 1025.0 55.0 dicts des Rois, Empereurs & autres Magiſtrats,

306.0 996.0 1029.0 40.0 auiqueis tant s entaut que nous loyons senus do

309.0 1033.0 1028.0 62.0 beir, lors qu’ils commandent choſes prophanes

306.0 1098.0 1030.0 56.0 ou iniques: qu’au contraire comme nous pouuõs

308.0 1149.0 1029.0 60.0 recueillir des exemples alleguez nous ne ſatisfai

303.0 1205.0 1034.0 57.0 ſons iamais à noſtre deuoir, ſi en de ſobeiſſant d’ũ

303.0 1263.0 1029.0 64.0 coſté, à tels Magiſttats, nous n’obeiſſons de l’au¬

303.0 1326.0 1029.0 54.0 tre aux edicts & commandemens du Dieu ſouue

302.0 1385.0 1035.0 53.0 rain, chacun de nous ſelon ſa vocation: vocation

301.0 1445.0 1036.0 62.0 dis ie generale ou particuliere : generale par la¬

303.0 1501.0 1034.0 66.0 quelle vn chacun eſt appellé à pratiquer la chari¬

305.0 1560.0 1035.0 61.0 tẽ enuers ſes prochains: particuliere ſelon l’e¬

305.0 1617.0 891.0 64.0 ſtat & office auquel vn chacun eſt appellé.

363.0 1678.0 977.0 65.0 Les ſages femmes donques Egyptiennes ont

305.0 1735.0 1035.0 56.0 fort vertueuſemẽt fait en n’obeiſſant point à Pha

305.0 1799.0 1034.0 58.0 rao, & on s’acquittant de leur vocation particu¬

303.0 1855.0 1040.0 61.0 liere ont de tout point accomply leur deuoir, con

303.0 1910.0 1037.0 69.0 ſeruant les enfans que l’edict du tyran auoit deſti¬

1265.0 1967.0 70.0 67.0 né
