1468 2444
277.0 93.0 77.0 57.0 68

271.0 165.0 1032.0 59.0 l'ennemy en Normandie: d’autres tindrẽt la mer

270.0 226.0 1036.0 53.0 & l’eſcumerẽt. Le Comte s’en alla rendre en An

274.0 282.0 1029.0 66.0 gleterre, auec vn biẽ peu de vaiſſeaux, ſur leſquels

268.0 340.0 1034.0 63.0 eſtoyent deux de ſes gendres, ſon aiſné fils, le ca¬

267.0 401.0 1033.0 63.0 pitaine Poyet, Caſaux, Maiſon-fleur, la Meauſſe,

267.0 464.0 1035.0 57.0 des Champs, le capitaine Sore, & certains autres

264.0 520.0 819.0 61.0 capitaines, gentils-hommes & ſoldats.

517.0 87.0 590.0 67.0 DIALOGVE II.

325.0 575.0 978.0 65.0 La Royne, & les ſeigneurs de ſon Conſeil, qui

266.0 638.0 1036.0 58.0 s’eſtoyent promis de l’expedition du comte de

266.0 772.0 1034.0 44.0 ble quenque chole de plus, cominencerent à Ion

264.0 813.0 1039.0 61.0 retour d’en rabbatre iuſques là, que au lieu qu’au

266.0 873.0 1039.0 62.0 parauant ils l’auoyent chery, & honoré comme

267.0 928.0 1035.0 63.0 vn demy dieu des batailles, en pleine cour à deſ¬

262.0 989.0 1037.0 61.0 couuert & preſque tout ioignant la barbe de l'am

263.0 1046.0 1036.0 63.0 baſſadeur du Tyran, à peine le vouloyent-ils lors

266.0 1107.0 582.0 52.0 voir en ſe cret & à cachette.

262.0 1163.0 1037.0 64.0 Le pol. Quelques vns accuſent les femmes, de chã

266.0 1227.0 1030.0 50.0 ger ſouuent leur maintien, & ſous couleur qu’el¬

264.0 1287.0 1030.0 58.0 les ſont legeres, taxent leur ſexe à tous propos,

264.0 1342.0 1034.0 60.0 d’vne inconſtance inſupportable: mais quãd tout

267.0 1397.0 1031.0 57.0 vn Conſeil s’en meſle, c’eſt les iuſtifier de tout

264.0 1459.0 146.0 67.0 point.

319.0 1515.0 973.0 57.0 Les Romains eſtoyent bien d’autre auis au re¬

264.0 1584.0 1035.0 45.0 tour de leurs Capitaines: ne les fauorilans rien

262.0 1637.0 1034.0 58.0 moins à la perte, qu’à la victoire: comme Varro

262.0 1695.0 1036.0 61.0 nous eſt teſmoin, ayant perdu la grãd bataille qui

263.0 1752.0 1024.0 59.0 donnoit Rome à Annibal (s’il euſt ſceu vainere,

260.0 1812.0 1032.0 50.0 tomme on dit.) Retournant ainſi tout batu de¬

262.0 1868.0 1025.0 60.0 dans Rome bien deſolee, on ne laiſſa pas de luy

263.0 1929.0 1027.0 53.0 faire comme vn petit triõphe à demy: il leur ſem¬

262.0 1985.0 1025.0 65.0 bloit bien que c’eſtoit aſſez de regret & de faſche

1207.0 2061.0 77.0 39.0 rie
