1451 2419
275.0 88.0 55.0 55.0 72

258.0 147.0 1028.0 63.0 d’vn cruel tyran & perfide: eux grans amis de li¬

256.0 209.0 1030.0 62.0 berté: eux reputez entre les hommes pour gens

256.0 268.0 1028.0 63.0 qui gardent leurs promeſſes, & qui deuſſent par

256.0 326.0 1026.0 62.0 conſequent hayr le Tyran qui les rompt au detri¬

256.0 381.0 1036.0 66.0 mẽtde tout vn peuple, ie dis peuple leur allié: c’eſt

259.0 444.0 1033.0 62.0 vn dãgereux paradoxe que l’opiniõ de ces gens-là.

492.0 74.0 585.0 59.0 DIALOGVE II.

259.0 499.0 1033.0 62.0 L’hi. La faim de l’or inſatiable conduit les gens

258.0 559.0 318.0 53.0 tout à ſon gré.

256.0 611.0 1044.0 70.0 Le pol. L’odeur du profit (diſoit l’autre) eſt ſouef¬

259.0 675.0 1036.0 64.0 ue, d’où ſoit qu’elle ſorte. Mais on n’ouyt iamais

260.0 735.0 1026.0 64.0 parler d’vn tel profit ſi exectable, qu’vn homme

263.0 817.0 1025.0 40.0 prene de Paigeue a va meu voiliu comte dere poue,

259.0 853.0 1031.0 67.0 I’aller tuer quand & quand, pour le piller & le de¬

256.0 909.0 170.0 57.0 ſtruire.

314.0 970.0 972.0 63.0 Ils ont beau dire, c’eſt du Roy de qui nous re¬

258.0 1032.0 1028.0 59.0 ceuons la ſolde. Car leurs penſions en temps de

260.0 1091.0 1025.0 62.0 paix, & leurs gages en temps de guerre, ne ſont ti¬

258.0 1154.0 1028.0 56.0 rez aucunement que du labeur du poure peuple,

258.0 1205.0 1035.0 60.0 eſclaue de ce Roy tyran. Auſsi ne ſont-ils alliez

259.0 1282.0 1030.0 47.0 aù Epeauy caſle qu'au Reojaume, qu'iis vout tous

259.0 1327.0 1031.0 58.0 les iours depredant: mais qui les a enſorcelez en¬

259.0 1388.0 1030.0 60.0 core à ce dernier voyãge; veu qu’il n’y auoit pas

258.0 1443.0 1032.0 60.0 vn viuant de ceux qu’ils s’eſtoyent fait à croire qui

258.0 1501.0 1032.0 63.0 abbayoyent au parauant à la (Côrôna) qu’ils ap¬

258.0 1561.0 1035.0 63.0 pellentz ils ne pourront à leur retour, ſi quelqu’vn

258.0 1620.0 1034.0 59.0 d’entre eux eſchappe, ſe vanter comme aux autres

258.0 1677.0 1031.0 63.0 fois, d’auoir ſeuls gardé la Corona, Que lo Rey

255.0 1736.0 1030.0 62.0 ſor é bon tenu, que ſen celou Monſiou l’Animal &

258.0 1795.0 1031.0 60.0 Dendelou ly hoſſon ota la Corona de deſſu la teta:

262.0 1854.0 1024.0 62.0 puis qu’on ne cerche encore à ceſte fois que d'eſ¬

256.0 1913.0 1032.0 66.0 chapper & ſe garder de la fureur des mains meur

260.0 1975.0 163.0 56.0 trieres.

1155.0 2022.0 123.0 61.0 L'hi.
