<?xml version="1.0" encoding="UTF-8"?>
<alto xmlns:xsi="http://www.w3.org/2001/XMLSchema-instance"
      xmlns="http://www.loc.gov/standards/alto/ns-v4#"
      xsi:schemaLocation="http://www.loc.gov/standards/alto/ns-v4# http://www.loc.gov/standards/alto/v4/alto-4-2.xsd">
  <Description>
    <MeasurementUnit>pixel</MeasurementUnit>
    <sourceImageInformation>
      <fileName>page_00370.png</fileName>
      <fileIdentifier>mets//page_00205.zip/page_00370.png</fileIdentifier>
    </sourceImageInformation>
  </Description>
  <Tags>
    <OtherTag ID="BT7" LABEL="CustomZone" DESCRIPTION="block type CustomZone"/><OtherTag ID="BT8" LABEL="DamageZone" DESCRIPTION="block type DamageZone"/><OtherTag ID="BT9" LABEL="DigitizationArtefactZone" DESCRIPTION="block type DigitizationArtefactZone"/><OtherTag ID="BT10" LABEL="DropCapitalZone" DESCRIPTION="block type DropCapitalZone"/><OtherTag ID="BT11" LABEL="GraphicZone" DESCRIPTION="block type GraphicZone"/><OtherTag ID="BT12" LABEL="MainZone" DESCRIPTION="block type MainZone"/><OtherTag ID="BT13" LABEL="MarginTextZone" DESCRIPTION="block type MarginTextZone"/><OtherTag ID="BT14" LABEL="MusicZone" DESCRIPTION="block type MusicZone"/><OtherTag ID="BT15" LABEL="NumberingZone" DESCRIPTION="block type NumberingZone"/><OtherTag ID="BT17" LABEL="QuireMarksZone" DESCRIPTION="block type QuireMarksZone"/><OtherTag ID="BT18" LABEL="RunningTitleZone" DESCRIPTION="block type RunningTitleZone"/><OtherTag ID="BT19" LABEL="SealZone" DESCRIPTION="block type SealZone"/><OtherTag ID="BT20" LABEL="StampZone" DESCRIPTION="block type StampZone"/><OtherTag ID="BT21" LABEL="TableZone" DESCRIPTION="block type TableZone"/><OtherTag ID="BT22" LABEL="TitlePageZone" DESCRIPTION="block type TitlePageZone"/><OtherTag ID="BT100001" LABEL="MainZone-Head" DESCRIPTION="block type MainZone-Head"/><OtherTag ID="BT100005" LABEL="MainZone-P" DESCRIPTION="block type MainZone-P"/><OtherTag ID="BT100008" LABEL="MainZone-Sp" DESCRIPTION="block type MainZone-Sp"/><OtherTag ID="BT100006" LABEL="MainZone-Continued" DESCRIPTION="block type MainZone-Continued"/><OtherTag ID="BT100011" LABEL="MainZone-Entry" DESCRIPTION="block type MainZone-Entry"/><OtherTag ID="BT100010" LABEL="MainZone-Other" DESCRIPTION="block type MainZone-Other"/><OtherTag ID="BT100002" LABEL="MainZone-Lg" DESCRIPTION="block type MainZone-Lg"/>
    <OtherTag ID="LT7" LABEL="CustomLine" DESCRIPTION="line type CustomLine"/><OtherTag ID="LT8" LABEL="DefaultLine" DESCRIPTION="line type DefaultLine"/><OtherTag ID="LT9" LABEL="DropCapitalLine" DESCRIPTION="line type DropCapitalLine"/><OtherTag ID="LT10" LABEL="HeadingLine" DESCRIPTION="line type HeadingLine"/><OtherTag ID="LT11" LABEL="InterlinearLine" DESCRIPTION="line type InterlinearLine"/><OtherTag ID="LT12" LABEL="MusicLine" DESCRIPTION="line type MusicLine"/><OtherTag ID="LT764" LABEL="default" DESCRIPTION="line type default"/>
  </Tags>
  <Layout>
    <Page WIDTH="1412"
          HEIGHT="2441"
          PHYSICAL_IMG_NR="170"
          ID="eSc_dummypage_">
      <PrintSpace HPOS="0"
                  VPOS="0"
                  WIDTH="1412"
                  HEIGHT="2441">
        <TextBlock HPOS="116.0"
                   VPOS="126.0"
                   WIDTH="1043.0"
                   HEIGHT="768.0"
                   ID="block_8"
                   TAGREFS="BT100006">
          <Shape><Polygon POINTS="1159 126 1159 894 118 894 116 126"/></Shape>
          <TextLine ID="line_2"
                    TAGREFS="LT8"
                    BASELINE="113 173 345 168 1158 168" 
                    HPOS="112.0"
                    VPOS="122.0"
                    WIDTH="1046.0"
                    HEIGHT="58.0">
            <Shape><Polygon POINTS="113 173 113 180 1158 179 1158 168 1156 135 1002 135 961 122 960 122 958 122 957 122 956 122 944 132 888 135 878 136 832 136 831 135 815 123 813 123 812 123 786 123 785 123 783 123 782 123 767 135 744 123 743 123 713 123 712 123 710 123 686 135 655 123 653 123 652 123 651 123 649 123 632 136 607 136 592 123 591 123 590 123 588 123 587 123 585 123 573 131 542 123 541 123 539 123 538 123 537 123 522 134 491 123 489 123 488 123 486 123 485 123 469 136 343 136 325 123 324 123 322 123 278 123 276 123 275 123 249 134 236 123 234 123 233 123 208 123 207 123 206 123 176 135 147 123 146 123 145 123 143 123 112 135 113 173"/></Shape>
	    <String CONTENT="choſes faire mourir l’Amiral &amp; d’exterminer tous."
                    HPOS="112.0"
                    VPOS="122.0"
                    WIDTH="1046.0"
                    HEIGHT="58.0"
                    WC="0.9829501302874818"></String>
          </TextLine>
          <TextLine ID="line_3"
                    TAGREFS="LT8"
                    BASELINE="115 231 1154 226" 
                    HPOS="113.0"
                    VPOS="183.0"
                    WIDTH="1041.0"
                    HEIGHT="58.0">
            <Shape><Polygon POINTS="115 231 115 240 1151 241 1154 226 1152 195 1112 183 1110 183 1109 183 1108 183 1081 195 950 195 900 183 899 183 897 183 896 183 896 184 883 195 883 196 773 196 773 195 756 184 755 184 754 184 716 184 714 184 713 184 712 184 699 193 671 184 670 184 668 184 667 184 665 184 655 193 636 184 634 184 633 184 583 196 579 197 424 197 423 196 409 185 408 185 406 185 405 185 355 187 354 187 335 196 332 197 330 196 310 187 309 187 307 187 259 196 219 187 218 187 217 187 215 187 195 197 192 197 185 197 123 187 122 187 120 187 119 187 119 188 113 192 115 231"/></Shape>
	    <String CONTENT="le reſte des Huguenots de la France. Apres auoir."
                    HPOS="113.0"
                    VPOS="183.0"
                    WIDTH="1041.0"
                    HEIGHT="58.0"
                    WC="0.9951230956583607"></String>
          </TextLine>
          <TextLine ID="line_4"
                    TAGREFS="LT8"
                    BASELINE="113 288 1150 284" 
                    HPOS="112.0"
                    VPOS="242.0"
                    WIDTH="1038.0"
                    HEIGHT="65.0">
            <Shape><Polygon POINTS="113 288 113 298 275 298 279 299 294 305 295 305 297 305 336 299 349 298 359 299 393 307 394 307 459 301 492 296 637 296 642 301 651 306 652 306 653 306 655 306 760 301 885 295 931 302 954 305 956 305 957 305 967 302 988 295 1147 302 1150 284 1147 254 1109 253 1097 242 1095 242 1094 242 1070 242 1068 242 1067 242 1066 242 1052 253 1001 242 999 242 998 242 996 242 983 253 923 245 922 245 920 245 919 245 910 253 869 242 868 242 866 242 801 256 604 256 591 244 590 244 588 244 587 244 543 252 499 244 497 244 496 244 454 257 389 257 367 245 366 245 364 245 363 245 343 252 335 245 333 245 332 245 252 245 250 245 249 245 248 245 238 252 211 245 210 245 208 245 207 245 206 245 192 256 166 250 165 250 112 257 113 288"/></Shape>
	    <String CONTENT="corché dés la paix de l’an 157o. parmi tous ſes ſup"
                    HPOS="112.0"
                    VPOS="242.0"
                    WIDTH="1038.0"
                    HEIGHT="65.0"
                    WC="0.9825980438376373"></String>
          </TextLine>
          <TextLine ID="line_5"
                    TAGREFS="LT8"
                    BASELINE="116 349 1154 343" 
                    HPOS="115.0"
                    VPOS="298.0"
                    WIDTH="1039.0"
                    HEIGHT="68.0">
            <Shape><Polygon POINTS="116 349 116 366 176 358 1154 355 1154 343 1151 311 1087 311 1070 298 1068 298 1067 298 1066 298 1064 298 1043 305 1021 298 1020 298 1018 298 1017 298 1015 298 999 309 987 298 986 298 984 298 960 298 958 298 926 299 925 299 923 299 908 311 892 299 891 299 889 299 888 299 887 299 859 310 824 299 823 299 821 299 778 301 777 301 775 301 763 311 735 301 733 301 732 301 731 301 701 309 675 301 674 301 672 301 671 301 670 301 655 313 526 306 524 306 523 306 522 306 511 314 428 302 427 302 425 302 424 302 405 315 320 315 252 305 250 305 249 305 229 315 211 303 210 303 208 303 185 303 184 303 183 303 181 303 168 314 115 317 116 349"/></Shape>
	    <String CONTENT="poſts &amp; courtiſans vn qui fuſt aſſez habile à leur,"
                    HPOS="115.0"
                    VPOS="298.0"
                    WIDTH="1039.0"
                    HEIGHT="68.0"
                    WC="0.9717824482000791"></String>
          </TextLine>
          <TextLine ID="line_6"
                    TAGREFS="LT8"
                    BASELINE="113 406 1150 400" 
                    HPOS="112.0"
                    VPOS="363.0"
                    WIDTH="1038.0"
                    HEIGHT="64.0">
            <Shape><Polygon POINTS="113 406 113 416 222 423 223 423 252 416 255 416 265 425 267 425 268 425 269 427 307 427 307 425 309 425 310 425 324 416 326 416 362 424 363 424 438 416 457 414 472 416 518 423 519 423 585 416 592 416 599 416 684 423 686 423 732 416 760 412 805 416 854 420 855 421 941 421 941 420 942 420 944 420 950 416 960 410 1147 414 1150 400 1147 372 1100 363 976 363 975 363 973 363 972 363 961 372 920 372 549 368 547 368 546 368 519 375 341 367 340 367 339 367 321 376 263 376 255 370 253 370 252 370 250 370 184 376 162 368 161 368 160 368 112 378 113 406"/></Shape>
	    <String CONTENT="trâcer quelques moyens pour executer ſubtile¬"
                    HPOS="112.0"
                    VPOS="363.0"
                    WIDTH="1038.0"
                    HEIGHT="64.0"
                    WC="0.9947027823199397"></String>
          </TextLine>
          <TextLine ID="line_7"
                    TAGREFS="LT8"
                    BASELINE="112 466 1151 459" 
                    HPOS="111.0"
                    VPOS="420.0"
                    WIDTH="1040.0"
                    HEIGHT="64.0">
            <Shape><Polygon POINTS="112 466 112 477 356 484 358 484 359 484 378 475 427 475 451 475 524 484 526 484 527 484 557 475 664 482 665 482 703 474 864 480 865 480 866 480 893 473 939 481 941 481 942 481 944 481 944 480 954 471 1057 478 1059 478 1060 478 1087 471 1132 480 1133 480 1135 480 1136 480 1151 470 1151 459 1148 429 1086 420 1085 420 1083 420 1082 420 1071 429 1070 431 824 431 821 431 758 421 756 421 755 421 754 421 744 429 713 423 712 423 710 423 687 432 684 433 618 433 617 432 581 423 580 423 579 423 528 433 523 433 516 433 458 424 457 424 455 424 428 433 427 435 292 435 287 435 240 425 238 425 237 425 212 433 158 425 157 425 111 435 112 466"/></Shape>
	    <String CONTENT="ment leur proiect, puis que la force ny auoit de¬"
                    HPOS="111.0"
                    VPOS="420.0"
                    WIDTH="1040.0"
                    HEIGHT="64.0"
                    WC="0.9981177765495923"></String>
          </TextLine>
          <TextLine ID="line_8"
                    TAGREFS="LT8"
                    BASELINE="112 523 1139 518" 
                    HPOS="111.0"
                    VPOS="480.0"
                    WIDTH="1028.0"
                    HEIGHT="61.0">
            <Shape><Polygon POINTS="112 523 112 534 237 541 238 541 240 541 261 534 264 534 275 534 349 539 351 539 401 534 417 532 1138 532 1139 518 1136 490 968 484 967 484 878 490 854 480 853 480 851 480 813 486 805 480 804 480 802 480 740 480 739 480 737 480 709 492 606 492 575 481 573 481 538 481 537 481 535 481 534 481 522 490 472 481 470 481 469 481 467 481 453 492 396 482 394 482 393 482 355 492 303 482 302 482 301 482 264 494 154 494 134 486 132 486 131 486 130 486 111 493 112 523"/></Shape>
	    <String CONTENT="rien peu ſeruir. Saſſeurans qu’il n’y auoit aucun"
                    HPOS="111.0"
                    VPOS="480.0"
                    WIDTH="1028.0"
                    HEIGHT="61.0"
                    WC="0.9878789004014463"></String>
          </TextLine>
          <TextLine ID="line_9"
                    TAGREFS="LT8"
                    BASELINE="111 583 1148 580" 
                    HPOS="109.0"
                    VPOS="538.0"
                    WIDTH="1039.0"
                    HEIGHT="57.0">
            <Shape><Polygon POINTS="111 583 111 591 1146 595 1148 580 1147 547 1128 538 1127 538 1125 538 1124 538 1090 547 1087 549 1057 549 1056 547 1045 538 1044 538 1043 538 1041 538 975 545 950 538 949 538 948 538 946 538 945 538 934 546 933 547 754 547 752 546 725 538 724 538 722 538 721 538 698 546 695 546 694 546 663 538 661 538 660 538 659 538 636 546 625 550 499 550 492 545 480 539 478 539 477 539 476 539 459 545 448 550 356 550 344 545 329 539 328 539 326 539 325 539 306 545 290 550 185 550 176 545 169 539 168 539 166 539 165 539 109 543 111 583"/></Shape>
	    <String CONTENT="à leur gré mieux auenant à forger vne laſcheté,"
                    HPOS="109.0"
                    VPOS="538.0"
                    WIDTH="1039.0"
                    HEIGHT="57.0"
                    WC="0.9966244627447689"></String>
          </TextLine>
          <TextLine ID="line_10"
                    TAGREFS="LT8"
                    BASELINE="112 641 1147 638" 
                    HPOS="111.0"
                    VPOS="595.0"
                    WIDTH="1036.0"
                    HEIGHT="66.0">
            <Shape><Polygon POINTS="112 641 112 653 154 660 155 660 157 660 169 653 176 650 214 650 219 653 226 659 227 659 229 659 230 659 231 659 253 653 265 650 287 653 325 657 326 657 387 652 413 650 417 652 427 660 428 660 429 660 431 661 462 661 462 660 463 660 484 652 488 650 554 650 565 652 623 660 625 660 626 660 628 660 638 650 641 649 805 649 813 650 862 659 864 659 865 659 866 659 874 650 923 649 954 649 956 649 964 657 965 657 967 657 968 657 969 657 971 657 982 650 1090 659 1091 659 1146 648 1147 638 1144 610 1075 606 1063 595 1062 595 1060 595 1059 595 1010 604 998 595 996 595 995 595 965 595 964 595 963 595 961 595 945 608 869 608 847 600 846 600 845 600 805 608 755 595 754 595 752 595 751 595 702 610 617 610 598 596 596 596 595 596 545 596 543 596 542 596 541 596 533 603 523 596 522 596 520 596 480 596 478 596 477 596 451 610 409 610 385 596 383 596 382 596 302 596 301 596 299 596 269 611 240 611 202 596 200 596 199 596 198 596 196 596 184 606 146 600 145 600 143 600 111 611 112 641"/></Shape>
	    <String CONTENT="quelque beſte qu’il ſoit, au reſte, pour l’inſigne"
                    HPOS="111.0"
                    VPOS="595.0"
                    WIDTH="1036.0"
                    HEIGHT="66.0"
                    WC="0.9947806334495545"></String>
          </TextLine>
          <TextLine ID="line_11"
                    TAGREFS="LT8"
                    BASELINE="109 699 1150 699" 
                    HPOS="109.0"
                    VPOS="656.0"
                    WIDTH="1041.0"
                    HEIGHT="62.0">
            <Shape><Polygon POINTS="109 699 109 709 383 710 393 718 394 718 396 718 397 718 458 710 461 710 523 710 621 710 640 718 641 718 642 718 644 718 645 718 655 710 656 710 664 710 794 718 796 718 797 718 798 718 811 710 812 710 944 710 945 710 956 718 957 718 958 718 960 718 1010 710 1015 710 1017 710 1028 718 1029 718 1030 718 1032 718 1150 710 1150 699 1150 669 840 669 774 656 773 656 771 656 739 668 712 668 698 656 697 656 695 656 694 656 649 665 625 656 623 656 622 656 621 656 619 656 606 667 530 668 495 656 493 656 455 656 454 656 453 656 423 668 377 656 375 656 374 656 373 656 371 656 359 667 306 668 250 656 192 656 191 656 189 656 188 656 176 665 131 661 130 661 128 661 109 668 109 699"/></Shape>
	    <String CONTENT="meſchanceté qu’ilnourrit dans ſon courage, que"
                    HPOS="109.0"
                    VPOS="656.0"
                    WIDTH="1041.0"
                    HEIGHT="62.0"
                    WC="0.9848456953434234"></String>
          </TextLine>
          <TextLine ID="line_12"
                    TAGREFS="LT8"
                    BASELINE="108 759 1144 753" 
                    HPOS="107.0"
                    VPOS="711.0"
                    WIDTH="1037.0"
                    HEIGHT="66.0">
            <Shape><Polygon POINTS="108 759 108 770 267 777 268 777 269 777 288 770 292 770 420 775 421 775 423 775 444 768 446 768 447 768 473 775 474 775 476 775 477 775 478 775 486 768 489 768 584 774 585 774 839 767 883 774 884 774 963 766 965 766 968 766 1129 772 1131 772 1132 772 1133 772 1144 764 1144 753 1139 711 1101 725 675 725 656 716 652 714 651 714 649 714 648 714 640 716 610 724 584 717 579 716 577 716 576 716 575 716 571 717 546 726 527 717 523 716 522 716 491 716 489 716 488 716 486 716 484 718 474 726 443 720 442 720 358 726 345 720 343 717 341 717 340 717 297 717 295 717 294 717 286 720 267 728 248 720 238 717 237 717 203 717 202 717 200 717 199 717 193 721 183 728 173 721 168 717 166 717 165 717 164 717 107 721 108 759"/></Shape>
	    <String CONTENT="I’Italien Birague, Gardeſeaux: ne voyans pas auſ"
                    HPOS="107.0"
                    VPOS="711.0"
                    WIDTH="1037.0"
                    HEIGHT="66.0"
                    WC="0.9977693619827429"></String>
          </TextLine>
          <TextLine ID="line_13"
                    TAGREFS="LT8"
                    BASELINE="108 819 1152 815" 
                    HPOS="107.0"
                    VPOS="771.0"
                    WIDTH="1045.0"
                    HEIGHT="68.0">
            <Shape><Polygon POINTS="108 819 108 829 147 829 160 839 161 839 162 839 164 839 210 829 211 829 219 829 250 829 261 839 263 839 264 839 265 839 267 839 302 829 303 829 311 829 415 835 416 835 469 829 488 828 497 829 530 838 531 838 584 829 600 828 682 829 682 831 691 838 693 838 694 838 695 838 740 831 750 829 777 831 883 836 884 836 931 831 969 827 1082 828 1086 831 1091 836 1093 836 1094 836 1095 836 1151 831 1152 815 1148 777 1121 781 1116 777 1109 771 1108 771 1106 771 1051 771 1049 771 1048 771 1047 771 1038 778 1030 783 930 783 920 779 915 775 914 775 912 775 911 775 910 775 899 779 888 783 864 779 842 777 840 777 817 781 790 785 767 781 720 772 718 772 717 772 716 772 705 782 702 785 670 785 665 782 653 772 652 772 651 772 649 772 648 772 614 783 613 783 611 783 590 772 588 772 587 772 585 772 584 772 572 783 554 783 520 785 511 785 427 774 425 774 424 774 423 774 405 786 402 787 317 787 298 787 271 786 257 774 256 774 255 774 208 774 207 774 206 774 183 786 123 774 122 774 120 774 119 774 119 775 107 785 108 819"/></Shape>
	    <String CONTENT="ſi qu’il y en euſt vn qui ſceuſt mieux garder leur;"
                    HPOS="107.0"
                    VPOS="771.0"
                    WIDTH="1045.0"
                    HEIGHT="68.0"
                    WC="0.9915023375959957"></String>
          </TextLine>
          <TextLine ID="line_14"
                    TAGREFS="LT8"
                    BASELINE="107 878 267 876" 
                    HPOS="105.0"
                    VPOS="834.0"
                    WIDTH="162.0"
                    HEIGHT="51.0">
            <Shape><Polygon POINTS="107 878 107 885 265 884 267 876 264 848 160 847 147 835 147 834 146 834 145 834 120 834 119 834 118 834 116 834 116 835 105 844 107 878"/></Shape>
	    <String CONTENT="ſecret."
                    HPOS="105.0"
                    VPOS="834.0"
                    WIDTH="162.0"
                    HEIGHT="51.0"
                    WC="0.9999372959136963"></String>
          </TextLine>
        </TextBlock>
        <TextBlock HPOS="316.0"
                   VPOS="55.0"
                   WIDTH="588.0"
                   HEIGHT="57.0"
                   ID="block_5"
                   TAGREFS="BT18">
          <Shape><Polygon POINTS="904 55 904 112 316 112 316 55"/></Shape>
          <TextLine ID="line_0"
                    TAGREFS="LT8"
                    BASELINE="328 103 907 97" 
                    HPOS="325.0"
                    VPOS="56.0"
                    WIDTH="580.0"
                    HEIGHT="61.0">
            <Shape><Polygon POINTS="874 56 854 56 834 56 813 56 793 56 773 56 752 56 732 56 712 56 691 56 671 56 651 56 630 56 610 56 590 56 569 56 549 56 528 56 508 56 488 56 467 56 447 56 427 56 406 56 386 56 366 56 345 56 325 56 327 101 327 117 903 103 905 95 895 56 874 56"/></Shape>
	    <String CONTENT="DIALOGVE II."
                    HPOS="325.0"
                    VPOS="56.0"
                    WIDTH="580.0"
                    HEIGHT="61.0"
                    WC="0.9998415261507034"></String>
          </TextLine>
        </TextBlock>
        <TextBlock HPOS="106.0"
                   VPOS="894.0"
                   WIDTH="1044.0"
                   HEIGHT="289.0"
                   ID="block_1"
                   TAGREFS="BT100005">
          <Shape><Polygon POINTS="1150 894 1150 1183 106 1183 106 894"/></Shape>
          <TextLine ID="line_15"
                    TAGREFS="LT8"
                    BASELINE="141 934 1143 934" 
                    HPOS="141.0"
                    VPOS="892.0"
                    WIDTH="1002.0"
                    HEIGHT="61.0">
            <Shape><Polygon POINTS="141 934 141 945 218 945 231 953 233 953 234 953 236 953 339 945 653 945 665 953 667 953 668 953 670 953 671 953 672 953 683 945 713 953 714 953 716 953 759 946 1006 953 1007 953 1009 953 1024 946 1067 953 1068 953 1143 943 1143 934 1143 901 1128 892 1127 892 1125 892 1124 892 1026 903 983 901 973 892 972 892 971 892 969 892 927 903 883 903 866 893 865 893 864 893 862 893 756 903 684 892 683 892 682 892 655 903 503 892 501 892 454 903 352 892 351 892 349 892 348 892 336 903 244 903 222 892 221 892 179 892 177 892 176 892 174 892 161 904 141 904 141 934"/></Shape>
	    <String CONTENT="L’ayans fait venir à eux, luy commaniquerent"
                    HPOS="141.0"
                    VPOS="892.0"
                    WIDTH="1002.0"
                    HEIGHT="61.0"
                    WC="0.9965993417633905"></String>
          </TextLine>
          <TextLine ID="line_16"
                    TAGREFS="LT8"
                    BASELINE="104 995 1146 995" 
                    HPOS="104.0"
                    VPOS="951.0"
                    WIDTH="1042.0"
                    HEIGHT="60.0">
            <Shape><Polygon POINTS="104 995 104 1003 320 1011 321 1011 347 1006 355 1004 661 1004 679 1008 694 1011 695 1011 713 1008 739 1004 872 1010 919 1011 920 1011 934 1010 987 1004 1144 1011 1146 995 1146 961 1085 954 1083 954 1049 960 1044 961 1043 960 1032 951 1030 951 1029 951 1028 951 1026 951 996 960 991 961 987 960 954 953 953 953 952 953 950 953 941 960 941 961 792 961 789 960 777 951 775 951 774 951 773 951 771 951 743 960 737 962 697 962 694 960 684 951 683 951 682 951 680 951 679 951 651 960 649 960 628 951 626 951 625 951 623 951 622 951 613 960 611 961 609 960 587 951 585 951 584 951 545 960 537 962 505 962 501 960 486 951 485 951 484 951 482 951 457 960 451 962 404 962 401 960 385 951 383 951 382 951 381 951 360 960 355 962 317 962 314 960 303 951 302 951 301 951 269 951 268 951 267 951 265 951 256 960 255 961 253 960 241 951 240 951 238 951 237 951 236 951 211 960 204 962 149 962 145 960 132 951 131 951 130 951 128 951 127 951 104 958 104 995"/></Shape>
	    <String CONTENT="leur deſſein &amp; volonté: &amp; luy donnerent charge"
                    HPOS="104.0"
                    VPOS="951.0"
                    WIDTH="1042.0"
                    HEIGHT="60.0"
                    WC="0.9996520192065137"></String>
          </TextLine>
          <TextLine ID="line_17"
                    TAGREFS="LT8"
                    BASELINE="104 1053 1138 1049" 
                    HPOS="103.0"
                    VPOS="1007.0"
                    WIDTH="1035.0"
                    HEIGHT="64.0">
            <Shape><Polygon POINTS="104 1053 104 1063 181 1071 183 1071 184 1071 203 1063 204 1063 212 1063 269 1068 271 1068 603 1061 630 1061 637 1061 758 1069 759 1069 892 1068 893 1068 895 1068 906 1060 923 1068 925 1068 926 1068 927 1068 952 1061 1017 1068 1018 1068 1020 1068 1044 1060 1105 1067 1106 1067 1108 1067 1138 1059 1138 1049 1135 1022 995 1022 975 1007 973 1007 972 1007 922 1007 920 1007 919 1007 896 1018 874 1007 873 1007 872 1007 870 1007 843 1022 709 1022 644 1008 642 1008 641 1008 640 1008 623 1023 546 1023 534 1015 533 1015 531 1015 530 1015 528 1015 527 1015 516 1022 473 1008 472 1008 470 1008 469 1008 467 1008 454 1021 420 1010 419 1010 417 1010 416 1010 374 1021 303 1010 302 1010 301 1010 299 1010 287 1019 275 1010 273 1010 272 1010 236 1010 234 1010 233 1010 207 1021 146 1017 145 1017 103 1025 104 1053"/></Shape>
	    <String CONTENT="expreſſe d’auiſer de tout ſon pouuoir à leur tra¬"
                    HPOS="103.0"
                    VPOS="1007.0"
                    WIDTH="1035.0"
                    HEIGHT="64.0"
                    WC="0.9925649976730346"></String>
          </TextLine>
          <TextLine ID="line_18"
                    TAGREFS="LT8"
                    BASELINE="101 1112 1143 1112" 
                    HPOS="101.0"
                    VPOS="1071.0"
                    WIDTH="1042.0"
                    HEIGHT="61.0">
            <Shape><Polygon POINTS="101 1112 101 1124 108 1130 109 1130 111 1130 112 1130 176 1122 241 1130 242 1132 283 1132 283 1130 284 1130 286 1130 298 1122 528 1130 530 1130 642 1122 686 1130 687 1130 783 1122 793 1129 794 1129 796 1129 797 1129 798 1129 827 1122 836 1130 838 1130 839 1130 840 1130 1143 1121 1143 1112 1143 1082 1120 1071 1119 1071 1089 1071 1087 1071 1086 1071 1085 1071 1071 1082 1033 1072 1032 1072 1030 1072 914 1082 866 1071 865 1071 823 1079 813 1071 812 1071 811 1071 809 1071 775 1078 750 1071 748 1071 747 1071 746 1071 722 1080 670 1071 668 1071 667 1071 665 1071 652 1083 354 1083 340 1071 339 1071 337 1071 290 1071 288 1071 287 1071 267 1082 101 1082 101 1112"/></Shape>
	    <String CONTENT="cer ce qu’il croiroit pour ſeruir à l’execution de"
                    HPOS="101.0"
                    VPOS="1071.0"
                    WIDTH="1042.0"
                    HEIGHT="61.0"
                    WC="0.9827407598495483"></String>
          </TextLine>
          <TextLine ID="line_19"
                    TAGREFS="LT8"
                    BASELINE="103 1170 389 1170" 
                    HPOS="103"
                    VPOS="1128"
                    WIDTH="286"
                    HEIGHT="51">
            <Shape><Polygon POINTS="103 1170 103 1179 389 1179 389 1170 389 1144 326 1140 311 1128 310 1128 309 1128 286 1128 284 1128 283 1128 282 1128 282 1129 271 1139 240 1128 238 1128 237 1128 236 1128 234 1128 234 1129 225 1139 219 1143 142 1140 138 1136 131 1129 131 1128 130 1128 128 1128 127 1128 126 1128 103 1133 103 1170"/></Shape>
	    <String CONTENT="leurs deſirs."
                    HPOS="103"
                    VPOS="1128"
                    WIDTH="286"
                    HEIGHT="51"
                    WC="0.9994128254743723"></String>
          </TextLine>
        </TextBlock>
        <TextBlock HPOS="1074.0"
                   VPOS="67.0"
                   WIDTH="78.0"
                   HEIGHT="55.0"
                   ID="block_7"
                   TAGREFS="BT15">
          <Shape><Polygon POINTS="1152 67 1152 122 1074 122 1074 67"/></Shape>
          <TextLine ID="line_1"
                    TAGREFS="LT8"
                    BASELINE="1071 98 1148 101" 
                    HPOS="1070.0"
                    VPOS="74.0"
                    WIDTH="78.0"
                    HEIGHT="46.0">
            <Shape><Polygon POINTS="1071 98 1070 107 1108 120 1109 120 1110 120 1147 112 1148 101 1146 74 1071 75 1071 98"/></Shape>
	    <String CONTENT="171"
                    HPOS="1070.0"
                    VPOS="74.0"
                    WIDTH="78.0"
                    HEIGHT="46.0"
                    WC="0.9999963442484537"></String>
          </TextLine>
        </TextBlock>
        <TextBlock HPOS="102.0"
                   VPOS="1188.0"
                   WIDTH="1044.0"
                   HEIGHT="237.0"
                   ID="block_0"
                   TAGREFS="BT100005">
          <Shape><Polygon POINTS="1146 1188 1146 1425 102 1425 102 1188"/></Shape>
          <TextLine ID="line_20"
                    TAGREFS="LT8"
                    BASELINE="155 1229 1139 1225" 
                    HPOS="154.0"
                    VPOS="1213.0"
                    WIDTH="985.0"
                    HEIGHT="34.0">
            <Shape><Polygon POINTS="1131 1213 1117 1213 1104 1213 1090 1213 1076 1213 1063 1213 1049 1213 1036 1213 1022 1213 1009 1213 995 1213 982 1213 968 1213 954 1213 941 1213 927 1213 914 1213 900 1213 887 1213 873 1213 859 1213 846 1213 832 1213 819 1213 805 1213 792 1213 778 1213 765 1213 751 1213 737 1213 724 1213 710 1213 697 1213 683 1213 670 1213 656 1213 642 1213 629 1213 615 1213 602 1213 588 1213 575 1213 561 1213 547 1213 534 1213 520 1213 507 1213 493 1213 480 1213 466 1213 453 1213 439 1213 425 1213 412 1213 398 1213 385 1213 371 1213 358 1213 344 1213 330 1213 317 1213 303 1213 290 1213 276 1213 263 1213 249 1213 236 1213 222 1213 208 1213 195 1213 181 1213 168 1213 154 1213 155 1229 155 1240 284 1247 286 1247 415 1240 459 1247 461 1247 527 1239 534 1239 672 1239 786 1239 798 1246 800 1246 801 1246 802 1246 804 1246 805 1246 816 1239 877 1244 878 1244 880 1244 881 1244 888 1239 893 1244 895 1244 896 1244 897 1244 984 1238 1125 1244 1127 1244 1128 1244 1129 1244 1139 1236 1139 1225 1135 1213 1131 1213"/></Shape>
	    <String CONTENT="Dirague le vojanc de cant honore, couc alle de"
                    HPOS="154.0"
                    VPOS="1213.0"
                    WIDTH="985.0"
                    HEIGHT="34.0"
                    WC="0.9880775848160619"></String>
          </TextLine>
          <TextLine ID="line_21"
                    TAGREFS="LT8"
                    BASELINE="100 1288 1136 1284" 
                    HPOS="99.0"
                    VPOS="1243.0"
                    WIDTH="1037.0"
                    HEIGHT="64.0">
            <Shape><Polygon POINTS="100 1288 100 1296 199 1307 200 1307 202 1307 221 1297 481 1305 482 1305 484 1305 504 1296 518 1305 519 1305 520 1305 522 1307 558 1307 558 1305 628 1296 651 1303 652 1303 653 1303 701 1296 785 1303 786 1303 861 1295 870 1301 872 1301 873 1301 874 1301 904 1296 990 1304 991 1304 992 1304 1022 1297 1123 1303 1124 1303 1125 1303 1127 1303 1136 1295 1136 1284 1132 1255 964 1255 963 1255 926 1243 925 1243 876 1243 874 1243 873 1243 872 1243 855 1255 855 1257 826 1257 826 1255 789 1243 788 1243 786 1243 741 1244 740 1244 718 1257 717 1257 714 1257 680 1248 679 1248 678 1248 652 1257 651 1257 636 1244 634 1244 633 1244 590 1244 588 1244 587 1244 558 1257 515 1257 355 1257 307 1246 306 1246 305 1246 282 1257 214 1246 212 1246 211 1246 165 1258 164 1259 99 1259 100 1288"/></Shape>
	    <String CONTENT="ce qu’on l’auoit prepoſé en aftaire ſi important"
                    HPOS="99.0"
                    VPOS="1243.0"
                    WIDTH="1037.0"
                    HEIGHT="64.0"
                    WC="0.9927085394762001"></String>
          </TextLine>
          <TextLine ID="line_22"
                    TAGREFS="LT8"
                    BASELINE="103 1345 1133 1347" 
                    HPOS="101.0"
                    VPOS="1304.0"
                    WIDTH="1032.0"
                    HEIGHT="60.0">
            <Shape><Polygon POINTS="103 1345 101 1353 179 1362 180 1362 181 1362 183 1362 192 1356 236 1362 237 1362 336 1356 656 1364 657 1364 1132 1358 1133 1347 1132 1316 925 1305 923 1305 922 1305 920 1305 910 1315 908 1316 904 1315 881 1310 880 1310 878 1310 823 1315 809 1316 807 1315 798 1310 797 1310 796 1310 794 1310 739 1315 722 1316 708 1315 630 1305 629 1305 628 1305 626 1305 614 1315 613 1315 606 1315 508 1308 507 1308 505 1308 481 1315 480 1315 477 1315 444 1304 443 1304 355 1304 354 1304 352 1304 351 1304 337 1315 336 1315 103 1315 103 1345"/></Shape>
	    <String CONTENT="aux autres de ſa nation, leur promit de faire en"
                    HPOS="101.0"
                    VPOS="1304.0"
                    WIDTH="1032.0"
                    HEIGHT="60.0"
                    WC="0.9990204535424709"></String>
          </TextLine>
          <TextLine ID="line_23"
                    TAGREFS="LT8"
                    BASELINE="103 1403 874 1406" 
                    HPOS="101.0"
                    VPOS="1365.0"
                    WIDTH="773.0"
                    HEIGHT="57.0">
            <Shape><Polygon POINTS="103 1403 101 1414 116 1422 118 1422 119 1422 173 1415 217 1415 223 1421 223 1422 225 1422 226 1422 227 1422 282 1415 424 1415 442 1422 443 1422 444 1422 446 1422 476 1415 667 1422 668 1422 873 1415 874 1406 874 1377 850 1369 849 1369 847 1369 786 1376 684 1369 683 1369 343 1375 324 1365 322 1365 275 1365 273 1365 272 1365 271 1365 271 1366 261 1376 155 1376 146 1366 146 1365 145 1365 143 1365 113 1365 112 1365 111 1365 109 1365 103 1371 103 1403"/></Shape>
	    <String CONTENT="ſorte qu’ils auroyent contentement."
                    HPOS="101.0"
                    VPOS="1365.0"
                    WIDTH="773.0"
                    HEIGHT="57.0"
                    WC="0.9962444935526167"></String>
          </TextLine>
        </TextBlock>
        <TextBlock HPOS="79.0"
                   VPOS="1426.0"
                   WIDTH="1064.0"
                   HEIGHT="229.0"
                   ID="block_4"
                   TAGREFS="BT100005">
          <Shape><Polygon POINTS="1143 1426 1143 1655 79 1655 79 1426"/></Shape>
          <TextLine ID="line_24"
                    TAGREFS="LT8"
                    BASELINE="157 1465 1136 1461" 
                    HPOS="155.0"
                    VPOS="1419.0"
                    WIDTH="981.0"
                    HEIGHT="67.0">
            <Shape><Polygon POINTS="157 1465 158 1486 191 1476 337 1476 352 1484 354 1484 355 1484 356 1484 371 1484 499 1475 590 1475 599 1482 600 1483 602 1483 603 1483 604 1483 619 1482 663 1475 727 1475 736 1480 740 1483 741 1483 743 1483 744 1483 786 1479 847 1474 854 1479 857 1482 858 1482 859 1482 861 1482 877 1479 900 1474 927 1478 953 1482 954 1482 1136 1475 1136 1461 1135 1430 1119 1421 1117 1421 1116 1421 1114 1421 1113 1421 1091 1430 1024 1419 1022 1419 1021 1419 998 1432 735 1432 709 1421 708 1421 671 1421 670 1421 668 1421 648 1430 628 1421 626 1421 625 1421 623 1421 596 1433 497 1433 461 1422 459 1422 458 1422 457 1422 455 1422 455 1423 443 1433 443 1434 364 1434 364 1433 352 1423 352 1422 351 1422 349 1422 348 1422 347 1422 317 1429 275 1422 273 1422 272 1422 240 1433 210 1422 208 1422 166 1422 165 1422 164 1422 162 1422 162 1423 155 1429 157 1465"/></Shape>
	    <String CONTENT="Il ne faut pas douter (ie diray cecy en paſſant)"
                    HPOS="155.0"
                    VPOS="1419.0"
                    WIDTH="981.0"
                    HEIGHT="67.0"
                    WC="0.9813269277413686"></String>
          </TextLine>
          <TextLine ID="line_25"
                    TAGREFS="LT8"
                    BASELINE="100 1524 1133 1524" 
                    HPOS="100.0"
                    VPOS="1478.0"
                    WIDTH="1033.0"
                    HEIGHT="63.0">
            <Shape><Polygon POINTS="100 1524 100 1535 146 1541 147 1541 149 1541 164 1535 168 1533 267 1533 283 1535 345 1541 347 1541 348 1541 368 1535 368 1533 706 1533 710 1533 783 1540 785 1540 821 1533 835 1533 1038 1533 1121 1540 1123 1540 1124 1540 1125 1540 1133 1533 1133 1524 1133 1482 1051 1478 1049 1478 1048 1478 1036 1482 1015 1490 996 1482 984 1478 983 1478 982 1478 980 1478 979 1478 973 1483 963 1491 930 1491 908 1483 891 1478 889 1478 888 1478 887 1478 885 1478 878 1483 872 1489 865 1483 858 1478 857 1478 855 1478 854 1478 853 1478 832 1484 817 1489 809 1484 797 1478 796 1478 794 1478 793 1478 778 1484 765 1491 728 1491 712 1484 690 1478 689 1478 687 1478 686 1478 684 1478 675 1486 668 1491 619 1491 609 1486 590 1478 588 1478 587 1478 585 1478 584 1478 573 1486 571 1489 566 1486 557 1478 556 1478 554 1478 515 1478 514 1478 512 1478 511 1478 499 1487 497 1489 496 1487 484 1478 482 1478 481 1478 447 1478 446 1478 444 1478 425 1487 420 1491 318 1491 313 1489 283 1478 282 1478 280 1478 279 1478 278 1478 264 1489 261 1491 218 1491 217 1490 202 1478 200 1478 199 1478 165 1478 164 1478 162 1478 161 1478 146 1490 100 1490 100 1524"/></Shape>
	    <String CONTENT="qu’il ne ſe promiſt dés lors d’auoir l’eſtat de Chã"
                    HPOS="100.0"
                    VPOS="1478.0"
                    WIDTH="1033.0"
                    HEIGHT="63.0"
                    WC="0.9982686818770643"></String>
          </TextLine>
          <TextLine ID="line_26"
                    TAGREFS="LT8"
                    BASELINE="99 1581 1132 1581" 
                    HPOS="99.0"
                    VPOS="1540.0"
                    WIDTH="1033.0"
                    HEIGHT="62.0">
            <Shape><Polygon POINTS="99 1581 99 1593 225 1593 237 1602 238 1602 240 1602 241 1602 292 1593 302 1600 303 1600 305 1600 306 1600 378 1594 390 1602 391 1602 393 1602 394 1602 463 1593 488 1600 489 1600 491 1600 572 1594 584 1602 585 1602 587 1602 588 1602 691 1593 746 1600 747 1600 987 1594 1056 1602 1057 1602 1132 1592 1132 1581 1132 1554 857 1554 835 1540 834 1540 832 1540 754 1540 752 1540 751 1540 750 1540 735 1551 721 1540 720 1540 718 1540 717 1540 680 1548 663 1540 661 1540 660 1540 598 1552 581 1540 580 1540 579 1540 556 1540 554 1540 553 1540 526 1552 485 1540 484 1540 482 1540 481 1540 480 1540 463 1554 434 1554 360 1540 359 1540 358 1540 329 1552 229 1552 154 1540 153 1540 99 1552 99 1581"/></Shape>
	    <String CONTENT="celier qu’on luy a du depuis baillé en recompen¬"
                    HPOS="99.0"
                    VPOS="1540.0"
                    WIDTH="1033.0"
                    HEIGHT="62.0"
                    WC="0.9961640153612409"></String>
          </TextLine>
          <TextLine ID="line_27"
                    TAGREFS="LT8"
                    BASELINE="99 1642 484 1639" 
                    HPOS="97.0"
                    VPOS="1602.0"
                    WIDTH="387.0"
                    HEIGHT="53.0">
            <Shape><Polygon POINTS="409 1612 396 1612 382 1612 368 1612 355 1612 341 1612 328 1612 314 1612 301 1612 287 1612 286 1612 278 1616 276 1616 273 1616 255 1612 246 1612 233 1612 219 1612 217 1612 210 1616 204 1612 192 1612 179 1612 165 1612 162 1612 154 1613 151 1612 151 1612 138 1609 134 1602 107 1602 105 1602 104 1602 103 1602 103 1604 101 1604 97 1608 99 1642 99 1649 283 1655 284 1655 484 1646 484 1639 481 1616 413 1612 409 1612"/></Shape>
	    <String CONTENT="ſe de ce feruice."
                    HPOS="97.0"
                    VPOS="1602.0"
                    WIDTH="387.0"
                    HEIGHT="53.0"
                    WC="0.9930824427043691"></String>
          </TextLine>
        </TextBlock>
        <TextBlock HPOS="92.0"
                   VPOS="1660.0"
                   WIDTH="1057.0"
                   HEIGHT="232.0"
                   ID="block_3"
                   TAGREFS="BT100005">
          <Shape><Polygon POINTS="1149 1660 1149 1892 92 1892 92 1660"/></Shape>
          <TextLine ID="line_28"
                    TAGREFS="LT8"
                    BASELINE="169 1700 1128 1700" 
                    HPOS="169.0"
                    VPOS="1657.0"
                    WIDTH="959.0"
                    HEIGHT="65.0">
            <Shape><Polygon POINTS="169 1700 169 1710 203 1720 204 1720 206 1722 324 1722 324 1720 377 1711 382 1711 546 1711 547 1712 568 1720 569 1720 571 1720 716 1714 773 1711 994 1712 996 1715 1002 1720 1003 1720 1005 1720 1006 1720 1034 1715 1051 1712 1127 1715 1128 1700 1128 1668 1090 1657 1089 1657 1087 1657 1086 1657 1052 1668 1026 1668 1015 1658 1015 1657 1014 1657 1013 1657 986 1657 984 1657 983 1657 982 1657 972 1665 961 1657 960 1657 958 1657 957 1657 956 1657 927 1668 866 1668 804 1657 802 1657 801 1657 800 1657 800 1658 788 1669 702 1669 637 1657 636 1657 634 1657 633 1657 619 1669 577 1669 564 1657 562 1657 561 1657 533 1657 531 1657 530 1657 528 1657 528 1658 516 1669 444 1669 410 1657 409 1657 408 1657 406 1657 405 1657 405 1658 393 1669 310 1669 272 1657 271 1657 269 1657 268 1657 267 1657 250 1669 226 1669 212 1657 211 1657 210 1657 188 1657 187 1657 185 1657 184 1657 169 1666 169 1700"/></Shape>
	    <String CONTENT="Quelques iours ſe paſſerent durant leſquels,"
                    HPOS="169.0"
                    VPOS="1657.0"
                    WIDTH="959.0"
                    HEIGHT="65.0"
                    WC="0.9872079369696704"></String>
          </TextLine>
          <TextLine ID="line_29"
                    TAGREFS="LT8"
                    BASELINE="97 1761 1132 1756" 
                    HPOS="96.0"
                    VPOS="1715.0"
                    WIDTH="1036.0"
                    HEIGHT="57.0">
            <Shape><Polygon POINTS="97 1761 97 1772 1131 1767 1132 1756 1129 1724 1002 1715 1001 1715 999 1715 998 1715 986 1724 984 1726 907 1726 907 1724 874 1715 873 1715 872 1715 870 1715 869 1715 854 1726 851 1726 839 1726 697 1716 695 1716 694 1716 659 1726 625 1716 623 1716 622 1716 621 1716 590 1726 537 1718 535 1718 534 1718 508 1727 507 1729 339 1729 328 1729 206 1722 204 1722 145 1729 116 1719 115 1719 113 1719 112 1719 96 1727 97 1761"/></Shape>
	    <String CONTENT="(comme tu peux penſer) le vilain eut beau diſcou"
                    HPOS="96.0"
                    VPOS="1715.0"
                    WIDTH="1036.0"
                    HEIGHT="57.0"
                    WC="0.9891971424221992"></String>
          </TextLine>
          <TextLine ID="line_30"
                    TAGREFS="LT8"
                    BASELINE="96 1818 1133 1815" 
                    HPOS="94.0"
                    VPOS="1773.0"
                    WIDTH="1039.0"
                    HEIGHT="67.0">
            <Shape><Polygon POINTS="96 1818 96 1828 314 1828 351 1840 352 1840 354 1840 435 1828 485 1836 486 1836 488 1836 489 1836 500 1829 564 1840 565 1840 633 1826 675 1838 676 1838 678 1840 703 1840 703 1838 705 1838 706 1838 722 1826 815 1834 816 1834 817 1834 832 1828 846 1838 847 1838 849 1838 850 1838 942 1836 944 1836 965 1826 1002 1838 1003 1838 1005 1840 1045 1840 1045 1838 1047 1838 1048 1838 1062 1828 1120 1834 1121 1834 1123 1834 1124 1834 1124 1833 1133 1823 1133 1815 1132 1784 1105 1773 1104 1773 1102 1773 1101 1773 1079 1784 1049 1784 1011 1784 1010 1784 988 1773 987 1773 986 1773 984 1773 960 1780 906 1773 904 1773 903 1773 901 1773 888 1784 888 1785 770 1785 770 1784 737 1773 736 1773 735 1773 733 1773 712 1784 651 1773 649 1773 648 1773 646 1773 632 1785 623 1785 594 1787 539 1787 538 1785 524 1775 523 1775 522 1775 520 1775 436 1785 434 1785 419 1775 417 1775 416 1775 391 1775 390 1775 389 1775 354 1785 337 1775 336 1775 335 1775 333 1775 332 1775 305 1781 271 1775 269 1775 268 1775 267 1775 256 1784 187 1785 126 1775 124 1775 123 1775 94 1784 96 1818"/></Shape>
	    <String CONTENT="rir tout à loyſir &amp; à part ſoy de ce qu’il iugeoit"
                    HPOS="94.0"
                    VPOS="1773.0"
                    WIDTH="1039.0"
                    HEIGHT="67.0"
                    WC="0.993942032639797"></String>
          </TextLine>
          <TextLine ID="line_31"
                    TAGREFS="LT8"
                    BASELINE="96 1875 336 1878" 
                    HPOS="94.0"
                    VPOS="1832.0"
                    WIDTH="242.0"
                    HEIGHT="55.0">
            <Shape><Polygon POINTS="96 1875 94 1884 333 1887 336 1878 335 1849 215 1832 214 1832 212 1832 211 1832 196 1844 96 1845 96 1875"/></Shape>
	    <String CONTENT="neceſſaire."
                    HPOS="94.0"
                    VPOS="1832.0"
                    WIDTH="242.0"
                    HEIGHT="55.0"
                    WC="0.9843770915811713"></String>
          </TextLine>
        </TextBlock>
        <TextBlock HPOS="98.0"
                   VPOS="1891.0"
                   WIDTH="1039.0"
                   HEIGHT="124.0"
                   ID="block_2"
                   TAGREFS="BT100005">
          <Shape><Polygon POINTS="1137 1891 1137 2015 98 2015 98 1891"/></Shape>
          <TextLine ID="line_32"
                    TAGREFS="LT8"
                    BASELINE="157 1936 1124 1931" 
                    HPOS="155.0"
                    VPOS="1906.0"
                    WIDTH="969.0"
                    HEIGHT="49.0">
            <Shape><Polygon POINTS="888 1931 874 1931 861 1931 847 1931 834 1931 820 1931 807 1931 793 1931 779 1931 766 1931 752 1931 739 1931 725 1931 712 1931 698 1931 684 1931 671 1931 657 1931 644 1931 630 1931 617 1931 603 1931 590 1931 576 1931 562 1931 549 1931 535 1931 522 1931 508 1931 495 1931 481 1931 467 1931 454 1931 440 1931 427 1931 413 1931 400 1933 386 1933 373 1933 359 1933 345 1933 332 1933 318 1933 305 1933 291 1933 278 1933 264 1933 250 1933 237 1933 223 1933 210 1933 196 1933 183 1933 169 1933 155 1933 157 1936 157 1947 440 1946 446 1946 488 1954 489 1954 491 1954 507 1946 510 1946 556 1952 557 1952 558 1952 577 1946 585 1954 587 1954 588 1954 590 1955 630 1955 630 1954 632 1954 649 1944 651 1944 663 1944 760 1952 762 1952 830 1944 831 1944 880 1952 881 1952 939 1946 980 1951 982 1951 983 1951 984 1951 992 1943 994 1943 996 1943 1076 1951 1078 1951 1123 1941 1124 1931 1121 1912 895 1906 893 1906 892 1906 891 1906 888 1931"/></Shape>
	    <String CONTENT="nm la ſiumlo reroiut quucicois Antout expe¬"
                    HPOS="155.0"
                    VPOS="1906.0"
                    WIDTH="969.0"
                    HEIGHT="49.0"
                    WC="0.9683278015879697"></String>
          </TextLine>
          <TextLine ID="line_33"
                    TAGREFS="LT8"
                    BASELINE="96 1994 1127 1994" 
                    HPOS="96.0"
                    VPOS="1952.0"
                    WIDTH="1031.0"
                    HEIGHT="57.0">
            <Shape><Polygon POINTS="96 1994 96 2009 1127 2009 1127 1994 1127 1958 1101 1952 1100 1952 1098 1952 1082 1958 1063 1963 1055 1958 1047 1952 1045 1952 1044 1952 949 1952 948 1952 946 1952 945 1952 935 1958 926 1965 897 1965 884 1959 865 1952 864 1952 862 1952 861 1952 859 1952 851 1959 845 1963 817 1959 773 1952 771 1952 770 1952 769 1952 759 1959 754 1965 679 1965 667 1960 640 1952 638 1952 637 1952 636 1952 634 1952 625 1960 619 1965 271 1965 267 1963 233 1952 231 1952 230 1952 229 1952 227 1952 211 1963 204 1963 109 1952 108 1952 107 1952 105 1952 96 1959 96 1994"/></Shape>
	    <String CONTENT="dient de mettre en auant de traicter &amp; reſoudre à"
                    HPOS="96.0"
                    VPOS="1952.0"
                    WIDTH="1031.0"
                    HEIGHT="57.0"
                    WC="0.9879644215106964"></String>
          </TextLine>
        </TextBlock>
        <TextBlock HPOS="535.0"
                   VPOS="2324.0"
                   WIDTH="313.0"
                   HEIGHT="79.0"
                   ID="eSc_textblock_9b968257"
                   TAGREFS="BT9">
          <Shape><Polygon POINTS="535 2324 535 2401 848 2403 848 2324"/></Shape>
        </TextBlock>
      </PrintSpace>
    </Page>
  </Layout>
</alto>
