<?xml version="1.0" encoding="UTF-8"?>
<alto xmlns:xsi="http://www.w3.org/2001/XMLSchema-instance"
      xmlns="http://www.loc.gov/standards/alto/ns-v4#"
      xsi:schemaLocation="http://www.loc.gov/standards/alto/ns-v4# http://www.loc.gov/standards/alto/v4/alto-4-2.xsd">
  <Description>
    <MeasurementUnit>pixel</MeasurementUnit>
    <sourceImageInformation>
      <fileName>page_00374.png</fileName>
      <fileIdentifier>mets//page_00205.zip/page_00374.png</fileIdentifier>
    </sourceImageInformation>
  </Description>
  <Tags>
    <OtherTag ID="BT7" LABEL="CustomZone" DESCRIPTION="block type CustomZone"/><OtherTag ID="BT8" LABEL="DamageZone" DESCRIPTION="block type DamageZone"/><OtherTag ID="BT9" LABEL="DigitizationArtefactZone" DESCRIPTION="block type DigitizationArtefactZone"/><OtherTag ID="BT10" LABEL="DropCapitalZone" DESCRIPTION="block type DropCapitalZone"/><OtherTag ID="BT11" LABEL="GraphicZone" DESCRIPTION="block type GraphicZone"/><OtherTag ID="BT12" LABEL="MainZone" DESCRIPTION="block type MainZone"/><OtherTag ID="BT13" LABEL="MarginTextZone" DESCRIPTION="block type MarginTextZone"/><OtherTag ID="BT14" LABEL="MusicZone" DESCRIPTION="block type MusicZone"/><OtherTag ID="BT15" LABEL="NumberingZone" DESCRIPTION="block type NumberingZone"/><OtherTag ID="BT17" LABEL="QuireMarksZone" DESCRIPTION="block type QuireMarksZone"/><OtherTag ID="BT18" LABEL="RunningTitleZone" DESCRIPTION="block type RunningTitleZone"/><OtherTag ID="BT19" LABEL="SealZone" DESCRIPTION="block type SealZone"/><OtherTag ID="BT20" LABEL="StampZone" DESCRIPTION="block type StampZone"/><OtherTag ID="BT21" LABEL="TableZone" DESCRIPTION="block type TableZone"/><OtherTag ID="BT22" LABEL="TitlePageZone" DESCRIPTION="block type TitlePageZone"/><OtherTag ID="BT100001" LABEL="MainZone-Head" DESCRIPTION="block type MainZone-Head"/><OtherTag ID="BT100005" LABEL="MainZone-P" DESCRIPTION="block type MainZone-P"/><OtherTag ID="BT100008" LABEL="MainZone-Sp" DESCRIPTION="block type MainZone-Sp"/><OtherTag ID="BT100006" LABEL="MainZone-Continued" DESCRIPTION="block type MainZone-Continued"/><OtherTag ID="BT100011" LABEL="MainZone-Entry" DESCRIPTION="block type MainZone-Entry"/><OtherTag ID="BT100010" LABEL="MainZone-Other" DESCRIPTION="block type MainZone-Other"/><OtherTag ID="BT100002" LABEL="MainZone-Lg" DESCRIPTION="block type MainZone-Lg"/>
    <OtherTag ID="LT7" LABEL="CustomLine" DESCRIPTION="line type CustomLine"/><OtherTag ID="LT8" LABEL="DefaultLine" DESCRIPTION="line type DefaultLine"/><OtherTag ID="LT9" LABEL="DropCapitalLine" DESCRIPTION="line type DropCapitalLine"/><OtherTag ID="LT10" LABEL="HeadingLine" DESCRIPTION="line type HeadingLine"/><OtherTag ID="LT11" LABEL="InterlinearLine" DESCRIPTION="line type InterlinearLine"/><OtherTag ID="LT12" LABEL="MusicLine" DESCRIPTION="line type MusicLine"/><OtherTag ID="LT764" LABEL="default" DESCRIPTION="line type default"/>
  </Tags>
  <Layout>
    <Page WIDTH="1382"
          HEIGHT="2442"
          PHYSICAL_IMG_NR="174"
          ID="eSc_dummypage_">
      <PrintSpace HPOS="0"
                  VPOS="0"
                  WIDTH="1382"
                  HEIGHT="2442">
        <TextBlock HPOS="101.0"
                   VPOS="153.0"
                   WIDTH="1028.0"
                   HEIGHT="120.0"
                   ID="block_10"
                   TAGREFS="BT100006">
          <Shape><Polygon POINTS="1129 153 1129 273 101 273 101 153"/></Shape>
          <TextLine ID="line_2"
                    TAGREFS="LT8"
                    BASELINE="100 200 1128 200" 
                    HPOS="100.0"
                    VPOS="151.0"
                    WIDTH="1028.0"
                    HEIGHT="67.0">
            <Shape><Polygon POINTS="100 200 100 208 122 218 123 218 124 218 272 210 321 217 323 217 324 217 325 217 335 210 342 217 343 217 344 217 346 217 347 217 348 217 359 210 361 210 420 210 422 210 438 218 439 218 441 218 492 210 494 210 556 210 805 210 819 218 821 218 822 218 900 210 904 210 905 210 914 218 916 218 917 218 919 218 991 210 999 210 1008 210 1102 218 1103 218 1105 218 1128 210 1128 200 1128 165 1069 151 1011 151 1010 151 1008 151 1007 151 991 165 818 165 803 151 802 151 800 151 799 151 798 151 796 151 784 160 775 151 773 151 772 151 703 151 701 151 700 151 699 151 682 165 663 165 633 151 632 151 631 151 629 151 628 151 613 164 598 151 597 151 595 151 575 151 574 151 572 151 545 164 530 151 529 151 528 151 488 151 487 151 486 151 461 165 352 165 327 151 325 151 324 151 323 151 321 151 305 165 281 165 255 151 253 151 252 151 251 151 249 151 233 164 176 157 175 157 173 157 149 164 118 151 116 151 115 151 114 151 112 151 100 161 100 200"/></Shape>
	    <String CONTENT="ſon mal talent: qu’il eſtoit aiſé à iuger que ſa Ma"
                    HPOS="100.0"
                    VPOS="151.0"
                    WIDTH="1028.0"
                    HEIGHT="67.0"
                    WC="0.982474720702981"></String>
          </TextLine>
          <TextLine ID="line_3"
                    TAGREFS="LT8"
                    BASELINE="100 259 514 255" 
                    HPOS="99.0"
                    VPOS="210.0"
                    WIDTH="415.0"
                    HEIGHT="58.0">
            <Shape><Polygon POINTS="100 259 100 268 514 264 514 255 511 226 399 225 385 211 385 210 384 210 382 210 381 210 380 210 339 225 333 226 279 225 272 225 260 212 260 211 259 211 257 211 236 211 234 211 233 211 232 211 232 212 219 222 204 212 203 212 202 212 200 212 199 212 177 219 150 212 149 212 147 212 146 212 128 222 107 212 105 212 104 212 103 212 101 212 101 214 100 214 99 215 100 259"/></Shape>
	    <String CONTENT="ieſté eſtoit eſmeue."
                    HPOS="99.0"
                    VPOS="210.0"
                    WIDTH="415.0"
                    HEIGHT="58.0"
                    WC="0.9900406684194293"></String>
          </TextLine>
        </TextBlock>
        <TextBlock HPOS="273.0"
                   VPOS="83.0"
                   WIDTH="576.0"
                   HEIGHT="58.0"
                   ID="block_5"
                   TAGREFS="BT18">
          <Shape><Polygon POINTS="849 83 849 141 273 141 273 83"/></Shape>
          <TextLine ID="line_0"
                    TAGREFS="LT8"
                    BASELINE="276 127 853 127" 
                    HPOS="274"
                    VPOS="83"
                    WIDTH="578"
                    HEIGHT="61">
            <Shape><Polygon POINTS="783 83 763 83 742 83 722 83 702 83 681 83 661 83 641 83 620 83 616 83 614 85 606 83 600 83 580 83 559 83 549 83 545 85 539 83 539 83 519 83 498 83 486 83 484 85 468 83 457 83 437 83 417 83 396 83 392 83 388 87 293 87 274 126 274 144 852 136 852 126 852 87 789 83 783 83"/></Shape>
	    <String CONTENT="DTALOGVE II."
                    HPOS="274"
                    VPOS="83"
                    WIDTH="578"
                    HEIGHT="61"
                    WC="0.9941413601239523"></String>
          </TextLine>
        </TextBlock>
        <TextBlock HPOS="103.0"
                   VPOS="278.0"
                   WIDTH="1051.0"
                   HEIGHT="348.0"
                   ID="block_0"
                   TAGREFS="BT100005">
          <Shape><Polygon POINTS="1154 278 1154 626 103 626 103 278"/></Shape>
          <TextLine ID="line_4"
                    TAGREFS="LT8"
                    BASELINE="160 317 1132 313" 
                    HPOS="158.0"
                    VPOS="271.0"
                    WIDTH="974.0"
                    HEIGHT="64.0">
            <Shape><Polygon POINTS="160 317 160 326 447 326 449 326 458 335 460 335 461 335 462 335 464 335 479 326 484 325 657 325 659 326 666 333 667 333 669 333 670 333 708 326 723 325 743 326 798 333 799 333 800 333 802 333 802 332 807 326 811 324 832 326 862 332 863 332 906 326 940 324 981 326 1035 332 1037 332 1130 326 1132 313 1130 283 1111 271 1110 271 1109 271 1107 271 1106 271 1069 283 1034 271 1033 271 1011 271 1010 271 1008 271 1007 271 992 283 936 271 935 271 934 271 902 283 901 283 895 283 822 272 821 272 819 272 818 272 807 282 803 284 695 282 692 282 684 274 682 274 681 274 680 274 678 274 663 280 657 284 651 280 638 272 636 272 635 272 633 272 598 279 551 272 549 272 548 272 547 272 547 274 538 280 533 284 510 280 503 279 502 279 500 279 498 279 480 287 388 287 377 279 371 274 370 274 369 274 340 274 339 274 338 274 336 274 331 279 321 286 158 278 160 317"/></Shape>
	    <String CONTENT="Ventre-Dieu, ce dit le tyran, &amp; qui ne ſeroit"
                    HPOS="158.0"
                    VPOS="271.0"
                    WIDTH="974.0"
                    HEIGHT="64.0"
                    WC="0.9864976273642646"></String>
          </TextLine>
          <TextLine ID="line_5"
                    TAGREFS="LT8"
                    BASELINE="99 374 1151 374" 
                    HPOS="99.0"
                    VPOS="335.0"
                    WIDTH="1052.0"
                    HEIGHT="58.0">
            <Shape><Polygon POINTS="99 374 99 382 122 393 123 393 124 393 166 383 181 393 183 393 184 393 185 393 310 386 323 392 324 392 325 392 327 392 352 383 435 383 453 393 454 393 456 393 514 383 525 392 526 392 528 392 529 392 594 383 773 383 788 390 790 390 791 390 838 383 849 392 851 392 852 392 853 392 901 386 959 393 961 393 962 393 963 393 974 385 981 390 982 390 984 390 1122 393 1124 393 1125 393 1151 382 1151 374 1149 344 1113 345 1109 344 1092 335 1091 335 1090 335 1088 335 1064 344 1061 345 920 345 908 344 847 335 845 335 844 335 843 335 830 344 829 345 824 344 790 335 788 335 787 335 786 335 784 335 773 344 771 345 661 345 659 344 598 335 597 335 549 345 544 347 367 347 366 345 335 335 333 335 332 335 331 335 329 335 312 345 310 345 253 335 252 335 251 335 249 335 233 345 219 335 218 335 217 335 192 335 191 335 190 335 188 335 175 345 175 347 99 347 99 374"/></Shape>
	    <String CONTENT="en cholere? d’ouyr ce bougre de Briquemaut,"
                    HPOS="99.0"
                    VPOS="335.0"
                    WIDTH="1052.0"
                    HEIGHT="58.0"
                    WC="0.9672260741854823"></String>
          </TextLine>
          <TextLine ID="line_6"
                    TAGREFS="LT8"
                    BASELINE="99 439 282 434 1133 434" 
                    HPOS="97.0"
                    VPOS="392.0"
                    WIDTH="1036.0"
                    HEIGHT="62.0">
            <Shape><Polygon POINTS="99 439 99 444 153 453 154 453 234 444 253 443 256 444 271 453 272 453 274 454 333 454 333 453 335 453 359 444 362 444 462 450 464 450 465 450 467 450 473 443 475 443 540 443 541 443 552 453 553 453 555 453 556 454 586 454 586 453 587 453 606 443 746 443 868 443 1008 453 1010 453 1061 443 1122 450 1124 450 1125 450 1126 450 1126 449 1133 442 1133 434 1132 402 1106 392 1105 392 1103 392 1102 392 1072 404 1071 404 1011 404 912 404 876 392 875 392 874 392 872 392 871 392 855 404 762 397 761 397 635 404 591 392 590 392 589 392 537 404 514 392 513 392 511 392 510 392 477 400 431 392 430 392 428 392 427 392 412 404 395 392 393 392 392 392 362 392 361 392 359 392 336 404 247 404 230 392 229 392 228 392 202 392 200 392 199 392 156 404 122 392 120 392 119 392 118 392 116 392 97 402 99 439"/></Shape>
	    <String CONTENT="ſainſi appelle-il le plus ſouuent les gens de"
                    HPOS="97.0"
                    VPOS="392.0"
                    WIDTH="1036.0"
                    HEIGHT="62.0"
                    WC="0.9975051879882812"></String>
          </TextLine>
          <TextLine ID="line_7"
                    TAGREFS="LT8"
                    BASELINE="99 492 1129 492" 
                    HPOS="99.0"
                    VPOS="453.0"
                    WIDTH="1030.0"
                    HEIGHT="58.0">
            <Shape><Polygon POINTS="99 492 99 501 124 510 126 510 127 511 217 511 217 510 218 510 219 510 228 503 264 510 266 510 300 503 1110 510 1111 510 1113 510 1129 501 1129 492 1128 461 1016 462 1011 459 997 453 996 453 939 453 938 453 936 453 935 453 927 459 923 462 906 458 878 453 876 453 875 453 860 458 849 463 496 463 472 455 460 453 458 453 457 453 456 453 454 453 452 455 443 462 329 462 313 455 308 453 306 453 305 453 304 453 298 454 276 463 228 463 211 454 209 453 207 453 206 453 204 453 199 454 171 462 157 454 156 453 154 453 153 453 152 453 99 453 99 492"/></Shape>
	    <String CONTENT="bien) me brauer &amp; me menacer que ie ſuis pour"
                    HPOS="99.0"
                    VPOS="453.0"
                    WIDTH="1030.0"
                    HEIGHT="58.0"
                    WC="0.9788892454571194"></String>
          </TextLine>
          <TextLine ID="line_8"
                    TAGREFS="LT8"
                    BASELINE="97 552 1129 552" 
                    HPOS="97.0"
                    VPOS="511.0"
                    WIDTH="1032.0"
                    HEIGHT="60.0">
            <Shape><Polygon POINTS="97 552 97 564 107 571 108 571 109 571 111 571 266 563 325 571 327 571 390 564 496 571 498 571 499 571 500 571 511 563 646 563 655 571 657 571 658 571 659 571 1003 563 1031 563 1033 563 1039 569 1041 569 1042 569 1106 571 1107 571 1109 571 1129 563 1129 552 1129 514 1056 511 1054 511 1053 511 1045 514 1023 522 1011 514 1007 511 1005 511 1004 511 1003 511 1001 511 988 515 970 519 947 515 924 511 923 511 921 511 920 511 913 515 901 523 788 523 771 516 752 511 750 511 749 511 748 511 730 516 723 520 566 522 559 519 548 511 547 511 545 511 517 511 515 511 514 511 513 511 502 519 498 523 256 523 236 522 145 520 116 511 115 511 114 511 112 511 111 511 97 519 97 552"/></Shape>
	    <String CONTENT="tentrer, en guerre, ſi ie ne punis ceux de la ville"
                    HPOS="97.0"
                    VPOS="511.0"
                    WIDTH="1032.0"
                    HEIGHT="60.0"
                    WC="0.9837934129378375"></String>
          </TextLine>
          <TextLine ID="line_9"
                    TAGREFS="LT8"
                    BASELINE="99 611 342 609" 
                    HPOS="97.0"
                    VPOS="567.0"
                    WIDTH="245.0"
                    HEIGHT="52.0">
            <Shape><Polygon POINTS="99 611 99 619 342 617 342 609 339 583 263 575 262 575 217 580 203 568 203 567 202 567 200 567 169 567 168 567 166 567 165 567 165 568 153 579 119 567 118 567 116 567 115 567 114 567 114 568 97 582 99 611"/></Shape>
	    <String CONTENT="de Rouen."
                    HPOS="97.0"
                    VPOS="567.0"
                    WIDTH="245.0"
                    HEIGHT="52.0"
                    WC="0.9997262491120232"></String>
          </TextLine>
        </TextBlock>
        <TextBlock HPOS="96.0"
                   VPOS="627.0"
                   WIDTH="1043.0"
                   HEIGHT="175.0"
                   ID="block_2"
                   TAGREFS="BT100005">
          <Shape><Polygon POINTS="1139 627 1139 802 96 802 96 627"/></Shape>
          <TextLine ID="line_10"
                    TAGREFS="LT8"
                    BASELINE="104 674 428 667 1134 668" 
                    HPOS="103.0"
                    VPOS="622.0"
                    WIDTH="1031.0"
                    HEIGHT="65.0">
            <Shape><Polygon POINTS="104 674 105 686 120 679 301 679 314 685 323 687 324 687 325 687 327 687 338 685 352 679 495 679 505 682 518 687 519 687 521 687 708 681 762 679 771 681 802 686 803 686 805 686 806 686 813 679 817 678 876 679 1105 686 1106 686 1107 686 1134 676 1134 668 1133 637 1100 637 1081 622 1080 622 1079 622 1077 622 1076 622 1048 637 875 637 847 622 845 622 844 622 843 622 841 622 824 637 803 637 784 624 783 624 781 624 780 624 779 624 757 634 742 624 741 624 739 624 714 624 712 624 711 624 661 637 658 637 614 637 590 624 589 624 506 624 505 624 503 624 461 637 401 624 400 624 399 624 397 624 373 638 301 638 282 624 281 624 279 624 162 624 161 624 160 624 158 624 141 638 103 638 104 674"/></Shape>
	    <String CONTENT="Hé Sire, reſpond Lignerolles, &amp; ne pourrier"
                    HPOS="103.0"
                    VPOS="622.0"
                    WIDTH="1031.0"
                    HEIGHT="65.0"
                    WC="0.9861110286279158"></String>
          </TextLine>
          <TextLine ID="line_11"
                    TAGREFS="LT8"
                    BASELINE="99 725 1128 728" 
                    HPOS="97.0"
                    VPOS="686.0"
                    WIDTH="1031.0"
                    HEIGHT="52.0">
            <Shape><Polygon POINTS="99 725 97 735 1125 738 1128 728 1128 700 1083 698 1071 687 1069 687 1068 687 1067 687 1016 698 1015 700 939 700 938 698 920 687 919 687 917 687 891 687 890 687 889 687 887 687 874 698 872 698 833 687 832 687 722 687 720 687 719 687 718 687 704 698 703 698 681 698 507 690 506 690 505 690 503 690 494 697 494 698 369 698 367 697 352 686 351 686 350 686 348 686 347 686 313 697 310 697 99 697 99 725"/></Shape>
	    <String CONTENT="vous attendre ſans tant vous ſaſcher de ces cho¬"
                    HPOS="97.0"
                    VPOS="686.0"
                    WIDTH="1031.0"
                    HEIGHT="52.0"
                    WC="0.9846845418214798"></String>
          </TextLine>
          <TextLine ID="line_12"
                    TAGREFS="LT8"
                    BASELINE="92 788 749 784" 
                    HPOS="90.0"
                    VPOS="739.0"
                    WIDTH="659.0"
                    HEIGHT="57.0">
            <Shape><Polygon POINTS="92 788 92 796 749 793 749 784 745 752 665 752 663 752 636 739 635 739 633 739 632 739 631 739 614 752 579 739 578 739 576 739 575 739 574 739 553 752 528 739 526 739 525 739 524 739 488 754 475 742 475 740 473 740 472 740 443 740 442 740 441 740 439 740 424 752 397 740 396 740 395 740 393 740 392 740 392 742 378 754 346 742 344 742 343 742 342 742 340 742 340 743 327 755 297 755 279 755 266 743 266 742 264 742 263 742 238 742 237 742 236 742 234 742 215 755 180 742 179 742 177 742 176 742 175 742 157 755 109 742 108 742 107 742 105 742 104 742 90 751 92 788"/></Shape>
	    <String CONTENT="ſes, l&#x27;aſſaut &amp; deffenſe du fort."
                    HPOS="90.0"
                    VPOS="739.0"
                    WIDTH="659.0"
                    HEIGHT="57.0"
                    WC="0.989084496642604"></String>
          </TextLine>
        </TextBlock>
        <TextBlock HPOS="97.0"
                   VPOS="806.0"
                   WIDTH="1038.0"
                   HEIGHT="233.0"
                   ID="block_3"
                   TAGREFS="BT100005">
          <Shape><Polygon POINTS="1135 806 1135 1039 97 1039 97 806"/></Shape>
          <TextLine ID="line_13"
                    TAGREFS="LT8"
                    BASELINE="108 847 1129 845" 
                    HPOS="107.0"
                    VPOS="801.0"
                    WIDTH="1022.0"
                    HEIGHT="65.0">
            <Shape><Polygon POINTS="108 847 108 857 404 857 435 866 437 866 438 866 439 866 469 856 473 856 477 856 522 866 524 866 604 856 624 854 729 854 730 856 741 865 742 865 743 865 745 865 794 856 800 856 814 856 917 865 919 865 1128 856 1129 845 1128 816 1094 801 1092 801 1052 801 1050 801 1049 801 1048 801 1027 816 916 816 906 808 905 808 904 808 902 808 901 808 900 808 891 814 829 801 828 801 826 801 799 814 735 815 655 801 654 801 652 801 608 815 519 815 505 803 503 803 502 803 500 803 499 803 465 815 434 815 420 803 419 803 418 803 354 803 352 803 351 803 350 803 335 816 297 803 295 803 294 803 226 816 171 803 169 803 168 803 166 803 165 803 147 818 107 818 108 847"/></Shape>
	    <String CONTENT="Or cela diſoit Lignerolles penſant rappaiſer"
                    HPOS="107.0"
                    VPOS="801.0"
                    WIDTH="1022.0"
                    HEIGHT="65.0"
                    WC="0.9838556891137903"></String>
          </TextLine>
          <TextLine ID="line_14"
                    TAGREFS="LT8"
                    BASELINE="96 907 1129 903" 
                    HPOS="95.0"
                    VPOS="861.0"
                    WIDTH="1034.0"
                    HEIGHT="64.0">
            <Shape><Polygon POINTS="96 907 96 915 112 923 114 923 115 925 115 923 116 923 134 917 152 923 153 923 154 923 207 917 403 923 404 923 468 915 491 922 492 922 494 922 495 922 496 922 506 915 876 921 878 921 879 921 900 914 1118 921 1119 921 1121 921 1122 921 1129 914 1129 903 1126 873 950 873 948 872 935 861 934 861 932 861 931 861 845 870 834 872 830 870 798 861 796 861 795 861 794 861 792 861 780 870 777 873 771 870 746 862 745 862 719 862 718 862 716 862 715 862 705 870 700 875 643 875 638 870 628 862 627 862 625 862 624 862 570 869 541 873 534 869 524 862 522 862 521 862 519 862 518 862 491 869 473 875 376 875 369 869 363 864 362 864 361 864 359 864 358 864 342 868 332 870 324 868 306 864 305 864 304 864 302 864 301 864 295 868 287 875 95 868 96 907"/></Shape>
	    <String CONTENT="le tyran, &amp; luy voulant faire ſentit qu’il auoit eu"
                    HPOS="95.0"
                    VPOS="861.0"
                    WIDTH="1034.0"
                    HEIGHT="64.0"
                    WC="0.9911870325312895"></String>
          </TextLine>
          <TextLine ID="line_15"
                    TAGREFS="LT8"
                    BASELINE="99 965 1128 963" 
                    HPOS="97.0"
                    VPOS="918.0"
                    WIDTH="1031.0"
                    HEIGHT="66.0">
            <Shape><Polygon POINTS="99 965 99 984 154 975 374 982 381 982 382 982 385 982 438 975 479 980 487 982 488 982 500 980 548 975 559 980 563 982 564 982 566 982 581 980 623 974 669 979 695 982 696 982 731 979 779 974 894 976 1071 982 1072 982 1126 974 1128 963 1124 921 986 930 974 922 970 918 969 918 967 918 966 918 965 918 948 922 938 925 923 922 893 918 891 918 890 918 889 918 882 923 872 932 849 932 817 923 786 918 784 918 783 918 769 925 757 932 631 932 623 926 609 919 608 919 556 919 555 919 553 919 552 919 541 927 536 933 499 933 494 929 483 919 481 919 480 919 479 919 477 919 450 926 442 919 441 919 439 919 381 919 380 919 378 919 377 919 365 930 363 932 340 932 333 930 285 919 283 919 282 919 281 919 267 932 266 933 97 933 99 965"/></Shape>
	    <String CONTENT="part au Conſeil: ſe mõſtrant par là auſei ſot, qu’il"
                    HPOS="97.0"
                    VPOS="918.0"
                    WIDTH="1031.0"
                    HEIGHT="66.0"
                    WC="0.9934234221776327"></String>
          </TextLine>
          <TextLine ID="line_16"
                    TAGREFS="LT8"
                    BASELINE="95 1024 589 1021" 
                    HPOS="93.0"
                    VPOS="976.0"
                    WIDTH="496.0"
                    HEIGHT="57.0">
            <Shape><Polygon POINTS="95 1024 95 1033 587 1031 589 1021 586 991 545 991 532 978 532 976 530 976 529 976 528 976 526 976 499 983 476 976 475 976 473 976 472 976 471 976 452 991 424 976 423 976 422 976 420 976 419 976 419 978 405 991 386 991 343 976 342 976 340 976 339 976 338 976 312 993 309 993 199 978 198 978 196 978 195 978 195 979 184 990 147 993 133 979 133 978 131 978 130 978 112 978 111 978 109 978 108 978 93 989 95 1024"/></Shape>
	    <String CONTENT="ſe cuidoit eſtre habile."
                    HPOS="93.0"
                    VPOS="976.0"
                    WIDTH="496.0"
                    HEIGHT="57.0"
                    WC="0.9990550801157951"></String>
          </TextLine>
        </TextBlock>
        <TextBlock HPOS="97.0"
                   VPOS="1039.0"
                   WIDTH="1038.0"
                   HEIGHT="237.0"
                   ID="block_4"
                   TAGREFS="BT100005">
          <Shape><Polygon POINTS="1135 1039 1135 1276 97 1276 97 1039"/></Shape>
          <TextLine ID="line_17"
                    TAGREFS="LT8"
                    BASELINE="108 1077 1128 1081" 
                    HPOS="107.0"
                    VPOS="1035.0"
                    WIDTH="1021.0"
                    HEIGHT="65.0">
            <Shape><Polygon POINTS="108 1077 107 1086 164 1096 268 1097 270 1097 271 1097 290 1090 471 1098 472 1098 473 1098 475 1098 487 1092 726 1098 727 1098 787 1090 825 1100 826 1100 828 1100 1126 1090 1128 1081 1128 1052 1087 1037 1086 1037 1056 1037 1054 1037 1053 1037 1052 1037 1035 1050 1000 1037 999 1037 997 1037 996 1037 950 1051 948 1051 925 1037 924 1037 923 1037 921 1037 920 1037 890 1050 876 1037 875 1037 874 1037 872 1037 810 1048 790 1036 788 1036 787 1036 786 1036 731 1048 700 1036 699 1036 697 1036 651 1043 625 1036 624 1036 623 1036 621 1036 620 1036 602 1050 601 1051 545 1051 543 1048 526 1036 525 1036 524 1036 522 1036 521 1036 494 1048 491 1050 401 1050 400 1048 382 1035 381 1035 380 1035 378 1035 377 1035 344 1047 342 1050 199 1050 195 1047 172 1035 171 1035 169 1035 168 1035 166 1035 147 1047 145 1048 108 1047 108 1077"/></Shape>
	    <String CONTENT=" Le tyran l’entendant ainſi parler, ſe doutãt d’e¬"
                    HPOS="107.0"
                    VPOS="1035.0"
                    WIDTH="1021.0"
                    HEIGHT="65.0"
                    WC="0.9962239218693153"></String>
          </TextLine>
          <TextLine ID="line_18"
                    TAGREFS="LT8"
                    BASELINE="95 1140 1126 1138" 
                    HPOS="93.0"
                    VPOS="1096.0"
                    WIDTH="1033.0"
                    HEIGHT="63.0">
            <Shape><Polygon POINTS="95 1140 95 1151 243 1151 245 1151 255 1158 256 1158 257 1158 259 1158 324 1151 333 1151 338 1151 373 1159 374 1159 443 1151 450 1151 456 1151 502 1159 503 1159 505 1159 506 1159 518 1151 534 1157 536 1157 537 1157 606 1151 628 1150 632 1151 642 1158 643 1158 644 1158 646 1158 647 1158 670 1151 676 1150 680 1151 695 1158 696 1158 697 1158 1125 1150 1126 1138 1124 1109 1091 1109 1067 1096 1065 1096 1064 1096 1062 1096 1030 1109 904 1109 887 1096 886 1096 885 1096 857 1096 856 1096 855 1096 853 1096 837 1108 791 1108 767 1096 765 1096 764 1096 684 1108 620 1108 600 1097 598 1097 543 1097 541 1097 540 1097 538 1097 521 1109 518 1111 495 1111 494 1109 479 1097 477 1097 476 1097 475 1097 473 1097 441 1109 438 1109 302 1109 283 1109 268 1097 267 1097 266 1097 264 1097 232 1104 199 1097 198 1097 196 1097 195 1097 179 1109 177 1109 172 1109 104 1097 103 1097 101 1097 100 1097 100 1098 93 1104 95 1140"/></Shape>
	    <String CONTENT="ſtre deſcouuert! Quel fort, repliqua il, mort-dieu"
                    HPOS="93.0"
                    VPOS="1096.0"
                    WIDTH="1033.0"
                    HEIGHT="63.0"
                    WC="0.9915008568763732"></String>
          </TextLine>
          <TextLine ID="line_19"
                    TAGREFS="LT8"
                    BASELINE="96 1199 1126 1199" 
                    HPOS="96"
                    VPOS="1157"
                    WIDTH="1030"
                    HEIGHT="61">
            <Shape><Polygon POINTS="96 1199 96 1207 114 1216 115 1216 116 1216 118 1216 142 1208 264 1216 266 1218 373 1218 373 1216 374 1216 376 1216 385 1208 411 1216 412 1216 414 1216 487 1208 494 1208 509 1208 657 1215 658 1215 803 1210 841 1208 848 1210 874 1216 875 1216 876 1216 921 1210 934 1208 935 1210 944 1216 946 1216 947 1216 948 1216 1126 1210 1126 1199 1126 1168 1106 1157 1105 1157 1072 1157 1071 1157 1069 1157 1068 1157 1054 1169 1053 1170 1005 1170 1003 1168 984 1157 982 1157 981 1157 948 1157 947 1157 946 1157 944 1157 932 1168 929 1169 891 1169 890 1168 878 1157 876 1157 875 1157 874 1157 829 1166 818 1169 815 1166 802 1157 800 1157 799 1157 798 1157 796 1157 772 1166 765 1170 716 1170 711 1166 699 1157 697 1157 696 1157 662 1157 661 1157 659 1157 658 1157 647 1165 643 1169 631 1165 600 1157 598 1157 597 1157 595 1157 567 1165 552 1169 271 1169 260 1162 247 1157 245 1157 244 1157 213 1162 177 1170 146 1170 134 1162 126 1157 124 1157 123 1157 122 1157 96 1161 96 1199"/></Shape>
	    <String CONTENT="ie ne ſcay que vous voulez dire. Le fort Sire, dit"
                    HPOS="96"
                    VPOS="1157"
                    WIDTH="1030"
                    HEIGHT="61"
                    WC="0.9773274266719818"></String>
          </TextLine>
          <TextLine ID="line_20"
                    TAGREFS="LT8"
                    BASELINE="99 1257 984 1254" 
                    HPOS="97"
                    VPOS="1214"
                    WIDTH="887"
                    HEIGHT="59">
            <Shape><Polygon POINTS="99 1257 99 1267 412 1273 414 1273 415 1273 430 1267 445 1273 446 1273 447 1273 449 1273 475 1267 492 1273 494 1273 495 1273 496 1273 498 1273 498 1272 505 1267 524 1273 525 1273 526 1273 572 1265 578 1265 583 1265 620 1272 621 1272 623 1272 635 1265 638 1265 739 1265 741 1265 748 1272 749 1272 750 1272 752 1272 798 1265 800 1265 807 1265 947 1272 948 1272 982 1264 984 1254 981 1226 889 1226 887 1225 863 1214 862 1214 837 1214 836 1214 834 1214 833 1214 833 1215 822 1225 821 1226 746 1226 745 1223 737 1216 735 1216 734 1216 733 1216 731 1216 715 1223 715 1225 604 1225 595 1223 564 1214 563 1214 541 1214 540 1214 538 1214 537 1214 537 1215 528 1222 524 1227 412 1227 407 1222 400 1216 400 1215 399 1215 397 1215 396 1215 395 1215 378 1222 366 1227 329 1227 323 1222 314 1215 313 1215 312 1215 279 1215 278 1215 276 1215 266 1221 256 1226 203 1221 173 1218 172 1218 157 1221 143 1223 139 1221 135 1216 135 1215 134 1215 133 1215 131 1215 97 1219 99 1257"/></Shape>
	    <String CONTENT="Lignerolles, du iout des noces que ſcauez."
                    HPOS="97"
                    VPOS="1214"
                    WIDTH="887"
                    HEIGHT="59"
                    WC="0.9874091403824943"></String>
          </TextLine>
        </TextBlock>
        <TextBlock HPOS="1050.0"
                   VPOS="97.0"
                   WIDTH="76.0"
                   HEIGHT="59.0"
                   ID="block_6"
                   TAGREFS="BT15">
          <Shape><Polygon POINTS="1126 97 1126 156 1050 156 1050 97"/></Shape>
          <TextLine ID="line_1"
                    TAGREFS="LT8"
                    BASELINE="1039 128 1111 131" 
                    HPOS="1038.0"
                    VPOS="113.0"
                    WIDTH="73.0"
                    HEIGHT="41.0">
            <Shape><Polygon POINTS="1107 113 1094 113 1080 113 1067 113 1053 113 1039 113 1039 128 1038 139 1073 154 1075 154 1076 154 1077 154 1087 150 1091 147 1107 154 1111 131 1110 113 1107 113"/></Shape>
	    <String CONTENT="*17"
                    HPOS="1038.0"
                    VPOS="113.0"
                    WIDTH="73.0"
                    HEIGHT="41.0"
                    WC="0.9999783833821615"></String>
          </TextLine>
        </TextBlock>
        <TextBlock HPOS="93.0"
                   VPOS="1275.0"
                   WIDTH="1036.0"
                   HEIGHT="229.0"
                   ID="block_9"
                   TAGREFS="BT100005">
          <Shape><Polygon POINTS="1129 1275 1129 1504 93 1504 93 1275"/></Shape>
          <TextLine ID="line_21"
                    TAGREFS="LT8"
                    BASELINE="99 1318 533 1313 1124 1317" 
                    HPOS="97.0"
                    VPOS="1272.0"
                    WIDTH="1027.0"
                    HEIGHT="61.0">
            <Shape><Polygon POINTS="99 1318 97 1322 118 1332 119 1332 120 1332 122 1332 153 1324 184 1332 185 1332 187 1332 225 1324 228 1324 229 1324 247 1332 248 1332 249 1332 310 1325 323 1324 329 1325 358 1332 359 1332 361 1332 400 1325 414 1324 418 1325 427 1332 428 1332 430 1332 431 1332 469 1326 488 1324 495 1326 506 1332 507 1332 509 1332 510 1332 524 1326 532 1324 582 1324 590 1328 597 1332 598 1332 600 1332 601 1333 663 1333 663 1332 665 1332 674 1328 685 1324 731 1324 739 1329 742 1332 743 1332 745 1332 746 1332 762 1329 792 1324 825 1329 833 1330 834 1330 836 1330 837 1330 837 1329 847 1324 1034 1324 1121 1332 1124 1317 1124 1287 1086 1272 1084 1272 1083 1272 1010 1283 942 1272 940 1272 939 1272 887 1286 840 1272 838 1272 790 1272 788 1272 787 1272 737 1286 666 1272 665 1272 663 1272 638 1283 610 1276 609 1276 608 1276 540 1286 522 1276 521 1276 519 1276 518 1276 486 1286 229 1286 175 1272 173 1272 172 1272 171 1272 169 1272 152 1287 99 1287 99 1318"/></Shape>
	    <String CONTENT=" Le tytan en ayant ouy plus qu’il n’euſt voulu,"
                    HPOS="97.0"
                    VPOS="1272.0"
                    WIDTH="1027.0"
                    HEIGHT="61.0"
                    WC="0.9729309779532412"></String>
          </TextLine>
          <TextLine ID="line_22"
                    TAGREFS="LT8"
                    BASELINE="96 1372 1125 1375" 
                    HPOS="95.0"
                    VPOS="1333.0"
                    WIDTH="1030.0"
                    HEIGHT="60.0">
            <Shape><Polygon POINTS="96 1372 95 1381 111 1389 112 1389 114 1389 233 1382 285 1390 286 1390 333 1382 386 1391 388 1391 433 1382 435 1382 437 1382 458 1391 460 1391 461 1391 514 1383 522 1382 528 1383 553 1391 555 1391 556 1391 557 1391 559 1391 570 1383 572 1382 676 1382 678 1385 692 1393 693 1393 695 1393 696 1393 741 1385 753 1383 795 1383 796 1385 805 1393 806 1393 807 1393 809 1393 851 1386 868 1383 898 1386 951 1391 953 1391 954 1391 963 1386 969 1385 1008 1385 1012 1387 1019 1393 1020 1393 1022 1393 1023 1393 1024 1393 1038 1387 1041 1386 1042 1387 1048 1393 1049 1393 1050 1393 1052 1393 1124 1387 1125 1375 1122 1334 1052 1344 992 1344 976 1334 974 1334 973 1334 972 1334 953 1336 867 1341 799 1337 765 1334 764 1334 762 1334 761 1334 758 1337 749 1344 714 1337 711 1337 710 1337 651 1337 384 1343 378 1340 369 1333 367 1333 366 1333 365 1333 363 1333 338 1340 327 1344 177 1344 169 1341 120 1333 119 1333 118 1333 96 1341 96 1372"/></Shape>
	    <String CONTENT="changeant de propos, renuoy a Lignerolles, qui"
                    HPOS="95.0"
                    VPOS="1333.0"
                    WIDTH="1030.0"
                    HEIGHT="60.0"
                    WC="0.998221086419147"></String>
          </TextLine>
          <TextLine ID="line_23"
                    TAGREFS="LT8"
                    BASELINE="97 1432 1121 1432" 
                    HPOS="97.0"
                    VPOS="1406.0"
                    WIDTH="1024.0"
                    HEIGHT="46.0">
            <Shape><Polygon POINTS="1115 1412 1102 1412 1088 1412 1075 1412 1061 1412 1048 1412 1034 1412 1020 1412 1007 1412 993 1412 980 1412 966 1412 953 1412 939 1412 925 1412 912 1412 898 1412 885 1412 871 1412 857 1412 844 1412 830 1412 817 1412 803 1412 790 1412 776 1412 762 1412 749 1412 735 1412 722 1412 708 1412 695 1412 681 1412 667 1412 652 1412 640 1412 627 1412 613 1412 600 1412 586 1412 572 1412 559 1412 545 1412 532 1412 518 1412 505 1412 491 1412 477 1412 464 1412 450 1412 437 1412 423 1412 409 1412 396 1412 382 1412 369 1412 355 1412 342 1412 328 1412 314 1412 301 1412 287 1412 274 1412 260 1412 247 1412 233 1412 219 1412 206 1412 192 1412 179 1412 165 1412 152 1412 138 1412 135 1406 97 1406 97 1432 97 1442 237 1452 238 1452 291 1444 304 1443 325 1444 392 1451 393 1451 506 1447 600 1443 619 1448 636 1452 638 1452 639 1452 665 1448 697 1443 868 1443 963 1451 981 1452 982 1452 984 1452 988 1451 1023 1443 1119 1452 1121 1432 1119 1412 1115 1412"/></Shape>
	    <String CONTENT="s’aulla poſsible bien tard qu’ITauoit vn peu trop"
                    HPOS="97.0"
                    VPOS="1406.0"
                    WIDTH="1024.0"
                    HEIGHT="46.0"
                    WC="0.9995193542266378"></String>
          </TextLine>
          <TextLine ID="line_24"
                    TAGREFS="LT8"
                    BASELINE="101 1497 245 1492" 
                    HPOS="99.0"
                    VPOS="1446.0"
                    WIDTH="146.0"
                    HEIGHT="68.0">
            <Shape><Polygon POINTS="127 1481 120 1462 99 1462 101 1497 101 1514 244 1500 245 1492 243 1457 211 1446 210 1446 209 1446 207 1446 206 1446 206 1447 199 1452 183 1447 181 1447 180 1447 179 1447 177 1447 161 1461 131 1461 127 1481"/></Shape>
	    <String CONTENT="parlé."
                    HPOS="99.0"
                    VPOS="1446.0"
                    WIDTH="146.0"
                    HEIGHT="68.0"
                    WC="0.9991362605776105"></String>
          </TextLine>
        </TextBlock>
        <TextBlock HPOS="98.0"
                   VPOS="1510.0"
                   WIDTH="1041.0"
                   HEIGHT="482.0"
                   ID="block_1"
                   TAGREFS="BT100005">
          <Shape><Polygon POINTS="1139 1510 1139 1992 98 1992 98 1510"/></Shape>
          <TextLine ID="line_25"
                    TAGREFS="LT8"
                    BASELINE="156 1550 1124 1553" 
                    HPOS="154.0"
                    VPOS="1507.0"
                    WIDTH="970.0"
                    HEIGHT="61.0">
            <Shape><Polygon POINTS="156 1550 154 1557 173 1566 175 1566 176 1566 221 1560 358 1560 373 1566 374 1566 376 1566 424 1560 428 1560 438 1560 545 1566 547 1566 604 1561 623 1560 636 1561 673 1568 674 1568 738 1562 758 1561 773 1562 809 1568 810 1568 853 1564 879 1561 1121 1565 1124 1553 1122 1522 995 1518 985 1508 984 1508 982 1508 886 1508 885 1508 828 1519 792 1514 791 1514 790 1514 788 1514 781 1520 769 1512 768 1512 767 1512 765 1512 661 1520 651 1520 640 1520 547 1512 545 1512 544 1512 530 1519 513 1507 511 1507 510 1507 509 1507 507 1507 475 1519 300 1519 285 1507 283 1507 282 1507 281 1507 215 1519 214 1519 176 1507 175 1507 173 1507 172 1507 171 1507 156 1516 156 1550"/></Shape>
	    <String CONTENT="Soudain apres le tyran ayant mandé ſa mere,"
                    HPOS="154.0"
                    VPOS="1507.0"
                    WIDTH="970.0"
                    HEIGHT="61.0"
                    WC="0.9959707422689958"></String>
          </TextLine>
          <TextLine ID="line_26"
                    TAGREFS="LT8"
                    BASELINE="99 1609 1125 1611" 
                    HPOS="97.0"
                    VPOS="1566.0"
                    WIDTH="1028.0"
                    HEIGHT="59.0">
            <Shape><Polygon POINTS="99 1609 97 1615 137 1625 138 1625 181 1618 196 1625 198 1625 199 1625 350 1618 361 1618 1122 1623 1125 1611 1124 1579 991 1579 988 1577 966 1571 965 1571 963 1571 924 1576 893 1568 891 1568 890 1568 837 1576 824 1579 724 1579 720 1575 712 1568 711 1568 710 1568 708 1568 707 1568 681 1575 673 1576 666 1575 639 1568 638 1568 636 1568 635 1568 621 1575 616 1577 612 1575 604 1566 602 1566 601 1566 600 1566 598 1566 576 1573 568 1577 494 1577 490 1573 481 1566 480 1566 479 1566 477 1566 443 1573 438 1573 434 1572 412 1566 411 1566 409 1566 408 1566 407 1566 400 1572 396 1576 384 1572 366 1566 365 1566 363 1566 362 1566 343 1572 327 1577 232 1577 223 1571 218 1566 217 1566 215 1566 214 1566 213 1566 203 1571 190 1576 99 1571 99 1609"/></Shape>
	    <String CONTENT="luy demanda s’elle aueit deſcouuert leur pot aux"
                    HPOS="97.0"
                    VPOS="1566.0"
                    WIDTH="1028.0"
                    HEIGHT="59.0"
                    WC="0.9919805352886518"></String>
          </TextLine>
          <TextLine ID="line_27"
                    TAGREFS="LT8"
                    BASELINE="100 1667 1130 1671" 
                    HPOS="99.0"
                    VPOS="1625.0"
                    WIDTH="1031.0"
                    HEIGHT="66.0">
            <Shape><Polygon POINTS="100 1667 99 1678 108 1686 108 1687 109 1687 111 1687 112 1687 154 1678 218 1687 219 1689 275 1689 275 1687 276 1687 278 1687 289 1679 339 1687 340 1687 378 1679 390 1676 468 1679 496 1680 505 1689 506 1689 507 1689 509 1690 587 1690 587 1689 589 1689 616 1682 628 1678 633 1682 643 1689 644 1689 646 1689 647 1689 680 1682 701 1678 947 1678 969 1684 988 1690 989 1690 991 1691 1018 1691 1018 1690 1019 1690 1020 1690 1026 1686 1033 1680 1128 1686 1130 1671 1130 1637 1115 1628 1114 1628 1113 1628 1069 1628 1068 1628 1067 1628 1045 1640 989 1640 972 1628 970 1628 969 1628 967 1628 762 1637 714 1626 712 1626 711 1626 669 1637 647 1626 646 1626 624 1626 623 1626 621 1626 620 1626 606 1637 568 1629 567 1629 566 1629 564 1629 555 1637 555 1638 513 1638 511 1637 481 1626 480 1626 479 1626 438 1636 420 1625 419 1625 418 1625 416 1625 415 1625 370 1636 370 1637 217 1637 215 1636 192 1625 191 1625 190 1625 100 1634 100 1667"/></Shape>
	    <String CONTENT="roſes, que par le ſang quelqu’vn en auoit ia parlé."
                    HPOS="99.0"
                    VPOS="1625.0"
                    WIDTH="1031.0"
                    HEIGHT="66.0"
                    WC="0.9910021195044885"></String>
          </TextLine>
          <TextLine ID="line_28"
                    TAGREFS="LT8"
                    BASELINE="100 1728 1130 1728" 
                    HPOS="100.0"
                    VPOS="1690.0"
                    WIDTH="1030.0"
                    HEIGHT="49.0">
            <Shape><Polygon POINTS="100 1728 100 1739 1130 1739 1130 1728 1130 1699 1018 1690 1016 1690 1015 1690 1014 1690 1004 1698 1003 1699 849 1699 844 1697 832 1690 830 1690 829 1690 828 1690 805 1695 794 1699 567 1699 541 1694 522 1690 521 1690 519 1690 518 1690 514 1693 509 1698 183 1698 169 1690 168 1690 166 1690 100 1690 100 1728"/></Shape>
	    <String CONTENT="Mais trouuant que ſa mere n’en auoit rien dece¬"
                    HPOS="100.0"
                    VPOS="1690.0"
                    WIDTH="1030.0"
                    HEIGHT="49.0"
                    WC="0.9882415292110849"></String>
          </TextLine>
          <TextLine ID="line_29"
                    TAGREFS="LT8"
                    BASELINE="99 1784 1128 1789" 
                    HPOS="97.0"
                    VPOS="1740.0"
                    WIDTH="1031.0"
                    HEIGHT="65.0">
            <Shape><Polygon POINTS="99 1784 97 1793 112 1801 114 1801 115 1801 276 1794 281 1794 286 1794 404 1803 405 1803 407 1803 420 1796 422 1796 564 1796 590 1798 636 1803 638 1803 718 1800 783 1797 815 1801 845 1804 847 1804 848 1804 853 1801 860 1797 866 1801 868 1804 870 1804 871 1804 872 1805 1126 1805 1128 1789 1126 1758 1095 1758 1095 1756 1080 1744 1079 1744 1077 1744 1048 1744 1046 1744 1045 1744 1043 1744 1027 1756 1024 1758 1007 1758 1004 1755 991 1744 989 1744 988 1744 885 1744 883 1744 882 1744 881 1744 866 1754 863 1755 862 1754 851 1748 849 1748 848 1748 746 1752 682 1755 674 1752 652 1743 651 1743 650 1743 609 1751 608 1751 597 1741 595 1741 594 1741 593 1741 591 1741 567 1751 556 1754 518 1754 514 1750 506 1743 505 1743 503 1743 502 1743 500 1743 486 1750 476 1755 414 1755 403 1748 392 1741 390 1741 389 1741 388 1741 386 1741 369 1748 358 1752 354 1748 346 1741 346 1740 344 1740 343 1740 342 1740 340 1740 321 1747 308 1754 251 1754 243 1747 234 1740 233 1740 232 1740 230 1740 229 1740 206 1746 202 1747 200 1746 194 1740 192 1740 191 1740 190 1740 99 1744 99 1784"/></Shape>
	    <String CONTENT="lé, il fit venir le comte de Rets, auquel d’abordee"
                    HPOS="97.0"
                    VPOS="1740.0"
                    WIDTH="1031.0"
                    HEIGHT="65.0"
                    WC="0.9907574630700625"></String>
          </TextLine>
          <TextLine ID="line_30"
                    TAGREFS="LT8"
                    BASELINE="100 1843 1129 1847" 
                    HPOS="99.0"
                    VPOS="1801.0"
                    WIDTH="1030.0"
                    HEIGHT="64.0">
            <Shape><Polygon POINTS="100 1843 99 1851 130 1861 131 1861 133 1861 134 1861 135 1861 143 1854 244 1854 319 1854 320 1854 329 1862 331 1862 332 1862 333 1862 335 1862 357 1855 423 1862 424 1862 426 1862 439 1855 443 1854 447 1855 471 1864 472 1864 473 1864 538 1857 543 1857 547 1857 614 1864 616 1864 650 1858 666 1855 705 1858 787 1865 788 1865 847 1859 883 1857 898 1861 910 1864 912 1864 913 1864 914 1864 916 1864 920 1861 927 1857 944 1861 961 1865 962 1865 963 1865 965 1865 973 1861 981 1857 1126 1862 1129 1847 1129 1815 1115 1808 1114 1808 1113 1808 1111 1808 1091 1815 1090 1815 1077 1804 1076 1804 1075 1804 1073 1804 1072 1804 1043 1813 1041 1815 1037 1813 1011 1804 1010 1804 1008 1804 1007 1804 985 1813 981 1816 891 1816 887 1812 876 1804 875 1804 874 1804 872 1804 810 1812 796 1813 791 1812 768 1803 767 1803 737 1803 735 1803 734 1803 733 1803 723 1811 720 1813 716 1811 700 1803 699 1803 697 1803 658 1811 643 1815 532 1815 522 1809 507 1803 506 1803 505 1803 472 1809 450 1813 435 1809 412 1801 411 1801 409 1801 408 1801 389 1808 380 1812 370 1808 352 1801 351 1801 350 1801 348 1801 327 1808 313 1813 262 1813 255 1808 248 1801 247 1801 245 1801 221 1801 219 1801 218 1801 217 1801 210 1807 203 1813 160 1813 149 1807 141 1801 139 1801 138 1801 137 1801 100 1805 100 1843"/></Shape>
	    <String CONTENT="il va dire: Petit vilain, par le ſang. Dieu, ie t’ar"
                    HPOS="99.0"
                    VPOS="1801.0"
                    WIDTH="1030.0"
                    HEIGHT="64.0"
                    WC="0.9856389600497025"></String>
          </TextLine>
          <TextLine ID="line_31"
                    TAGREFS="LT8"
                    BASELINE="100 1902 1128 1904" 
                    HPOS="99.0"
                    VPOS="1861.0"
                    WIDTH="1029.0"
                    HEIGHT="64.0">
            <Shape><Polygon POINTS="100 1902 99 1912 112 1922 114 1922 115 1922 116 1922 168 1914 230 1923 232 1923 233 1923 247 1916 347 1923 348 1923 350 1923 351 1923 363 1914 412 1914 452 1923 453 1923 454 1923 594 1914 662 1923 663 1923 767 1918 784 1925 786 1925 787 1925 788 1925 790 1925 800 1915 824 1923 825 1923 826 1923 916 1915 1011 1915 1022 1922 1023 1922 1024 1922 1026 1922 1027 1922 1057 1915 1091 1923 1092 1923 1094 1923 1095 1923 1126 1914 1128 1904 1128 1877 1092 1862 1091 1862 1090 1862 1012 1876 1011 1876 977 1862 976 1862 974 1862 883 1876 875 1876 748 1876 746 1874 727 1862 726 1862 724 1862 661 1862 659 1862 658 1862 657 1862 640 1873 614 1861 613 1861 612 1861 610 1861 571 1873 568 1873 567 1873 545 1868 544 1868 543 1868 491 1873 468 1874 465 1872 447 1861 446 1861 445 1861 443 1861 392 1872 384 1873 324 1872 213 1868 211 1868 210 1868 200 1870 187 1874 181 1870 179 1868 177 1868 176 1868 175 1868 173 1868 162 1870 156 1872 154 1870 143 1861 142 1861 141 1861 139 1861 100 1869 100 1902"/></Shape>
	    <String CONTENT="fait trop grand, petit beliſtre; mais ie te ſe¬"
                    HPOS="99.0"
                    VPOS="1861.0"
                    WIDTH="1029.0"
                    HEIGHT="64.0"
                    WC="0.9945850169405024"></String>
          </TextLine>
          <TextLine ID="line_32"
                    TAGREFS="LT8"
                    BASELINE="100 1961 1129 1969" 
                    HPOS="99.0"
                    VPOS="1921.0"
                    WIDTH="1030.0"
                    HEIGHT="71.0">
            <Shape><Polygon POINTS="100 1961 99 1971 143 1986 145 1986 146 1987 171 1987 171 1986 172 1986 173 1986 190 1973 287 1973 323 1987 324 1987 325 1987 381 1978 415 1987 416 1987 418 1987 419 1987 420 1987 431 1979 442 1987 442 1988 443 1988 445 1988 446 1990 511 1990 511 1988 513 1988 536 1976 537 1976 661 1976 663 1978 691 1986 692 1986 693 1986 695 1986 696 1986 705 1978 708 1978 746 1978 750 1979 784 1991 786 1991 787 1992 867 1992 867 1991 868 1991 891 1980 895 1979 981 1979 984 1982 997 1992 999 1992 1000 1992 1001 1992 1067 1982 1080 1980 1087 1983 1111 1991 1113 1991 1114 1991 1115 1991 1117 1991 1128 1983 1129 1969 1128 1940 957 1926 955 1926 916 1933 871 1926 870 1926 868 1926 838 1935 832 1937 821 1935 796 1930 795 1930 616 1933 443 1934 434 1930 418 1922 416 1922 415 1922 381 1929 363 1933 348 1929 325 1922 324 1922 300 1922 298 1922 297 1922 295 1922 289 1927 282 1933 262 1927 236 1921 234 1921 184 1921 183 1921 181 1921 166 1926 152 1931 100 1926 100 1961"/></Shape>
	    <String CONTENT="ray bien ſi petit, qu’on ne te verra pas ſur terre;"
                    HPOS="99.0"
                    VPOS="1921.0"
                    WIDTH="1030.0"
                    HEIGHT="71.0"
                    WC="0.9808631714652566"></String>
          </TextLine>
        </TextBlock>
        <TextBlock HPOS="532.0"
                   VPOS="2303.0"
                   WIDTH="312.0"
                   HEIGHT="93.0"
                   ID="eSc_textblock_7d75b11f"
                   TAGREFS="BT9">
          <Shape><Polygon POINTS="532 2303 532 2396 844 2396 844 2303"/></Shape>
        </TextBlock>
      </PrintSpace>
    </Page>
  </Layout>
</alto>
