<?xml version="1.0" encoding="UTF-8"?>
<alto xmlns:xsi="http://www.w3.org/2001/XMLSchema-instance"
      xmlns="http://www.loc.gov/standards/alto/ns-v4#"
      xsi:schemaLocation="http://www.loc.gov/standards/alto/ns-v4# http://www.loc.gov/standards/alto/v4/alto-4-2.xsd">
  <Description>
    <MeasurementUnit>pixel</MeasurementUnit>
    <sourceImageInformation>
      <fileName>page_00284.png</fileName>
      <fileIdentifier>mets//page_00205.zip/page_00284.png</fileIdentifier>
    </sourceImageInformation>
  </Description>
  <Tags>
    <OtherTag ID="BT7" LABEL="CustomZone" DESCRIPTION="block type CustomZone"/><OtherTag ID="BT8" LABEL="DamageZone" DESCRIPTION="block type DamageZone"/><OtherTag ID="BT9" LABEL="DigitizationArtefactZone" DESCRIPTION="block type DigitizationArtefactZone"/><OtherTag ID="BT10" LABEL="DropCapitalZone" DESCRIPTION="block type DropCapitalZone"/><OtherTag ID="BT11" LABEL="GraphicZone" DESCRIPTION="block type GraphicZone"/><OtherTag ID="BT12" LABEL="MainZone" DESCRIPTION="block type MainZone"/><OtherTag ID="BT13" LABEL="MarginTextZone" DESCRIPTION="block type MarginTextZone"/><OtherTag ID="BT14" LABEL="MusicZone" DESCRIPTION="block type MusicZone"/><OtherTag ID="BT15" LABEL="NumberingZone" DESCRIPTION="block type NumberingZone"/><OtherTag ID="BT17" LABEL="QuireMarksZone" DESCRIPTION="block type QuireMarksZone"/><OtherTag ID="BT18" LABEL="RunningTitleZone" DESCRIPTION="block type RunningTitleZone"/><OtherTag ID="BT19" LABEL="SealZone" DESCRIPTION="block type SealZone"/><OtherTag ID="BT20" LABEL="StampZone" DESCRIPTION="block type StampZone"/><OtherTag ID="BT21" LABEL="TableZone" DESCRIPTION="block type TableZone"/><OtherTag ID="BT22" LABEL="TitlePageZone" DESCRIPTION="block type TitlePageZone"/><OtherTag ID="BT100001" LABEL="MainZone-Head" DESCRIPTION="block type MainZone-Head"/><OtherTag ID="BT100005" LABEL="MainZone-P" DESCRIPTION="block type MainZone-P"/><OtherTag ID="BT100008" LABEL="MainZone-Sp" DESCRIPTION="block type MainZone-Sp"/><OtherTag ID="BT100006" LABEL="MainZone-Continued" DESCRIPTION="block type MainZone-Continued"/><OtherTag ID="BT100011" LABEL="MainZone-Entry" DESCRIPTION="block type MainZone-Entry"/><OtherTag ID="BT100010" LABEL="MainZone-Other" DESCRIPTION="block type MainZone-Other"/><OtherTag ID="BT100002" LABEL="MainZone-Lg" DESCRIPTION="block type MainZone-Lg"/>
    <OtherTag ID="LT7" LABEL="CustomLine" DESCRIPTION="line type CustomLine"/><OtherTag ID="LT8" LABEL="DefaultLine" DESCRIPTION="line type DefaultLine"/><OtherTag ID="LT9" LABEL="DropCapitalLine" DESCRIPTION="line type DropCapitalLine"/><OtherTag ID="LT10" LABEL="HeadingLine" DESCRIPTION="line type HeadingLine"/><OtherTag ID="LT11" LABEL="InterlinearLine" DESCRIPTION="line type InterlinearLine"/><OtherTag ID="LT12" LABEL="MusicLine" DESCRIPTION="line type MusicLine"/><OtherTag ID="LT764" LABEL="default" DESCRIPTION="line type default"/>
  </Tags>
  <Layout>
    <Page WIDTH="1409"
          HEIGHT="2423"
          PHYSICAL_IMG_NR="84"
          ID="eSc_dummypage_">
      <PrintSpace HPOS="0"
                  VPOS="0"
                  WIDTH="1409"
                  HEIGHT="2423">
        <TextBlock HPOS="89.0"
                   VPOS="151.0"
                   WIDTH="1066.0"
                   HEIGHT="944.0"
                   ID="block_0"
                   TAGREFS="BT100006">
          <Shape><Polygon POINTS="1155 154 1155 1095 105 1095 89 151"/></Shape>
          <TextLine ID="line_2"
                    TAGREFS="LT8"
                    BASELINE="102 195 1132 197" 
                    HPOS="101.0"
                    VPOS="149.0"
                    WIDTH="1031.0"
                    HEIGHT="63.0">
            <Shape><Polygon POINTS="102 195 101 207 1130 212 1132 197 1131 150 1066 150 1065 150 1064 150 1062 150 1045 165 969 165 951 156 949 156 948 156 946 156 929 165 844 165 825 153 821 150 820 150 818 150 817 150 816 150 808 153 785 164 662 164 651 156 646 150 645 150 643 150 642 150 610 156 572 162 560 156 546 149 545 149 544 149 542 149 518 157 501 162 484 157 462 149 460 149 459 149 457 149 429 158 418 161 409 158 383 149 382 149 328 149 327 149 325 149 324 149 309 160 303 164 245 164 239 160 223 149 222 149 220 149 192 149 191 149 189 149 188 149 168 161 164 162 102 162 102 195"/></Shape>
	    <String CONTENT="que lles naiſſent le plus ſouuent des guerres ciu&#x27;"
                    HPOS="101.0"
                    VPOS="149.0"
                    WIDTH="1031.0"
                    HEIGHT="63.0"
                    WC="0.9881293547153472"></String>
          </TextLine>
          <TextLine ID="line_3"
                    TAGREFS="LT8"
                    BASELINE="102 257 1136 254" 
                    HPOS="101.0"
                    VPOS="211.0"
                    WIDTH="1035.0"
                    HEIGHT="64.0">
            <Shape><Polygon POINTS="102 257 102 266 173 274 175 274 241 267 250 266 253 267 262 275 264 275 265 275 266 275 268 275 295 267 300 266 354 266 356 267 374 275 375 275 377 275 422 267 431 266 433 267 452 275 453 275 455 275 493 267 501 266 653 266 658 267 676 274 677 274 678 274 730 267 743 266 750 267 771 274 773 274 774 274 827 267 832 267 841 274 843 274 844 274 845 274 1135 267 1136 254 1134 212 1078 211 1077 211 1076 211 1074 211 1073 212 1061 223 1038 223 1025 212 1023 211 1022 211 1021 211 990 211 988 211 987 211 986 211 984 212 971 223 845 223 835 214 833 212 832 212 831 212 829 212 828 212 827 212 824 214 813 222 804 215 800 211 798 211 797 211 751 211 750 211 748 211 747 211 743 215 734 223 688 223 674 215 666 211 665 211 664 211 662 211 645 215 616 223 595 216 584 212 583 212 581 212 580 212 569 216 549 223 522 216 502 212 501 212 499 212 482 216 459 223 355 223 346 218 331 212 330 212 328 212 327 212 312 218 299 223 278 219 250 212 249 212 207 219 181 224 146 224 138 220 122 212 121 212 119 212 118 212 101 219 102 257"/></Shape>
	    <String CONTENT="les, ruine des peuples &amp; eſtats. Mais quand la ch"
                    HPOS="101.0"
                    VPOS="211.0"
                    WIDTH="1035.0"
                    HEIGHT="64.0"
                    WC="0.9890191197395325"></String>
          </TextLine>
          <TextLine ID="line_4"
                    TAGREFS="LT8"
                    BASELINE="101 313 1142 316" 
                    HPOS="99.0"
                    VPOS="271.0"
                    WIDTH="1043.0"
                    HEIGHT="62.0">
            <Shape><Polygon POINTS="101 313 99 323 109 329 110 329 111 329 113 329 218 323 297 331 299 331 373 323 422 323 433 331 435 331 436 331 437 331 439 331 463 323 598 323 620 332 622 332 623 333 696 333 696 332 697 332 699 332 712 324 825 332 827 332 1140 323 1142 316 1140 286 1085 278 1084 278 1083 278 1081 278 1073 285 1072 286 988 286 977 284 930 274 929 274 928 274 907 282 899 286 643 286 581 282 576 278 571 273 569 273 568 273 567 273 544 277 523 281 499 277 476 273 475 273 474 273 472 273 468 275 457 284 371 275 370 275 304 284 183 273 181 273 180 273 154 284 142 273 141 273 140 273 101 271 101 313"/></Shape>
	    <String CONTENT="ſe eſt temperee, de ſorte qu’on ne reiecte pas te¬"
                    HPOS="99.0"
                    VPOS="271.0"
                    WIDTH="1043.0"
                    HEIGHT="62.0"
                    WC="0.9905090641975403"></String>
          </TextLine>
          <TextLine ID="line_5"
                    TAGREFS="LT8"
                    BASELINE="101 370 1149 375" 
                    HPOS="99.0"
                    VPOS="328.0"
                    WIDTH="1050.0"
                    HEIGHT="65.0">
            <Shape><Polygon POINTS="99 380 106 386 107 386 109 386 110 386 727 383 769 391 770 391 917 384 955 393 956 393 1018 386 1069 393 1070 393 1111 384 1124 391 1126 391 1127 391 1128 391 1147 383 1149 375 1147 344 1072 332 1070 332 1069 332 1068 332 1057 341 1023 341 955 343 948 340 925 332 924 332 922 332 921 332 901 340 894 343 891 340 880 331 879 331 878 331 876 331 840 339 828 343 767 343 759 337 748 331 747 331 746 331 744 331 743 331 727 337 716 341 666 341 661 336 654 331 653 331 651 331 650 331 625 336 604 340 595 335 583 329 581 329 580 329 540 335 517 337 490 333 457 329 456 329 455 329 453 329 449 333 440 340 427 333 420 329 418 329 417 329 401 332 367 340 122 340 103 328 101 370 99 380"/></Shape>
	    <String CONTENT="merairement la famille ſous laquelle le peuple¬"
                    HPOS="99.0"
                    VPOS="328.0"
                    WIDTH="1050.0"
                    HEIGHT="65.0"
                    WC="0.9961358067837167"></String>
          </TextLine>
          <TextLine ID="line_6"
                    TAGREFS="LT8"
                    BASELINE="102 429 1149 432" 
                    HPOS="101.0"
                    VPOS="389.0"
                    WIDTH="1048.0"
                    HEIGHT="60.0">
            <Shape><Polygon POINTS="102 429 101 438 117 448 118 448 119 448 207 441 583 441 700 449 701 449 1147 441 1149 432 1149 402 1130 390 1128 390 1127 390 1097 390 1096 390 1095 390 1093 390 1077 403 886 403 886 402 871 393 870 393 868 393 867 393 866 393 864 393 854 402 746 402 686 402 685 402 669 390 668 390 666 390 665 390 664 390 641 398 627 389 626 389 625 389 623 389 581 398 540 389 538 389 537 389 536 389 521 401 470 389 386 389 385 389 383 389 382 389 374 395 350 389 348 389 347 389 346 389 344 389 332 399 295 399 237 389 235 389 234 389 233 389 219 399 102 399 102 429"/></Shape>
	    <String CONTENT="accouſtumé d’eſtre conduit: ains enquiert-on di¬"
                    HPOS="101.0"
                    VPOS="389.0"
                    WIDTH="1048.0"
                    HEIGHT="60.0"
                    WC="0.9981414383771469"></String>
          </TextLine>
          <TextLine ID="line_7"
                    TAGREFS="LT8"
                    BASELINE="102 488 1147 492" 
                    HPOS="101.0"
                    VPOS="445.0"
                    WIDTH="1046.0"
                    HEIGHT="65.0">
            <Shape><Polygon POINTS="102 488 101 495 122 507 123 507 125 507 228 499 356 507 358 507 437 498 480 506 482 506 483 506 497 499 507 508 509 508 510 508 511 508 513 508 532 499 668 499 691 508 692 508 693 508 774 502 825 510 827 510 1081 500 1120 508 1122 508 1123 508 1146 499 1147 492 1146 453 1062 448 1061 448 1060 448 1058 448 1052 453 1043 459 1027 453 1012 448 1011 448 1010 448 1008 448 995 453 977 460 961 453 951 448 949 448 948 448 946 448 945 448 940 453 932 460 828 460 812 453 797 446 796 446 794 446 793 446 778 453 763 459 742 453 717 446 716 446 670 446 669 446 668 446 666 446 658 453 654 456 646 453 627 446 626 446 625 446 623 446 622 446 614 453 607 459 530 459 506 459 501 453 493 446 491 446 490 446 488 446 447 453 421 457 404 453 371 445 370 445 369 445 367 445 366 445 356 453 350 459 164 459 148 453 114 445 113 445 111 445 110 445 109 445 102 449 102 488"/></Shape>
	    <String CONTENT="ligemment, ſi c’eſt pour le bien du peuple de l’eſ"
                    HPOS="101.0"
                    VPOS="445.0"
                    WIDTH="1046.0"
                    HEIGHT="65.0"
                    WC="0.9983703982830048"></String>
          </TextLine>
          <TextLine ID="line_8"
                    TAGREFS="LT8"
                    BASELINE="102 547 1146 550" 
                    HPOS="101.0"
                    VPOS="507.0"
                    WIDTH="1045.0"
                    HEIGHT="61.0">
            <Shape><Polygon POINTS="102 547 101 558 110 565 111 565 113 565 114 565 184 558 428 558 534 558 536 558 557 566 559 566 560 566 598 558 602 558 606 558 630 568 631 568 633 568 1144 562 1146 550 1146 519 1113 508 1112 508 1111 508 1109 508 1108 508 1093 518 1093 519 1033 519 1031 518 1018 508 1017 508 1015 508 1014 508 1012 508 981 518 980 518 979 518 957 508 956 508 955 508 953 508 928 518 925 518 851 518 851 516 840 508 839 508 837 508 796 508 794 508 793 508 775 516 771 519 724 519 720 516 711 508 709 508 708 508 707 508 705 508 684 515 680 518 599 518 595 515 576 507 575 507 573 507 572 507 546 515 540 516 538 515 529 507 528 507 526 507 525 507 486 514 457 507 456 507 455 507 453 507 452 507 441 514 436 516 102 512 102 547"/></Shape>
	    <String CONTENT="lire ou reietter: c’eſt s’y conduire ſagemẽt de tout"
                    HPOS="101.0"
                    VPOS="507.0"
                    WIDTH="1045.0"
                    HEIGHT="61.0"
                    WC="0.9974694555660464"></String>
          </TextLine>
          <TextLine ID="line_9"
                    TAGREFS="LT8"
                    BASELINE="106 609 1144 609" 
                    HPOS="106.0"
                    VPOS="565.0"
                    WIDTH="1038.0"
                    HEIGHT="63.0">
            <Shape><Polygon POINTS="106 609 106 628 149 628 149 627 150 627 152 627 165 617 321 617 347 625 356 627 358 627 359 627 361 627 366 624 382 617 622 617 635 621 651 625 653 625 654 627 800 627 800 625 801 625 814 620 820 617 824 620 833 625 835 625 836 625 837 625 866 619 868 619 872 619 901 627 902 627 903 627 988 625 990 625 991 625 1000 619 1021 625 1022 625 1023 625 1025 625 1026 625 1037 617 1046 625 1047 625 1049 625 1123 627 1124 627 1126 627 1144 616 1144 609 1144 580 1118 580 1099 565 1097 565 1096 565 1074 565 1073 565 1072 565 1070 565 1054 577 1033 565 1031 565 1030 565 1029 565 998 580 938 580 886 565 885 565 883 565 882 565 880 565 860 578 832 565 831 565 829 565 828 565 827 565 806 578 790 570 789 570 788 570 672 578 604 565 603 565 602 565 600 565 581 580 521 580 499 565 498 565 497 565 495 565 494 565 474 574 428 565 427 565 425 565 377 578 355 565 354 565 352 565 351 565 308 572 259 565 258 565 257 565 255 565 239 578 215 572 214 572 212 572 106 578 106 609"/></Shape>
	    <String CONTENT="point Telle eſtoit ancienement la façon d’eſle¬"
                    HPOS="106.0"
                    VPOS="565.0"
                    WIDTH="1038.0"
                    HEIGHT="63.0"
                    WC="0.9924452789127827"></String>
          </TextLine>
          <TextLine ID="line_10"
                    TAGREFS="LT8"
                    BASELINE="103 664 1143 670" 
                    HPOS="102.0"
                    VPOS="621.0"
                    WIDTH="1041.0"
                    HEIGHT="64.0">
            <Shape><Polygon POINTS="103 664 102 673 117 682 118 682 119 682 121 682 180 674 208 681 210 681 211 681 249 674 265 682 266 682 268 682 568 675 650 677 660 685 661 685 662 685 664 685 1142 677 1143 670 1143 640 1093 625 1092 625 1091 625 1089 625 1043 638 1011 636 999 625 998 625 996 625 942 625 941 625 940 625 938 625 922 639 917 639 898 639 895 639 863 624 862 624 860 624 802 638 696 638 622 623 620 623 619 623 572 636 532 623 530 623 529 623 472 635 436 623 435 623 433 623 432 623 431 623 414 636 413 636 324 636 324 635 285 621 284 621 257 621 255 621 254 621 228 635 207 621 206 621 204 621 203 621 202 621 162 635 160 635 103 635 103 664"/></Shape>
	    <String CONTENT="uer les Rois. Ainſi a eſté pratiqué en l’Empire"
                    HPOS="102.0"
                    VPOS="621.0"
                    WIDTH="1041.0"
                    HEIGHT="64.0"
                    WC="0.9811481650994749"></String>
          </TextLine>
          <TextLine ID="line_11"
                    TAGREFS="LT8"
                    BASELINE="103 725 1142 725" 
                    HPOS="103.0"
                    VPOS="683.0"
                    WIDTH="1039.0"
                    HEIGHT="60.0">
            <Shape><Polygon POINTS="103 725 103 736 288 736 289 736 313 743 315 743 316 743 352 736 354 736 355 736 378 743 379 743 381 743 464 736 475 736 678 736 681 737 689 743 691 743 692 743 693 743 720 737 727 736 752 737 854 743 855 743 898 737 913 736 937 737 1004 743 1006 743 1142 737 1142 725 1142 695 1074 695 1061 683 1060 683 1058 683 1057 683 1056 683 1022 694 986 694 972 683 971 683 969 683 968 683 967 683 934 695 876 695 862 683 860 683 859 683 858 683 769 694 748 683 747 683 691 683 689 683 688 683 686 683 673 695 643 695 630 683 629 683 627 683 602 683 600 683 599 683 576 695 497 695 460 683 459 683 457 683 456 683 455 683 437 695 379 695 358 683 356 683 293 683 292 683 290 683 289 683 277 694 222 694 207 683 206 683 204 683 173 683 172 683 171 683 169 683 157 693 125 683 123 683 122 683 121 683 119 683 103 693 103 725"/></Shape>
	    <String CONTENT="de Dauid (duquel toutefois Dieu eſtoit l’autheur"
                    HPOS="103.0"
                    VPOS="683.0"
                    WIDTH="1039.0"
                    HEIGHT="60.0"
                    WC="0.9867500886321068"></String>
          </TextLine>
          <TextLine ID="line_12"
                    TAGREFS="LT8"
                    BASELINE="102 786 1147 786" 
                    HPOS="102.0"
                    VPOS="741.0"
                    WIDTH="1045.0"
                    HEIGHT="62.0">
            <Shape><Polygon POINTS="102 786 102 796 107 802 109 802 110 802 111 802 150 795 299 802 300 803 379 803 379 802 381 802 382 802 393 795 463 802 464 802 573 795 620 802 622 802 623 802 643 795 969 802 971 802 1029 795 1061 802 1062 802 1064 802 1078 795 1132 802 1134 802 1135 802 1136 802 1147 794 1147 786 1146 755 1126 755 1109 741 1108 741 1107 741 1105 741 1104 741 1073 753 1049 741 1047 741 1046 741 1045 741 1019 755 932 755 897 741 895 741 894 741 893 741 891 741 872 755 790 755 778 747 777 747 775 747 774 747 773 747 744 753 709 741 708 741 707 741 705 741 704 741 689 753 668 743 666 743 665 743 664 743 634 753 611 741 610 741 557 741 556 741 554 741 553 741 534 755 476 755 439 741 437 741 436 741 435 741 412 753 389 741 387 741 386 741 313 752 297 741 296 741 295 741 266 741 265 741 264 741 262 741 247 753 214 741 212 741 211 741 210 741 208 741 189 753 153 753 122 741 121 741 119 741 118 741 117 741 102 751 102 786"/></Shape>
	    <String CONTENT="&amp; en la famille duquel il vouloit conſeruer le ſce"
                    HPOS="102.0"
                    VPOS="741.0"
                    WIDTH="1045.0"
                    HEIGHT="62.0"
                    WC="0.9841157174110413"></String>
          </TextLine>
          <TextLine ID="line_13"
                    TAGREFS="LT8"
                    BASELINE="103 844 1147 841" 
                    HPOS="102.0"
                    VPOS="799.0"
                    WIDTH="1045.0"
                    HEIGHT="63.0">
            <Shape><Polygon POINTS="103 844 103 862 156 853 206 861 207 861 208 861 224 853 378 860 420 861 421 861 443 858 494 853 537 858 557 860 559 860 560 860 561 860 564 857 571 853 598 857 623 861 625 861 666 856 707 852 717 856 724 858 726 858 727 858 766 856 805 852 809 854 813 858 814 858 816 858 934 860 936 860 937 860 964 853 971 852 994 853 1119 860 1120 860 1122 860 1147 850 1147 841 1146 813 1113 799 1112 799 1111 799 956 811 933 799 932 799 890 799 889 799 887 799 886 799 874 809 840 799 839 799 837 799 836 799 835 799 820 811 805 799 804 799 802 799 747 799 746 799 744 799 717 811 631 806 630 806 629 806 627 806 627 807 620 814 493 814 410 800 409 800 408 800 406 800 390 814 362 814 300 800 299 800 297 800 274 813 231 813 208 800 207 800 206 800 204 800 176 811 117 807 115 807 114 807 102 813 103 844"/></Shape>
	    <String CONTENT="ptre) où les aiſuez n’ont pas eſté eſtablis in diffe¬"
                    HPOS="102.0"
                    VPOS="799.0"
                    WIDTH="1045.0"
                    HEIGHT="63.0"
                    WC="0.9854699156501077"></String>
          </TextLine>
          <TextLine ID="line_14"
                    TAGREFS="LT8"
                    BASELINE="101 901 1147 899" 
                    HPOS="99.0"
                    VPOS="861.0"
                    WIDTH="1048.0"
                    HEIGHT="53.0">
            <Shape><Polygon POINTS="101 901 101 914 1146 911 1147 899 1144 870 1033 861 1031 861 1030 861 1029 861 1015 870 1012 870 980 861 979 861 977 861 976 861 975 861 964 870 963 872 825 872 824 870 792 861 790 861 789 861 788 861 762 870 762 872 587 872 580 872 525 862 523 862 522 862 506 870 497 862 495 862 494 862 460 862 459 862 457 862 456 862 445 872 444 873 383 873 382 872 359 862 358 862 356 862 289 869 266 862 265 862 264 862 262 862 239 872 239 873 99 873 101 901"/></Shape>
	    <String CONTENT="remment Rois. Roboam apres la mort de Salo¬"
                    HPOS="99.0"
                    VPOS="861.0"
                    WIDTH="1048.0"
                    HEIGHT="53.0"
                    WC="0.9884299635887146"></String>
          </TextLine>
          <TextLine ID="line_15"
                    TAGREFS="LT8"
                    BASELINE="102 959 1143 962" 
                    HPOS="101.0"
                    VPOS="916.0"
                    WIDTH="1042.0"
                    HEIGHT="66.0">
            <Shape><Polygon POINTS="102 959 101 967 141 981 142 981 144 981 145 981 176 970 211 970 237 981 238 981 239 981 389 979 390 979 391 979 405 970 487 981 488 981 490 981 491 981 505 971 587 970 596 977 598 977 599 977 600 977 664 971 674 979 676 979 677 979 678 979 744 974 783 981 785 981 786 981 788 981 798 971 1053 971 1112 982 1113 982 1115 982 1142 970 1143 962 1143 931 1124 923 1123 923 1122 923 1081 930 1065 918 1064 918 1062 918 1027 918 1026 918 1025 918 1023 918 1004 930 930 930 918 930 893 918 891 918 851 918 849 918 848 918 847 918 832 930 831 931 796 931 793 930 736 918 735 918 734 918 732 918 716 930 682 918 681 918 680 918 678 918 677 918 662 930 661 931 623 931 594 930 592 930 575 916 573 916 572 916 571 916 569 916 537 928 467 927 455 916 453 916 452 916 391 916 390 916 389 916 387 916 370 928 369 930 274 930 273 928 249 916 247 916 224 916 223 916 222 916 220 916 206 928 204 928 102 928 102 959"/></Shape>
	    <String CONTENT="mon fut appellé par droit de ſucceſsion au Roy¬"
                    HPOS="101.0"
                    VPOS="916.0"
                    WIDTH="1042.0"
                    HEIGHT="66.0"
                    WC="0.970153825978438"></String>
          </TextLine>
          <TextLine ID="line_16"
                    TAGREFS="LT8"
                    BASELINE="101 1017 1147 1021" 
                    HPOS="99.0"
                    VPOS="978.0"
                    WIDTH="1048.0"
                    HEIGHT="61.0">
            <Shape><Polygon POINTS="101 1017 99 1028 110 1035 111 1035 113 1035 114 1035 161 1028 254 1035 255 1035 401 1028 445 1028 459 1037 460 1037 462 1037 463 1037 538 1029 596 1029 761 1029 766 1029 800 1037 801 1037 891 1031 901 1031 902 1031 918 1039 920 1039 921 1039 1146 1032 1147 1021 1147 988 1138 981 1136 981 1135 981 1134 981 996 990 987 990 980 990 905 981 903 981 902 981 901 981 890 990 889 992 812 992 809 989 797 979 796 979 794 979 770 979 769 979 767 979 766 979 754 989 754 990 732 990 731 989 717 979 716 979 715 979 685 979 684 979 682 979 681 979 668 989 639 979 638 979 637 979 635 979 604 989 602 989 599 989 556 979 554 979 553 979 552 979 541 989 530 989 463 989 460 988 439 978 437 978 436 978 374 988 371 988 101 988 101 1017"/></Shape>
	    <String CONTENT="aume:mais ce fut par l’auis des doure lignees, qui"
                    HPOS="99.0"
                    VPOS="978.0"
                    WIDTH="1048.0"
                    HEIGHT="61.0"
                    WC="0.970830364227295"></String>
          </TextLine>
          <TextLine ID="line_17"
                    TAGREFS="LT8"
                    BASELINE="105 1076 762 1079" 
                    HPOS="103.0"
                    VPOS="1033.0"
                    WIDTH="659.0"
                    HEIGHT="62.0">
            <Shape><Polygon POINTS="105 1076 103 1091 421 1086 428 1090 431 1093 432 1093 433 1093 435 1093 626 1087 669 1087 673 1087 722 1095 723 1095 761 1086 762 1079 762 1051 723 1037 722 1037 720 1037 719 1037 693 1048 658 1037 657 1037 656 1037 654 1037 638 1043 630 1036 630 1035 629 1035 627 1035 581 1035 580 1035 579 1035 577 1035 577 1036 567 1047 540 1047 528 1036 528 1035 526 1035 525 1035 495 1035 494 1035 493 1035 491 1035 476 1048 418 1048 390 1033 389 1033 355 1033 354 1033 352 1033 327 1047 315 1035 315 1033 313 1033 312 1033 289 1033 288 1033 286 1033 285 1033 261 1048 259 1048 105 1048 105 1076"/></Shape>
	    <String CONTENT="pour c’eſt effet s’aſſemblereur."
                    HPOS="103.0"
                    VPOS="1033.0"
                    WIDTH="659.0"
                    HEIGHT="62.0"
                    WC="0.9843741729855537"></String>
          </TextLine>
        </TextBlock>
        <TextBlock HPOS="269.0"
                   VPOS="75.0"
                   WIDTH="603.0"
                   HEIGHT="62.0"
                   ID="block_2"
                   TAGREFS="BT18">
          <Shape><Polygon POINTS="872 75 872 137 269 137 269 75"/></Shape>
          <TextLine ID="line_0"
                    TAGREFS="LT10"
                    BASELINE="266 123 546 119 709 121 879 123" 
                    HPOS="262"
                    VPOS="68"
                    WIDTH="615"
                    HEIGHT="71">
            <Shape><Polygon POINTS="828 76 321 78 283 76 280 68 268 68 262 72 264 127 295 137 301 137 319 127 493 127 515 137 614 127 654 137 663 137 679 127 729 137 760 127 776 139 842 139 877 125 875 78 828 76"/></Shape>
	    <String CONTENT="DTALOGVE II."
                    HPOS="262"
                    VPOS="68"
                    WIDTH="615"
                    HEIGHT="71"
                    WC="0.9950900971889496"></String>
          </TextLine>
        </TextBlock>
        <TextBlock HPOS="1082.0"
                   VPOS="81.0"
                   WIDTH="63.0"
                   HEIGHT="66.0"
                   ID="block_4"
                   TAGREFS="BT15">
          <Shape><Polygon POINTS="1145 81 1145 147 1082 147 1082 81"/></Shape>
          <TextLine ID="line_1"
                    TAGREFS="LT8"
                    BASELINE="1083 130 1120 130" 
                    HPOS="1083.0"
                    VPOS="111.0"
                    WIDTH="37.0"
                    HEIGHT="34.0">
            <Shape><Polygon POINTS="1083 130 1083 138 1119 145 1120 130 1120 113 1083 111 1083 130"/></Shape>
	    <String CONTENT="9"
                    HPOS="1083.0"
                    VPOS="111.0"
                    WIDTH="37.0"
                    HEIGHT="34.0"
                    WC="0.9746042490005493"></String>
          </TextLine>
        </TextBlock>
        <TextBlock HPOS="101.0"
                   VPOS="1099.0"
                   WIDTH="1053.0"
                   HEIGHT="459.0"
                   ID="eSc_textblock_e8599eb1"
                   TAGREFS="BT100005">
          <Shape><Polygon POINTS="101 1099 101 1558 1154 1558 1154 1099"/></Shape>
          <TextLine ID="line_18"
                    TAGREFS="LT8"
                    BASELINE="111 1133 1146 1138" 
                    HPOS="110.0"
                    VPOS="1091.0"
                    WIDTH="1036.0"
                    HEIGHT="65.0">
            <Shape><Polygon POINTS="111 1133 110 1141 171 1142 181 1152 183 1152 184 1152 185 1152 187 1152 210 1145 227 1152 228 1152 230 1152 231 1152 258 1144 284 1152 285 1152 286 1152 346 1145 373 1153 374 1153 375 1153 412 1145 425 1153 427 1153 428 1153 429 1153 431 1153 453 1145 502 1153 503 1153 561 1146 707 1154 708 1154 770 1146 771 1146 781 1153 782 1153 783 1153 785 1153 871 1148 885 1154 886 1154 887 1154 944 1148 955 1156 956 1156 957 1156 959 1156 1010 1148 1012 1148 1143 1148 1146 1138 1146 1109 1134 1101 1132 1101 1131 1101 1130 1101 1128 1101 1108 1106 1092 1095 1091 1095 1089 1095 1037 1095 1035 1095 1034 1095 1010 1107 952 1109 949 1109 930 1095 929 1095 928 1095 926 1095 899 1101 889 1094 887 1094 886 1094 885 1094 883 1094 837 1106 806 1094 805 1094 804 1094 802 1094 771 1109 769 1109 708 1109 707 1107 681 1094 680 1094 678 1094 540 1106 510 1093 509 1093 507 1093 506 1093 463 1106 435 1106 404 1106 402 1106 370 1091 369 1091 367 1091 366 1091 324 1105 304 1091 303 1091 301 1091 300 1091 299 1091 268 1105 251 1105 222 1105 206 1091 204 1091 203 1091 183 1091 181 1091 180 1091 179 1091 162 1105 161 1105 111 1105 111 1133"/></Shape>
	    <String CONTENT="Ces choſes aiuſi premiſes, ie vien à la queſtion"
                    HPOS="110.0"
                    VPOS="1091.0"
                    WIDTH="1036.0"
                    HEIGHT="65.0"
                    WC="0.9912435850318597"></String>
          </TextLine>
          <TextLine ID="line_19"
                    TAGREFS="LT8"
                    BASELINE="105 1196 1146 1196" 
                    HPOS="105.0"
                    VPOS="1153.0"
                    WIDTH="1041.0"
                    HEIGHT="59.0">
            <Shape><Polygon POINTS="105 1196 105 1212 1146 1207 1146 1196 1146 1167 1047 1167 1023 1153 1022 1153 1021 1153 944 1167 897 1167 867 1153 866 1153 864 1153 863 1153 862 1153 845 1167 794 1167 778 1153 777 1153 775 1153 774 1153 773 1153 758 1160 730 1153 728 1153 727 1153 726 1153 724 1153 704 1167 626 1167 604 1153 603 1153 602 1153 540 1153 538 1153 537 1153 511 1165 487 1153 486 1153 436 1153 435 1153 433 1153 413 1164 400 1153 398 1153 397 1153 340 1153 339 1153 338 1153 304 1165 278 1153 277 1153 246 1153 245 1153 243 1153 215 1167 105 1167 105 1196"/></Shape>
	    <String CONTENT="propoſee. S’il eſt loiſible aux ſuiets de reiiſter au"
                    HPOS="105.0"
                    VPOS="1153.0"
                    WIDTH="1041.0"
                    HEIGHT="59.0"
                    WC="0.9848158449496863"></String>
          </TextLine>
          <TextLine ID="line_20"
                    TAGREFS="LT8"
                    BASELINE="101 1251 1084 1254" 
                    HPOS="99.0"
                    VPOS="1212.0"
                    WIDTH="985.0"
                    HEIGHT="61.0">
            <Shape><Polygon POINTS="101 1251 99 1261 156 1272 157 1273 215 1273 215 1272 216 1272 218 1272 231 1263 264 1272 265 1272 266 1272 268 1272 290 1265 308 1272 309 1272 311 1272 312 1272 335 1265 371 1272 373 1272 374 1272 386 1265 393 1272 394 1272 396 1272 397 1272 505 1265 542 1272 544 1272 545 1272 546 1272 556 1263 657 1272 658 1273 712 1273 712 1272 713 1272 715 1272 723 1265 831 1272 832 1272 1083 1263 1084 1254 1084 1226 1060 1214 1058 1214 1057 1214 1056 1214 1025 1223 948 1214 946 1214 945 1214 921 1227 901 1227 788 1227 786 1226 766 1214 765 1214 763 1214 734 1214 732 1214 731 1214 730 1214 717 1223 669 1214 668 1214 666 1214 665 1214 646 1226 645 1226 510 1226 507 1226 480 1224 467 1212 466 1212 464 1212 463 1212 389 1224 387 1224 361 1212 359 1212 358 1212 356 1212 330 1224 328 1224 300 1224 273 1224 250 1212 249 1212 247 1212 200 1222 184 1216 183 1216 181 1216 180 1216 161 1224 158 1224 101 1224 101 1251"/></Shape>
	    <String CONTENT="migiſtrat, &amp; iuſques où telle licence s’eſtend."
                    HPOS="99.0"
                    VPOS="1212.0"
                    WIDTH="985.0"
                    HEIGHT="61.0"
                    WC="0.9897278199593226"></String>
          </TextLine>
          <TextLine ID="line_21"
                    TAGREFS="LT8"
                    BASELINE="101 1312 1147 1312" 
                    HPOS="101.0"
                    VPOS="1273.0"
                    WIDTH="1046.0"
                    HEIGHT="51.0">
            <Shape><Polygon POINTS="101 1312 101 1324 1147 1324 1147 1312 1147 1284 1104 1273 1103 1273 1101 1273 1056 1284 1052 1285 956 1285 952 1282 940 1273 938 1273 937 1273 936 1273 934 1273 902 1281 902 1282 781 1284 762 1280 730 1273 657 1273 656 1273 654 1273 653 1273 646 1278 638 1285 374 1285 362 1277 361 1277 359 1277 358 1277 303 1284 242 1274 233 1273 231 1273 230 1273 228 1273 228 1274 214 1285 176 1285 162 1273 161 1273 160 1273 101 1273 101 1312"/></Shape>
	    <String CONTENT="Mais deuant toutc œuurc, il faut entendre, que les"
                    HPOS="101.0"
                    VPOS="1273.0"
                    WIDTH="1046.0"
                    HEIGHT="51.0"
                    WC="0.9818094503879548"></String>
          </TextLine>
          <TextLine ID="line_22"
                    TAGREFS="LT8"
                    BASELINE="99 1371 1143 1371" 
                    HPOS="99.0"
                    VPOS="1332.0"
                    WIDTH="1044.0"
                    HEIGHT="51.0">
            <Shape><Polygon POINTS="99 1371 99 1381 1142 1383 1143 1371 1143 1346 1050 1343 1035 1332 1034 1332 1033 1332 1031 1332 1030 1332 994 1344 991 1346 867 1346 863 1343 845 1332 844 1332 843 1332 812 1332 810 1332 809 1332 786 1343 782 1344 696 1342 662 1342 651 1332 650 1332 649 1332 647 1332 596 1342 577 1346 398 1346 377 1340 339 1332 338 1332 281 1339 243 1344 208 1339 167 1332 165 1332 99 1338 99 1371"/></Shape>
	    <String CONTENT="ſuiets ne ſont pas tous d&#x27;vne meſme condition¬"
                    HPOS="99.0"
                    VPOS="1332.0"
                    WIDTH="1044.0"
                    HEIGHT="51.0"
                    WC="0.9921976820282314"></String>
          </TextLine>
          <TextLine ID="line_23"
                    TAGREFS="LT8"
                    BASELINE="102 1428 1144 1430" 
                    HPOS="101.0"
                    VPOS="1389.0"
                    WIDTH="1043.0"
                    HEIGHT="58.0">
            <Shape><Polygon POINTS="102 1428 101 1436 129 1445 130 1445 132 1445 453 1438 625 1447 626 1447 707 1440 806 1447 808 1447 1143 1438 1144 1430 1143 1402 1035 1401 999 1390 998 1390 996 1390 995 1390 994 1390 981 1401 852 1401 777 1401 755 1390 754 1390 722 1390 720 1390 719 1390 717 1390 704 1401 703 1402 633 1402 603 1401 592 1401 576 1389 575 1389 573 1389 572 1389 571 1389 530 1399 490 1389 488 1389 487 1389 486 1389 447 1398 356 1389 355 1389 354 1389 352 1389 340 1399 254 1399 242 1399 204 1389 203 1389 202 1389 200 1389 171 1399 118 1389 117 1389 115 1389 114 1389 102 1397 102 1428"/></Shape>
	    <String CONTENT="Car les vns ſont ſimplement ſuiets priuez les au¬"
                    HPOS="101.0"
                    VPOS="1389.0"
                    WIDTH="1043.0"
                    HEIGHT="58.0"
                    WC="0.9891232166971479"></String>
          </TextLine>
          <TextLine ID="line_24"
                    TAGREFS="LT8"
                    BASELINE="99 1487 634 1489 1143 1490" 
                    HPOS="95"
                    VPOS="1441"
                    WIDTH="1047"
                    HEIGHT="67">
            <Shape><Polygon POINTS="97 1486 95 1496 280 1508 1140 1502 1142 1488 1140 1455 1069 1441 992 1455 909 1455 883 1441 877 1441 851 1455 806 1455 794 1441 701 1453 665 1441 622 1455 527 1455 515 1441 456 1441 444 1453 406 1441 367 1453 319 1443 291 1453 280 1441 272 1441 246 1453 107 1453 97 1486"/></Shape>
	    <String CONTENT="tres ne ſont dits ſuiets qu’à raiſon du magiſt rat"
                    HPOS="95"
                    VPOS="1441"
                    WIDTH="1047"
                    HEIGHT="67"
                    WC="0.9934937135846007"></String>
          </TextLine>
          <TextLine ID="line_25"
                    TAGREFS="LT8"
                    BASELINE="101 1548 1060 1548" 
                    HPOS="101.0"
                    VPOS="1507.0"
                    WIDTH="959.0"
                    HEIGHT="57.0">
            <Shape><Polygon POINTS="101 1548 101 1558 107 1564 109 1564 110 1564 111 1564 150 1557 1046 1564 1047 1564 1049 1564 1050 1564 1060 1557 1060 1548 1060 1521 913 1518 902 1508 902 1507 901 1507 899 1507 898 1507 833 1519 828 1519 770 1519 763 1519 740 1507 739 1507 692 1507 691 1507 689 1507 662 1518 660 1521 568 1521 565 1518 550 1507 549 1507 548 1507 546 1507 486 1518 476 1519 474 1518 463 1508 463 1507 462 1507 460 1507 459 1507 457 1507 420 1517 387 1507 386 1507 385 1507 383 1507 350 1517 340 1519 165 1518 164 1517 142 1507 141 1507 140 1507 101 1515 101 1548"/></Shape>
	    <String CONTENT="ſouuerain: tels ſont les magiſtrats inferieurs."
                    HPOS="101.0"
                    VPOS="1507.0"
                    WIDTH="959.0"
                    HEIGHT="57.0"
                    WC="0.9951625098573401"></String>
          </TextLine>
        </TextBlock>
        <TextBlock HPOS="100.0"
                   VPOS="1567.0"
                   WIDTH="1053.0"
                   HEIGHT="468.0"
                   ID="block_1"
                   TAGREFS="BT100005">
          <Shape><Polygon POINTS="1146 1567 1153 2030 100 2035 101 1567"/></Shape>
          <TextLine ID="line_26"
                    TAGREFS="LT8"
                    BASELINE="157 1604 1139 1608" 
                    HPOS="156.0"
                    VPOS="1564.0"
                    WIDTH="983.0"
                    HEIGHT="56.0">
            <Shape><Polygon POINTS="157 1604 156 1613 165 1620 167 1620 168 1620 169 1620 1138 1616 1139 1608 1138 1578 1074 1566 1025 1566 1023 1566 1022 1566 998 1577 996 1577 738 1577 738 1576 711 1565 709 1565 708 1565 707 1565 677 1576 657 1565 656 1565 654 1565 653 1565 626 1574 596 1565 595 1565 594 1565 592 1565 591 1565 579 1576 577 1576 467 1576 466 1574 448 1564 447 1564 445 1564 444 1564 443 1564 408 1574 406 1574 405 1574 350 1564 348 1564 245 1574 235 1574 234 1574 218 1564 216 1564 215 1564 169 1564 168 1564 167 1564 165 1564 157 1569 157 1604"/></Shape>
	    <String CONTENT="Mais à ſcauoir mon ſi le Souuerain magiſtrat"
                    HPOS="156.0"
                    VPOS="1564.0"
                    WIDTH="983.0"
                    HEIGHT="56.0"
                    WC="0.9972993122206794"></String>
          </TextLine>
          <TextLine ID="line_27"
                    TAGREFS="LT8"
                    BASELINE="101 1665 1136 1662" 
                    HPOS="99.0"
                    VPOS="1622.0"
                    WIDTH="1037.0"
                    HEIGHT="60.0">
            <Shape><Polygon POINTS="101 1665 101 1674 175 1674 177 1674 192 1682 193 1682 195 1682 228 1675 262 1682 264 1682 265 1682 266 1682 276 1674 281 1674 319 1682 320 1682 321 1682 336 1674 339 1674 348 1674 408 1682 409 1682 451 1675 480 1682 482 1682 483 1682 515 1675 576 1681 577 1681 579 1681 580 1681 588 1674 590 1674 740 1674 743 1674 755 1681 757 1681 758 1682 889 1682 889 1681 890 1681 891 1681 898 1674 901 1674 902 1674 907 1679 909 1679 910 1679 911 1679 937 1674 949 1673 952 1674 959 1681 960 1681 961 1681 963 1681 964 1681 981 1674 988 1673 996 1674 1019 1681 1021 1681 1022 1681 1135 1674 1136 1662 1131 1622 1092 1636 951 1636 936 1624 933 1622 932 1622 930 1622 894 1622 893 1622 891 1622 890 1622 886 1626 876 1634 806 1635 785 1627 771 1622 770 1622 769 1622 767 1622 766 1622 758 1627 744 1636 699 1636 646 1634 638 1630 619 1622 618 1622 616 1622 615 1622 614 1622 600 1630 588 1636 475 1636 468 1632 451 1623 449 1623 421 1623 420 1623 418 1623 417 1623 401 1634 397 1636 393 1634 387 1630 386 1630 385 1630 383 1630 382 1630 381 1630 377 1634 374 1635 373 1634 358 1623 356 1623 355 1623 323 1623 321 1623 320 1623 281 1635 277 1636 268 1635 173 1623 172 1623 99 1638 101 1665"/></Shape>
	    <String CONTENT="ou Roy eſt tellement ſouuerain, qu’il n&#x27;iit nul"
                    HPOS="99.0"
                    VPOS="1622.0"
                    WIDTH="1037.0"
                    HEIGHT="60.0"
                    WC="0.9929490127462022"></String>
          </TextLine>
          <TextLine ID="line_28"
                    TAGREFS="LT8"
                    BASELINE="98 1723 1134 1723" 
                    HPOS="98.0"
                    VPOS="1681.0"
                    WIDTH="1036.0"
                    HEIGHT="62.0">
            <Shape><Polygon POINTS="98 1723 98 1733 191 1733 202 1741 203 1741 204 1741 206 1743 303 1743 303 1741 304 1741 327 1733 355 1741 356 1741 358 1741 398 1733 400 1733 517 1741 518 1743 552 1743 552 1741 553 1741 554 1741 565 1733 695 1733 722 1741 723 1741 724 1743 773 1743 773 1741 774 1741 775 1741 786 1733 816 1733 827 1741 828 1741 829 1741 831 1741 832 1741 860 1733 862 1733 863 1733 937 1741 938 1743 996 1743 996 1741 998 1741 1018 1733 1022 1733 1120 1741 1122 1741 1123 1741 1124 1741 1134 1735 1134 1723 1134 1694 1065 1694 1065 1693 1049 1681 1047 1681 1046 1681 1045 1681 1043 1681 1015 1693 990 1681 988 1681 987 1681 986 1681 971 1688 952 1681 951 1681 949 1681 948 1681 946 1681 930 1693 929 1694 910 1694 910 1693 894 1681 893 1681 891 1681 890 1681 889 1681 863 1688 832 1681 831 1681 829 1681 828 1681 813 1693 813 1694 727 1694 726 1693 711 1681 709 1681 708 1681 707 1681 705 1681 677 1693 654 1681 653 1681 627 1681 626 1681 625 1681 623 1681 608 1693 587 1681 585 1681 584 1681 583 1681 581 1681 563 1693 530 1681 529 1681 487 1681 486 1681 484 1681 483 1681 472 1690 439 1681 437 1681 436 1681 435 1681 433 1681 418 1693 417 1694 336 1694 335 1693 321 1681 320 1681 319 1681 317 1681 268 1693 262 1693 208 1693 156 1692 144 1681 142 1681 141 1681 111 1681 110 1681 109 1681 107 1681 98 1688 98 1723"/></Shape>
	    <String CONTENT="fors que Dieu eſtably deſſus luy. Il ſemble bien"
                    HPOS="98.0"
                    VPOS="1681.0"
                    WIDTH="1036.0"
                    HEIGHT="62.0"
                    WC="0.9801387414336205"></String>
          </TextLine>
          <TextLine ID="line_29"
                    TAGREFS="LT8"
                    BASELINE="101 1783 1136 1780" 
                    HPOS="99.0"
                    VPOS="1741.0"
                    WIDTH="1037.0"
                    HEIGHT="61.0">
            <Shape><Polygon POINTS="101 1783 101 1797 107 1802 109 1802 110 1802 111 1802 160 1794 161 1794 164 1794 334 1802 335 1802 390 1794 414 1802 416 1802 417 1802 418 1802 441 1794 495 1802 497 1802 498 1802 522 1794 563 1802 564 1802 615 1793 618 1793 619 1793 637 1801 638 1801 639 1801 682 1793 686 1793 936 1793 946 1801 948 1801 949 1801 951 1801 1135 1791 1136 1780 1135 1753 1113 1741 1112 1741 1057 1741 1056 1741 1054 1741 1053 1741 1038 1753 965 1753 951 1741 949 1741 948 1741 922 1741 921 1741 920 1741 895 1752 870 1741 868 1741 867 1741 866 1741 864 1741 851 1753 797 1753 783 1741 782 1741 781 1741 744 1741 743 1741 692 1752 674 1741 673 1741 672 1741 670 1741 615 1755 501 1755 479 1743 478 1743 445 1743 444 1743 443 1743 441 1743 429 1753 397 1743 396 1743 394 1743 393 1743 369 1753 331 1745 330 1745 269 1753 251 1745 250 1745 249 1745 247 1745 246 1745 234 1753 118 1747 117 1747 115 1747 99 1753 101 1783"/></Shape>
	    <String CONTENT="qu’on pourroit dire que apres Dieu le Roy eſt le"
                    HPOS="99.0"
                    VPOS="1741.0"
                    WIDTH="1037.0"
                    HEIGHT="61.0"
                    WC="0.9974857059617838"></String>
          </TextLine>
          <TextLine ID="line_30"
                    TAGREFS="LT8"
                    BASELINE="103 1841 1128 1842" 
                    HPOS="103.0"
                    VPOS="1803.0"
                    WIDTH="1025.0"
                    HEIGHT="53.0">
            <Shape><Polygon POINTS="103 1841 103 1856 1127 1853 1128 1842 1128 1815 1103 1807 1101 1807 1100 1807 960 1813 948 1803 946 1803 945 1803 875 1803 874 1803 872 1803 871 1803 854 1814 852 1815 767 1815 766 1814 752 1807 751 1807 750 1807 717 1814 715 1814 712 1814 692 1807 691 1807 689 1807 688 1807 686 1807 677 1814 676 1815 548 1815 545 1813 529 1803 528 1803 526 1803 525 1803 482 1813 475 1815 405 1815 402 1813 389 1803 387 1803 386 1803 305 1803 304 1803 303 1803 301 1803 290 1813 289 1813 103 1813 103 1841"/></Shape>
	    <String CONTENT="premier: ie l’accorde, muis-non ms abſoiument,"
                    HPOS="103.0"
                    VPOS="1803.0"
                    WIDTH="1025.0"
                    HEIGHT="53.0"
                    WC="0.9911644277365311"></String>
          </TextLine>
          <TextLine ID="line_31"
                    TAGREFS="LT8"
                    BASELINE="102 1899 1138 1899" 
                    HPOS="102.0"
                    VPOS="1861.0"
                    WIDTH="1036.0"
                    HEIGHT="58.0">
            <Shape><Polygon POINTS="102 1899 102 1911 200 1911 210 1918 211 1918 212 1918 214 1918 215 1918 233 1911 235 1911 379 1918 381 1918 382 1918 396 1911 405 1918 406 1918 408 1918 409 1919 472 1919 472 1918 474 1918 475 1918 483 1911 484 1911 494 1911 668 1918 669 1918 670 1918 691 1911 693 1911 697 1911 742 1918 743 1918 1138 1911 1138 1899 1138 1873 755 1873 755 1872 715 1861 713 1861 712 1861 711 1861 678 1872 645 1861 643 1861 611 1861 610 1861 608 1861 607 1861 594 1872 572 1861 571 1861 569 1861 533 1869 499 1861 498 1861 497 1861 495 1861 494 1861 480 1872 405 1861 404 1861 402 1861 367 1872 323 1863 321 1863 320 1863 282 1872 259 1863 258 1863 257 1863 255 1863 234 1872 234 1873 179 1873 177 1872 161 1861 160 1861 158 1861 115 1861 114 1861 113 1861 111 1861 102 1868 102 1899"/></Shape>
	    <String CONTENT="Car, comme i’ay deſio dit, les gens n’ont iamais"
                    HPOS="102.0"
                    VPOS="1861.0"
                    WIDTH="1036.0"
                    HEIGHT="58.0"
                    WC="0.9745360066493353"></String>
          </TextLine>
          <TextLine ID="line_32"
                    TAGREFS="LT8"
                    BASELINE="98 1958 1138 1958" 
                    HPOS="98.0"
                    VPOS="1918.0"
                    WIDTH="1040.0"
                    HEIGHT="55.0">
            <Shape><Polygon POINTS="98 1958 98 1968 1136 1973 1138 1958 1138 1930 1119 1920 1118 1920 1116 1920 1115 1920 1089 1931 898 1931 866 1918 864 1918 863 1918 862 1918 860 1918 845 1931 742 1931 708 1918 707 1918 705 1918 704 1918 678 1930 664 1918 662 1918 661 1918 639 1918 638 1918 637 1918 608 1930 580 1918 579 1918 542 1918 541 1918 540 1918 538 1918 522 1931 483 1931 457 1918 456 1918 455 1918 453 1918 429 1931 378 1931 346 1918 344 1918 343 1918 342 1918 340 1918 325 1931 308 1931 276 1918 274 1918 138 1918 137 1918 136 1918 98 1930 98 1958"/></Shape>
	    <String CONTENT="eſté ſi ſets &amp; mal auiſez de donner à aucun tant"
                    HPOS="98.0"
                    VPOS="1918.0"
                    WIDTH="1040.0"
                    HEIGHT="55.0"
                    WC="0.9931851816177368"></String>
          </TextLine>
          <TextLine ID="line_33"
                    TAGREFS="LT8"
                    BASELINE="99 2017 1131 2017" 
                    HPOS="99.0"
                    VPOS="1977.0"
                    WIDTH="1032.0"
                    HEIGHT="63.0">
            <Shape><Polygon POINTS="99 2017 99 2031 281 2040 282 2040 284 2040 285 2040 297 2033 479 2040 480 2040 610 2032 680 2040 681 2040 682 2040 700 2032 790 2039 792 2039 891 2032 956 2040 957 2040 959 2040 984 2032 1131 2032 1131 2017 1131 1992 980 1990 926 1977 897 1977 895 1977 894 1977 893 1977 879 1988 864 1977 863 1977 862 1977 837 1977 836 1977 835 1977 833 1977 816 1990 816 1992 757 1992 757 1990 738 1977 736 1977 735 1977 693 1977 692 1977 691 1977 666 1990 564 1990 560 1990 525 1977 523 1977 468 1977 467 1977 466 1977 464 1977 448 1990 382 1990 379 1990 378 1990 286 1984 285 1984 231 1989 211 1977 210 1977 208 1977 175 1977 173 1977 172 1977 171 1977 157 1988 144 1977 142 1977 141 1977 115 1977 114 1977 113 1977 111 1977 99 1986 99 2017"/></Shape>
	    <String CONTENT="de ſouuerainc puiſſance, qu’ils ne ſe ſoyent tou¬"
                    HPOS="99.0"
                    VPOS="1977.0"
                    WIDTH="1032.0"
                    HEIGHT="63.0"
                    WC="0.9960291945204442"></String>
          </TextLine>
        </TextBlock>
        <TextBlock HPOS="867.0"
                   VPOS="2038.0"
                   WIDTH="92.0"
                   HEIGHT="52.0"
                   ID="block_5"
                   TAGREFS="BT17">
          <Shape><Polygon POINTS="959 2038 959 2090 867 2090 867 2038"/></Shape>
          <TextLine ID="line_34"
                    TAGREFS="LT8"
                    BASELINE="862 2077 960 2077" 
                    HPOS="862.0"
                    VPOS="2028.0"
                    WIDTH="98.0"
                    HEIGHT="62.0">
            <Shape><Polygon POINTS="862 2077 862 2090 960 2090 960 2077 960 2042 883 2028 882 2028 880 2028 879 2028 862 2039 862 2077"/></Shape>
	    <String CONTENT="f.iii."
                    HPOS="862.0"
                    VPOS="2028.0"
                    WIDTH="98.0"
                    HEIGHT="62.0"
                    WC="0.9967843691507975"></String>
          </TextLine>
        </TextBlock>
        <TextBlock HPOS="529.0"
                   VPOS="2301.0"
                   WIDTH="305.0"
                   HEIGHT="75.0"
                   ID="eSc_textblock_0b6cd097"
                   TAGREFS="BT9">
          <Shape><Polygon POINTS="529 2301 529 2376 834 2376 834 2301"/></Shape>
        </TextBlock>
      </PrintSpace>
    </Page>
  </Layout>
</alto>
