1444 2457
269.0 126.0 98.0 63.0 180

267.0 195.0 1010.0 64.0 & neantmoins ſe craindre de luy plus que de

267.0 267.0 1010.0 42.0 tout homme du monde:auoir touſiours l'œil au

270.0 313.0 1008.0 65.0 guet, l'oreille aux eſcoutes pour eſpier d’ou

266.0 371.0 1011.0 64.0 viendra le coup, pour deſcouurir les embuſ¬

260.0 428.0 1017.0 64.0 ches, pour ſentir la mine de ſes compagnons,

265.0 487.0 1012.0 64.0 pour aduiſer qui le trahiſt, rire à chaſcun, ſe

260.0 551.0 1013.0 57.0 craindre de tous, n’auoir aucun, ny ennemy

258.0 607.0 1007.0 61.0 ouuert, ny amy aſſeuré, ayant touſiours le viſa¬

262.0 674.0 1001.0 57.0 ge riant & le cœur tranſy, ne pouuant eſtre ioy¬

259.0 723.0 553.0 61.0 eux, & n’oſer eſtre triſte.

532.0 128.0 576.0 56.0 DIALOGVE II.

293.0 779.0 984.0 64.0 Le pol. Tu as deſcrit en deux mots, la vie de ces

256.0 839.0 1019.0 60.0 miſerables.Mais pour en parler à bon eſcient &

255.0 899.0 1022.0 60.0 ne plus flatter le dé, comme l’on dit, tout ainſi

252.0 955.0 1029.0 70.0 que la Repub, de laquelle les Roys philoſophent

254.0 1019.0 1021.0 55.0 ou en laquelle les Philoſophes ſont gouuerneurs

255.0 1074.0 1022.0 58.0 (ſelõ le dire de Platon) eſt heureuſe ſur toutes au

255.0 1134.0 1020.0 63.0 tres: Et que c’eſt vn treſgrand heur d’eſtre ſuiet à

255.0 1191.0 1020.0 63.0 vn bon Prince qui ſoit ſuiet à la loy, laquelle ait

255.0 1251.0 1016.0 66.0 pour ſeure garde de peur qu’elle ne ſoit violee,

254.0 1311.0 1020.0 60.0 quelques eſtats ou parlemẽs. Ainſi que iadis no¬

250.0 1369.0 1024.0 65.0 ſtre Frãce, & cõme encores quelques vns de nos

251.0 1426.0 1016.0 65.0 voiſins l’ont pour le iourd’huy parmy eux. Auſſi

247.0 1485.0 1026.0 64.0 eſt-cevne grãde miſere de demeurer ſous la ſerui

250.0 1542.0 1021.0 67.0 tude d’vn tyran, chaſſeur deſloyal, & d’vn conſeil

250.0 1602.0 1021.0 67.0 de meſme eſtoffe, qui ne garde ni foy, ni loy, au¬

250.0 1665.0 1025.0 61.0 cune equité ou droiture, non pas meſme l’huma¬

248.0 1723.0 1019.0 56.0 nité, ni les loix que nature imprime dans le cœur

248.0 1778.0 1022.0 66.0 des plus mallotrus. C’eſt (di-ie) vn extreme mal¬

248.0 1838.0 1026.0 59.0 heur non ſeulemẽt pour les Courtiſans: ains auſſi

251.0 1898.0 1020.0 67.0 pour tous les François de quelque religiõ &con

247.0 1956.0 1027.0 64.0 dition qu’ils ſoyẽt d’eſtre ſuiets à vn maiſtre, du¬

250.0 2017.0 1017.0 65.0 quel on ne peut iamais s’aſſeurer qu’il ſoit bon,

1159.0 2076.0 108.0 65.0 puis
