1467 2435
253 77 69 70 60

503 96 579 52 DIALUSVE II.

249 160 1042 67 ligue auec elle, que pour la deceuoir, & tr omper,

249 236 1046 46 & tramſ lous meme manteau, les poures Iiugue

247 278 1046 66 nots François: Que Dieu, qui luy a fait tant de ſa

249 340 1043 61 ueor, que de la tirer de la priſon, à la Couronne

249 399 1042 60 d’Angleterre, luy de mande preſentement, qu’elle

246 454 1046 57 tire hors de la preſſe, les membres de ſon fils Ie¬

244 515 1048 61 ſus, & autres raiſons pregnantes,tirees non ſeule¬

243 573 1048 60 ment de l’Eſcriture, laquelle nous monſtre en mil

244 635 1049 64 le paſſages, que ie luy alleguois, la ſymmetrie, &

244 691 1044 65 bõne intelligẽce, qui doit eſtre au corps de Chriſt

243 749 1048 57 ains auſsi, des raiſons, tirees de la neceſsité, de l'e¬

243 813 1046 59 ſtat, & d’autres que le ſens commun ſimplement

242 871 1047 61 nous dicte, nous enſeignant de nous oppoſer àces

243 930 1045 53 vilains & execrables mõſtres, & de les retr encher

242 990 1046 58 d’entre les hommes, comme ennemis iurez du gẽ

240 1047 1048 59 re humain: Ainſi que Ciceron meſmes le nous

242 1103 1046 64 enſeigne, en ſon liure des Offices, duquel ie luy al

234 1163 1053 66 leguay le paſſage, en langue Latine, que ſa maieſté

242 1225 1045 62 entend fort bien, qui dit, que nous ne pouuons ne

242 1287 1045 49 deuons nous aſlocier, ou auoir commerce auec

240 1341 1044 63 les tyrans, pluſtoſt nous en eſloigner, & diſtraire:

240 1402 1047 61 & que ce n’eſt pas contre nature, de deſpouiller, ſi

239 1463 1048 60 nous pouuons, celuy, que nous pouuons honeſte¬

238 1523 1047 59 ment tuer: que tout ce genre peſtifere, & propha

238 1578 1044 54 ne, doit eſtre exterminé de la communauté des

238 1635 1046 57 hommes, eſtant choſe treſraiſonnable, tout ainſi

238 1699 1046 60 comme nous voyons, qu’on retrenche les mem¬

240 1754 1045 62 bres eſtiomenez du reſte du corps, de ſeparer du

239 1815 1046 54 conſorce, & commune ſocieté des hommes, ces

239 1873 610 56 beſtes cruelles, & farouches.

301 1931 984 64 Apres (dis-ie) luy auoir remonſtré cela, & plu

239 1989 1043 60 ſieurs autres choſes, touchant la charité Chreſtie

1199 2058 78 50 ne,
