<?xml version="1.0" encoding="UTF-8"?>
<alto xmlns:xsi="http://www.w3.org/2001/XMLSchema-instance"
      xmlns="http://www.loc.gov/standards/alto/ns-v4#"
      xsi:schemaLocation="http://www.loc.gov/standards/alto/ns-v4# http://www.loc.gov/standards/alto/v4/alto-4-2.xsd">
  <Description>
    <MeasurementUnit>pixel</MeasurementUnit>
    <sourceImageInformation>
      <fileName>page_00249.png</fileName>
      <fileIdentifier>mets//page_00205.zip/page_00249.png</fileIdentifier>
    </sourceImageInformation>
  </Description>
  <Tags>
    <OtherTag ID="BT7" LABEL="CustomZone" DESCRIPTION="block type CustomZone"/><OtherTag ID="BT8" LABEL="DamageZone" DESCRIPTION="block type DamageZone"/><OtherTag ID="BT9" LABEL="DigitizationArtefactZone" DESCRIPTION="block type DigitizationArtefactZone"/><OtherTag ID="BT10" LABEL="DropCapitalZone" DESCRIPTION="block type DropCapitalZone"/><OtherTag ID="BT11" LABEL="GraphicZone" DESCRIPTION="block type GraphicZone"/><OtherTag ID="BT12" LABEL="MainZone" DESCRIPTION="block type MainZone"/><OtherTag ID="BT13" LABEL="MarginTextZone" DESCRIPTION="block type MarginTextZone"/><OtherTag ID="BT14" LABEL="MusicZone" DESCRIPTION="block type MusicZone"/><OtherTag ID="BT15" LABEL="NumberingZone" DESCRIPTION="block type NumberingZone"/><OtherTag ID="BT17" LABEL="QuireMarksZone" DESCRIPTION="block type QuireMarksZone"/><OtherTag ID="BT18" LABEL="RunningTitleZone" DESCRIPTION="block type RunningTitleZone"/><OtherTag ID="BT19" LABEL="SealZone" DESCRIPTION="block type SealZone"/><OtherTag ID="BT20" LABEL="StampZone" DESCRIPTION="block type StampZone"/><OtherTag ID="BT21" LABEL="TableZone" DESCRIPTION="block type TableZone"/><OtherTag ID="BT22" LABEL="TitlePageZone" DESCRIPTION="block type TitlePageZone"/><OtherTag ID="BT100001" LABEL="MainZone-Head" DESCRIPTION="block type MainZone-Head"/><OtherTag ID="BT100005" LABEL="MainZone-P" DESCRIPTION="block type MainZone-P"/><OtherTag ID="BT100008" LABEL="MainZone-Sp" DESCRIPTION="block type MainZone-Sp"/><OtherTag ID="BT100006" LABEL="MainZone-Continued" DESCRIPTION="block type MainZone-Continued"/><OtherTag ID="BT100011" LABEL="MainZone-Entry" DESCRIPTION="block type MainZone-Entry"/><OtherTag ID="BT100010" LABEL="MainZone-Other" DESCRIPTION="block type MainZone-Other"/><OtherTag ID="BT100002" LABEL="MainZone-Lg" DESCRIPTION="block type MainZone-Lg"/>
    <OtherTag ID="LT7" LABEL="CustomLine" DESCRIPTION="line type CustomLine"/><OtherTag ID="LT8" LABEL="DefaultLine" DESCRIPTION="line type DefaultLine"/><OtherTag ID="LT9" LABEL="DropCapitalLine" DESCRIPTION="line type DropCapitalLine"/><OtherTag ID="LT10" LABEL="HeadingLine" DESCRIPTION="line type HeadingLine"/><OtherTag ID="LT11" LABEL="InterlinearLine" DESCRIPTION="line type InterlinearLine"/><OtherTag ID="LT12" LABEL="MusicLine" DESCRIPTION="line type MusicLine"/><OtherTag ID="LT764" LABEL="default" DESCRIPTION="line type default"/>
  </Tags>
  <Layout>
    <Page WIDTH="1461"
          HEIGHT="2442"
          PHYSICAL_IMG_NR="49"
          ID="eSc_dummypage_">
      <PrintSpace HPOS="0"
                  VPOS="0"
                  WIDTH="1461"
                  HEIGHT="2442">
        <TextBlock HPOS="290.0"
                   VPOS="80.0"
                   WIDTH="64.0"
                   HEIGHT="70.0"
                   ID="eSc_textblock_aeec9c08"
                   TAGREFS="BT15">
          <Shape><Polygon POINTS="290 80 290 150 354 150 354 80"/></Shape>
          <TextLine ID="eSc_line_38670a1c"
                    TAGREFS="LT8"
                    BASELINE="289 134 346 134" 
                    HPOS="287.0"
                    VPOS="89.0"
                    WIDTH="57.0"
                    HEIGHT="53.0">
            <Shape><Polygon POINTS="287 132 287 142 344 142 344 132 344 89 287 89 287 132"/></Shape>
	    <String CONTENT="30"
                    HPOS="287.0"
                    VPOS="89.0"
                    WIDTH="57.0"
                    HEIGHT="53.0"
                    WC="0.9999993443489075"></String>
          </TextLine>
        </TextBlock>
        <TextBlock HPOS="283.0"
                   VPOS="160.0"
                   WIDTH="1071.0"
                   HEIGHT="224.0"
                   ID="eSc_textblock_fd502c48"
                   TAGREFS="BT100008">
          <Shape><Polygon POINTS="283 160 283 384 1354 384 1354 160"/></Shape>
          <TextLine ID="line_1"
                    TAGREFS="LT8"
                    BASELINE="290 195 1332 195" 
                    HPOS="290.0"
                    VPOS="150.0"
                    WIDTH="1042.0"
                    HEIGHT="65.0">
            <Shape><Polygon POINTS="290 195 290 203 302 210 304 210 305 210 306 210 335 203 501 203 572 203 574 203 635 214 636 215 678 215 678 214 680 214 700 203 703 203 778 214 779 214 870 203 879 203 953 203 955 204 976 214 977 214 978 214 1059 204 1071 203 1074 204 1082 210 1083 210 1084 210 1086 210 1087 210 1101 204 1103 203 1105 204 1117 214 1118 214 1120 214 1121 215 1189 215 1189 214 1190 214 1209 204 1211 204 1216 204 1289 214 1291 214 1332 204 1332 195 1332 162 1281 161 1269 150 1268 150 1266 150 1236 150 1235 150 1234 150 1232 150 1213 162 1128 162 1112 150 1110 150 1109 150 1084 150 1083 150 1082 150 1080 150 1068 161 957 161 935 150 934 150 898 150 897 150 896 150 875 161 844 150 843 150 841 150 840 150 810 162 482 162 457 150 456 150 454 150 400 160 388 150 386 150 385 150 305 150 304 150 302 150 301 150 290 158 290 195"/></Shape>
	    <String CONTENT="L&#x27;hi. Certes amy, ie te puis dire, que i’ay preſque"
                    HPOS="290.0"
                    VPOS="150.0"
                    WIDTH="1042.0"
                    HEIGHT="65.0"
                    WC="0.9981666815047171"></String>
          </TextLine>
          <TextLine ID="line_2"
                    TAGREFS="LT8"
                    BASELINE="290 250 1332 253" 
                    HPOS="289.0"
                    VPOS="210.0"
                    WIDTH="1043.0"
                    HEIGHT="57.0">
            <Shape><Polygon POINTS="290 250 289 260 302 267 304 267 305 267 1330 261 1332 253 1332 222 1317 211 1315 211 1314 211 1312 211 1253 222 1086 222 1060 211 1059 211 1033 211 1031 211 1030 211 1029 211 1014 222 894 222 879 211 878 211 877 211 840 211 839 211 837 211 836 211 822 222 821 222 784 215 783 215 729 221 711 210 710 210 708 210 707 210 706 210 673 221 510 221 487 210 486 210 484 210 346 221 338 221 336 221 321 210 320 210 319 210 317 210 316 210 290 219 290 250"/></Shape>
	    <String CONTENT="trauaillé en vain, &amp; ie te diray en deux mots cõ¬"
                    HPOS="289.0"
                    VPOS="210.0"
                    WIDTH="1043.0"
                    HEIGHT="57.0"
                    WC="0.9814609674846425"></String>
          </TextLine>
          <TextLine ID="line_3"
                    TAGREFS="LT8"
                    BASELINE="291 309 1332 312" 
                    HPOS="290.0"
                    VPOS="269.0"
                    WIDTH="1042.0"
                    HEIGHT="60.0">
            <Shape><Polygon POINTS="291 309 290 320 301 328 302 328 304 328 305 328 347 321 405 326 407 326 408 326 410 326 419 320 609 326 611 326 612 326 613 326 625 320 928 326 930 326 931 326 942 321 951 329 953 329 954 329 955 329 1330 320 1332 312 1330 282 1265 271 1264 271 1152 280 1148 280 1143 280 1031 271 1030 271 1029 271 1011 280 1010 282 921 282 916 280 864 271 863 271 862 271 860 271 849 280 848 282 825 282 824 280 803 269 802 269 740 269 738 269 737 269 718 279 604 279 534 279 530 279 469 269 468 269 467 269 449 279 448 279 291 279 291 309"/></Shape>
	    <String CONTENT="ment reſeruant touteſois à dire quelques particu¬"
                    HPOS="290.0"
                    VPOS="269.0"
                    WIDTH="1042.0"
                    HEIGHT="60.0"
                    WC="0.9987711715698242"></String>
          </TextLine>
          <TextLine ID="line_4"
                    TAGREFS="LT8"
                    BASELINE="293 369 1052 367" 
                    HPOS="291.0"
                    VPOS="325.0"
                    WIDTH="761.0"
                    HEIGHT="65.0">
            <Shape><Polygon POINTS="293 369 293 379 444 379 446 379 473 389 475 389 476 389 477 389 502 379 505 379 509 379 567 389 568 389 570 389 571 389 582 379 606 379 636 379 646 388 646 389 647 389 649 389 650 390 682 390 682 389 684 389 720 379 722 379 833 379 858 389 859 389 860 389 862 389 863 389 877 379 999 389 1000 389 1050 378 1052 367 1050 337 1036 325 1034 325 1033 325 1031 325 977 339 750 339 729 337 718 326 718 325 716 325 715 325 714 325 712 325 688 339 644 339 628 325 627 325 625 325 568 325 567 325 566 325 548 333 541 326 541 325 540 325 539 325 479 325 477 325 476 325 475 325 468 332 449 325 448 325 446 325 445 325 444 325 444 326 434 336 396 337 367 325 366 325 365 325 363 325 336 337 302 325 301 325 300 325 298 325 297 325 297 326 296 326 291 331 293 369"/></Shape>
	    <String CONTENT="laritez à l’Egliſe qui nous a enuoyé."
                    HPOS="291.0"
                    VPOS="325.0"
                    WIDTH="761.0"
                    HEIGHT="65.0"
                    WC="0.9773343098469269"></String>
          </TextLine>
        </TextBlock>
        <TextBlock HPOS="290.0"
                   VPOS="396.0"
                   WIDTH="1062.0"
                   HEIGHT="1637.0"
                   ID="block_7"
                   TAGREFS="BT100005">
          <Shape><Polygon POINTS="1352 396 1337 2033 290 2033 297 396"/></Shape>
          <TextLine ID="line_6"
                    TAGREFS="LT8"
                    BASELINE="343 425 1332 430" 
                    HPOS="342.0"
                    VPOS="383.0"
                    WIDTH="990.0"
                    HEIGHT="66.0">
            <Shape><Polygon POINTS="343 425 342 434 403 446 404 446 549 436 564 443 566 443 567 443 710 438 771 447 772 449 881 449 881 447 882 447 901 438 980 438 1036 449 1037 449 1118 439 1330 439 1332 430 1330 400 1251 397 1236 386 1235 386 1234 386 1198 386 1197 386 1196 386 1194 386 1181 398 1154 386 1152 386 1151 386 1076 397 1061 386 1060 386 1059 386 1057 386 1021 393 1003 385 1002 385 1000 385 999 385 972 397 931 397 915 385 913 385 912 385 911 385 844 397 843 398 674 398 673 397 659 390 658 390 657 390 613 396 586 383 585 383 564 383 563 383 562 383 560 383 545 397 492 397 491 397 491 396 476 383 475 383 473 383 472 383 471 383 469 383 449 396 448 396 446 396 416 396 403 383 401 383 400 383 362 383 361 383 359 383 358 383 343 393 343 425"/></Shape>
	    <String CONTENT="Tu dois ſcauoir amy, qu’au deſpartir d’auec"
                    HPOS="342.0"
                    VPOS="383.0"
                    WIDTH="990.0"
                    HEIGHT="66.0"
                    WC="0.9977975806524587"></String>
          </TextLine>
          <TextLine ID="line_7"
                    TAGREFS="LT8"
                    BASELINE="291 488 693 488 1330 488" 
                    HPOS="289"
                    VPOS="453"
                    WIDTH="1039"
                    HEIGHT="47">
            <Shape><Polygon POINTS="289 486 289 498 1326 500 1328 486 1328 453 289 453 289 486"/></Shape>
	    <String CONTENT="toyſ i’ay tant fait par mes iournees, que ie me ſuis"
                    HPOS="289"
                    VPOS="453"
                    WIDTH="1039"
                    HEIGHT="47"
                    WC="0.9973394079850271"></String>
          </TextLine>
          <TextLine ID="line_8"
                    TAGREFS="LT8"
                    BASELINE="290 546 1326 544" 
                    HPOS="289.0"
                    VPOS="511.0"
                    WIDTH="1037.0"
                    HEIGHT="54.0">
            <Shape><Polygon POINTS="1321 518 1307 518 1293 518 1280 518 1266 518 1253 518 1239 518 1226 518 1212 518 1198 518 1185 518 1171 518 1158 518 1144 518 1131 518 1117 518 1103 518 1090 518 1076 518 1063 518 1049 518 1036 518 1022 518 1008 518 995 518 981 518 968 518 954 518 940 518 927 518 913 518 900 518 886 518 873 518 859 518 845 518 832 518 818 518 805 518 791 518 786 518 778 518 771 518 764 518 750 518 737 518 723 518 710 518 696 518 682 518 669 518 668 518 666 518 655 518 642 518 628 518 615 518 601 518 587 518 574 518 560 518 547 518 533 518 520 518 506 518 492 518 479 518 465 518 452 518 438 518 430 518 424 518 411 518 397 518 393 511 302 511 301 511 300 511 298 511 289 515 290 546 290 554 575 565 577 565 578 565 579 565 589 556 654 554 661 554 669 554 718 554 733 564 734 564 735 564 737 564 738 564 769 556 837 556 858 564 859 564 860 564 862 564 863 564 875 553 968 553 1056 553 1076 561 1078 561 1079 561 1080 561 1106 553 1124 560 1125 560 1126 560 1167 554 1203 561 1204 561 1205 561 1207 561 1220 553 1246 563 1247 563 1249 564 1299 564 1299 563 1300 563 1326 552 1326 544 1323 518 1321 518"/></Shape>
	    <String CONTENT="rendu, par grace de Dieu, en la Cour de la pluſ¬"
                    HPOS="289.0"
                    VPOS="511.0"
                    WIDTH="1037.0"
                    HEIGHT="54.0"
                    WC="0.9880011032025019"></String>
          </TextLine>
          <TextLine ID="line_9"
                    TAGREFS="LT8"
                    BASELINE="291 606 1330 606" 
                    HPOS="291.0"
                    VPOS="563.0"
                    WIDTH="1039.0"
                    HEIGHT="59.0">
            <Shape><Polygon POINTS="291 606 291 622 346 615 449 621 471 622 472 622 487 621 545 615 643 615 650 619 653 622 654 622 655 622 657 622 658 622 665 619 676 615 775 618 882 622 883 622 915 617 928 615 935 617 950 622 951 622 953 622 983 617 993 615 1227 615 1273 615 1317 622 1318 622 1319 622 1321 622 1330 615 1330 606 1330 575 1304 563 1303 563 1302 563 1300 563 1269 575 1246 563 1245 563 1243 563 1147 575 1026 563 1025 563 1023 563 989 575 916 563 915 563 913 563 912 563 896 576 856 576 778 563 776 563 775 563 750 576 707 576 654 563 653 563 651 563 620 576 452 576 419 563 418 563 416 563 415 563 414 563 397 576 291 576 291 606"/></Shape>
	    <String CONTENT="part des princes Proteſtans, i’ay eſté en celle de"
                    HPOS="291.0"
                    VPOS="563.0"
                    WIDTH="1039.0"
                    HEIGHT="59.0"
                    WC="0.9779307772131527"></String>
          </TextLine>
          <TextLine ID="line_10"
                    TAGREFS="LT8"
                    BASELINE="291 662 1330 664" 
                    HPOS="290.0"
                    VPOS="619.0"
                    WIDTH="1040.0"
                    HEIGHT="62.0">
            <Shape><Polygon POINTS="291 662 290 670 372 679 373 679 515 672 536 679 537 679 539 679 540 679 541 679 552 672 931 681 932 681 1329 675 1330 664 1330 634 1302 621 1300 621 1299 621 1227 633 1169 630 1158 621 1156 621 1155 621 1154 621 1152 621 1118 630 1083 621 1082 621 1080 621 1079 621 1052 633 1031 621 1030 621 1029 621 1000 621 999 621 997 621 996 621 980 633 917 633 893 621 892 621 890 621 889 621 888 621 873 633 871 634 833 634 832 633 803 619 802 619 801 619 799 619 773 632 748 619 746 619 725 619 723 619 722 619 720 619 706 633 676 633 619 633 617 632 598 619 597 619 596 619 594 619 593 619 568 629 533 619 532 619 530 619 529 619 528 619 514 630 480 622 479 622 477 622 476 622 448 632 446 632 419 619 418 619 416 619 415 619 414 619 396 632 378 619 377 619 376 619 331 619 329 619 328 619 291 630 291 662"/></Shape>
	    <String CONTENT="BElecteur Palatin, du duc Auguſte de Saxe, du"
                    HPOS="290.0"
                    VPOS="619.0"
                    WIDTH="1040.0"
                    HEIGHT="62.0"
                    WC="0.991303985648685"></String>
          </TextLine>
          <TextLine ID="line_11"
                    TAGREFS="LT8"
                    BASELINE="290 723 1330 723" 
                    HPOS="290.0"
                    VPOS="681.0"
                    WIDTH="1040.0"
                    HEIGHT="62.0">
            <Shape><Polygon POINTS="290 723 290 732 392 742 393 742 469 732 480 732 571 732 572 732 581 739 582 739 583 739 585 739 733 732 761 732 767 732 809 742 810 743 877 743 877 742 878 742 879 742 890 732 893 732 900 732 949 739 950 739 978 732 984 732 988 732 1018 739 1019 739 1094 735 1103 742 1105 742 1106 742 1107 743 1150 743 1150 742 1151 742 1152 742 1163 733 1330 733 1330 723 1330 691 1310 681 1308 681 1307 681 1287 681 1285 681 1284 681 1283 681 1266 693 1261 693 1050 693 1049 691 1036 681 1034 681 1033 681 1012 681 1011 681 1010 681 1008 681 996 690 993 693 983 690 945 681 943 681 921 681 920 681 919 681 917 681 908 690 902 693 769 693 764 687 754 681 753 681 752 681 693 681 692 681 691 681 672 687 654 693 632 686 612 681 611 681 572 681 571 681 570 681 568 681 563 686 555 691 545 686 536 681 534 681 505 681 503 681 502 681 494 685 479 693 290 683 290 723"/></Shape>
	    <String CONTENT="Marquis de Brandeboug, des Lantgraues de"
                    HPOS="290.0"
                    VPOS="681.0"
                    WIDTH="1040.0"
                    HEIGHT="62.0"
                    WC="0.989299701154232"></String>
          </TextLine>
          <TextLine ID="line_12"
                    TAGREFS="LT8"
                    BASELINE="293 781 1329 781" 
                    HPOS="293.0"
                    VPOS="738.0"
                    WIDTH="1036.0"
                    HEIGHT="65.0">
            <Shape><Polygon POINTS="293 781 293 789 454 801 456 801 457 801 484 790 650 790 669 797 670 797 672 797 719 790 730 799 731 799 733 799 734 799 735 799 737 799 749 790 909 790 943 801 945 801 946 803 1000 803 1000 801 1002 801 1003 801 1015 792 1162 793 1170 801 1171 801 1173 801 1174 803 1226 803 1226 801 1227 801 1264 790 1317 799 1318 799 1319 799 1321 799 1329 792 1329 781 1329 751 1302 738 1300 738 1299 738 1298 738 1268 751 1236 738 1235 738 1234 738 1232 738 1198 751 1197 752 1148 752 1144 751 1098 738 1097 738 1095 738 1094 738 1057 748 1027 738 1026 738 1025 738 1023 738 1022 738 1007 750 1004 751 917 750 916 748 902 738 901 738 900 738 898 738 852 748 836 752 780 752 772 747 753 738 752 738 716 738 715 738 714 738 712 738 699 746 695 748 691 746 670 738 669 738 668 738 666 738 665 738 655 746 647 752 623 752 611 746 598 738 597 738 596 738 594 738 593 738 575 746 562 751 548 744 530 738 529 738 528 738 526 738 510 744 495 751 423 751 412 743 404 738 403 738 401 738 382 738 381 738 380 738 378 738 372 743 362 751 351 743 344 738 343 738 342 738 340 738 293 742 293 781"/></Shape>
	    <String CONTENT="Heſſen, du duc de Vvitemberg, du Marquis de"
                    HPOS="293.0"
                    VPOS="738.0"
                    WIDTH="1036.0"
                    HEIGHT="65.0"
                    WC="0.9890563072160233"></String>
          </TextLine>
          <TextLine ID="line_13"
                    TAGREFS="LT8"
                    BASELINE="291 842 1332 839" 
                    HPOS="290.0"
                    VPOS="797.0"
                    WIDTH="1042.0"
                    HEIGHT="54.0">
            <Shape><Polygon POINTS="291 842 291 851 1330 851 1332 839 1329 811 1090 811 1087 808 1068 797 1067 797 1065 797 1019 797 1018 797 1016 797 995 808 993 808 992 808 959 797 958 797 957 797 917 804 888 797 886 797 885 797 883 797 882 797 867 807 863 809 828 807 790 804 788 804 787 804 786 804 783 807 775 812 643 812 632 805 619 799 617 799 616 799 615 799 592 805 571 811 547 805 520 799 518 799 482 800 480 800 479 800 473 804 465 811 396 808 392 804 385 799 384 799 382 799 381 799 290 803 291 842"/></Shape>
	    <String CONTENT="Baden, (Ie te les nomme ainſi qu’ils me vienent"
                    HPOS="290.0"
                    VPOS="797.0"
                    WIDTH="1042.0"
                    HEIGHT="54.0"
                    WC="0.9804181722884483"></String>
          </TextLine>
          <TextLine ID="line_14"
                    TAGREFS="LT8"
                    BASELINE="290 900 1332 900" 
                    HPOS="290.0"
                    VPOS="857.0"
                    WIDTH="1042.0"
                    HEIGHT="60.0">
            <Shape><Polygon POINTS="290 900 290 908 533 917 534 917 597 910 942 910 976 917 977 917 1253 910 1318 917 1319 917 1321 917 1322 917 1332 910 1332 900 1332 869 1298 868 1285 857 1284 857 1283 857 1281 857 1280 857 1238 868 1236 868 1235 868 1211 857 1209 857 1173 857 1171 857 1170 857 1169 857 1156 866 1155 869 995 869 989 865 973 857 972 857 970 857 969 857 947 865 938 868 854 868 848 864 832 857 830 857 829 857 797 864 778 868 767 864 753 857 752 857 699 857 697 857 696 857 677 862 658 869 598 869 586 862 577 857 575 857 574 857 572 857 562 861 547 868 518 861 499 857 498 857 496 857 486 861 467 869 408 869 397 860 395 857 393 857 392 857 391 857 389 857 380 860 362 865 350 860 343 857 342 857 340 857 339 857 334 860 323 864 290 860 290 900"/></Shape>
	    <String CONTENT="à la bouche, &amp; non ſelon leurs degrez, ou l’ordre"
                    HPOS="290.0"
                    VPOS="857.0"
                    WIDTH="1042.0"
                    HEIGHT="60.0"
                    WC="0.9904497337341308"></String>
          </TextLine>
          <TextLine ID="line_15"
                    TAGREFS="LT8"
                    BASELINE="290 959 1330 959" 
                    HPOS="290.0"
                    VPOS="915.0"
                    WIDTH="1040.0"
                    HEIGHT="64.0">
            <Shape><Polygon POINTS="290 959 290 965 316 974 317 974 319 974 513 967 534 978 536 978 537 979 627 979 627 978 628 978 630 978 639 971 655 978 657 978 658 978 659 978 703 967 719 978 720 978 722 978 723 979 752 979 752 978 753 978 754 978 769 967 825 974 826 974 859 967 883 974 885 974 886 974 888 974 889 974 896 968 907 976 908 976 909 976 911 976 912 976 949 967 973 975 974 975 976 975 977 975 999 968 1063 974 1064 974 1065 974 1067 974 1075 967 1106 974 1107 974 1156 967 1245 974 1246 974 1247 974 1268 967 1312 975 1314 975 1315 975 1317 975 1330 967 1330 959 1330 927 1303 915 1302 915 1300 915 1299 915 1266 929 1228 929 1204 915 1203 915 1201 915 1200 915 1167 927 1128 915 1126 915 1125 915 1124 915 1088 929 1040 929 1023 915 1022 915 1021 915 1019 915 1018 915 1016 915 1002 925 970 915 969 915 968 915 966 915 943 927 924 915 923 915 921 915 920 915 919 915 894 923 885 915 883 915 882 915 805 915 803 915 802 915 760 927 712 915 711 915 710 915 669 922 650 915 649 915 647 915 646 915 621 927 596 915 594 915 593 915 592 915 570 927 347 927 310 915 309 915 308 915 306 915 305 915 290 925 290 959"/></Shape>
	    <String CONTENT="de mon voyage) I’ay eſté à la Cour du duc de"
                    HPOS="290.0"
                    VPOS="915.0"
                    WIDTH="1040.0"
                    HEIGHT="64.0"
                    WC="0.992684252884077"></String>
          </TextLine>
          <TextLine ID="line_16"
                    TAGREFS="LT8"
                    BASELINE="291 1020 1330 1016" 
                    HPOS="290.0"
                    VPOS="971.0"
                    WIDTH="1040.0"
                    HEIGHT="64.0">
            <Shape><Polygon POINTS="291 1020 291 1028 433 1028 434 1028 450 1035 452 1035 453 1035 454 1035 456 1035 464 1028 465 1026 888 1026 901 1026 981 1033 983 1033 984 1033 985 1033 996 1026 999 1025 1003 1026 1018 1032 1019 1032 1021 1032 1052 1026 1063 1025 1147 1025 1150 1026 1155 1032 1156 1032 1158 1032 1159 1032 1329 1025 1330 1016 1329 984 1296 971 1295 971 1293 971 1292 971 1291 971 1272 984 1238 984 1220 971 1219 971 1217 971 1216 971 1215 971 1213 971 1193 983 1169 971 1167 971 1166 971 1164 971 1128 983 1093 971 1091 971 1090 971 1088 971 1065 983 1021 971 1019 971 1018 971 1016 971 983 984 980 986 866 986 864 984 849 972 848 972 847 972 845 972 844 972 799 984 797 984 795 984 776 972 775 972 773 972 772 972 771 972 745 982 734 972 733 972 731 972 691 972 689 972 688 972 687 972 673 984 647 972 646 972 644 972 643 972 617 984 612 986 572 986 571 984 559 974 558 974 556 974 555 974 553 974 530 984 526 986 522 984 494 974 492 974 491 974 490 974 469 984 465 987 441 987 438 984 426 974 424 974 423 974 422 974 359 984 354 984 348 984 300 974 298 974 297 974 296 974 296 975 290 979 291 1020"/></Shape>
	    <String CONTENT="Pruſſe, du duc de Melzelbourg, du duc Iules de"
                    HPOS="290.0"
                    VPOS="971.0"
                    WIDTH="1040.0"
                    HEIGHT="64.0"
                    WC="0.9967317529346632"></String>
          </TextLine>
          <TextLine ID="line_17"
                    TAGREFS="LT8"
                    BASELINE="293 1077 1330 1074" 
                    HPOS="291.0"
                    VPOS="1032.0"
                    WIDTH="1039.0"
                    HEIGHT="60.0">
            <Shape><Polygon POINTS="293 1077 293 1085 795 1092 797 1092 798 1092 811 1085 1300 1090 1302 1090 1303 1090 1330 1082 1330 1074 1327 1044 1276 1044 1276 1043 1262 1032 1261 1032 1260 1032 1258 1032 1257 1032 1230 1043 1203 1032 1201 1032 1200 1032 1198 1032 1178 1043 1177 1044 1141 1044 1140 1043 1126 1032 1125 1032 1124 1032 1122 1032 1121 1032 1093 1043 1091 1043 1090 1043 1061 1032 1060 1032 1023 1032 1022 1032 1021 1032 1019 1032 1007 1043 1006 1043 977 1032 976 1032 974 1032 973 1032 946 1041 943 1043 942 1041 930 1032 928 1032 927 1032 926 1032 924 1032 896 1041 892 1044 859 1044 856 1041 845 1032 844 1032 843 1032 841 1032 787 1033 786 1033 784 1033 775 1041 771 1045 681 1045 669 1041 642 1033 640 1033 639 1033 638 1033 623 1041 615 1044 605 1040 586 1033 585 1033 583 1033 582 1033 567 1040 559 1044 548 1040 525 1033 524 1033 491 1033 490 1033 488 1033 487 1033 479 1040 473 1045 369 1045 353 1040 329 1033 328 1033 327 1033 291 1039 293 1077"/></Shape>
	    <String CONTENT="Brunzuich, du Prince d’An-halt, du duc de Lu¬"
                    HPOS="291.0"
                    VPOS="1032.0"
                    WIDTH="1039.0"
                    HEIGHT="60.0"
                    WC="0.9912065505981446"></String>
          </TextLine>
          <TextLine ID="line_18"
                    TAGREFS="LT8"
                    BASELINE="290 1132 1327 1135" 
                    HPOS="289.0"
                    VPOS="1093.0"
                    WIDTH="1038.0"
                    HEIGHT="57.0">
            <Shape><Polygon POINTS="290 1132 289 1145 297 1150 298 1150 300 1150 301 1150 1326 1145 1327 1135 1327 1107 1304 1094 1303 1094 1302 1094 1300 1094 1262 1104 1224 1098 1223 1098 1114 1105 1064 1094 1063 1094 1061 1094 1060 1094 1045 1105 1045 1107 877 1107 863 1105 814 1102 806 1094 806 1093 805 1093 803 1093 773 1093 772 1093 771 1093 769 1093 756 1104 741 1093 740 1093 738 1093 715 1093 714 1093 712 1093 711 1093 696 1104 696 1105 657 1105 655 1104 635 1093 634 1093 611 1093 609 1093 608 1093 606 1093 594 1104 545 1093 544 1093 543 1093 509 1104 507 1104 420 1104 382 1104 370 1093 369 1093 367 1093 346 1093 344 1093 343 1093 342 1093 329 1104 328 1104 290 1104 290 1132"/></Shape>
	    <String CONTENT="nebourg, des ducs de Pomeranie, du comte de"
                    HPOS="289.0"
                    VPOS="1093.0"
                    WIDTH="1038.0"
                    HEIGHT="57.0"
                    WC="0.9998046145882717"></String>
          </TextLine>
          <TextLine ID="line_19"
                    TAGREFS="LT8"
                    BASELINE="293 1193 1327 1191" 
                    HPOS="291.0"
                    VPOS="1149.0"
                    WIDTH="1036.0"
                    HEIGHT="63.0">
            <Shape><Polygon POINTS="293 1193 293 1203 534 1203 536 1203 545 1211 547 1211 548 1211 549 1212 608 1212 608 1211 609 1211 611 1211 620 1203 621 1203 628 1203 791 1210 792 1210 877 1208 878 1208 879 1208 888 1202 904 1208 905 1208 907 1208 908 1208 924 1203 1222 1210 1223 1210 1224 1210 1226 1210 1232 1204 1239 1210 1241 1210 1242 1210 1243 1211 1296 1211 1296 1210 1298 1210 1327 1200 1327 1191 1325 1162 1280 1162 1264 1149 1262 1149 1261 1149 1260 1149 1258 1149 1257 1149 1246 1157 1217 1149 1216 1149 1215 1149 1213 1149 1212 1149 1194 1159 1169 1149 1167 1149 1166 1149 1164 1149 1163 1149 1147 1162 1122 1162 1090 1149 1088 1149 1087 1149 1086 1149 1046 1161 1018 1149 1016 1149 1015 1149 1014 1149 1012 1149 996 1162 966 1162 946 1149 945 1149 943 1149 902 1149 901 1149 900 1149 898 1149 882 1161 849 1149 848 1149 847 1149 845 1149 844 1149 828 1162 805 1164 676 1164 649 1150 647 1150 646 1150 644 1150 612 1164 482 1164 465 1150 464 1150 463 1150 461 1150 410 1161 386 1150 385 1150 309 1150 308 1150 306 1150 305 1150 291 1161 293 1193"/></Shape>
	    <String CONTENT="Oldembourg, du comte de Hansbach, de l’Ar¬"
                    HPOS="291.0"
                    VPOS="1149.0"
                    WIDTH="1036.0"
                    HEIGHT="63.0"
                    WC="0.992897527558463"></String>
          </TextLine>
          <TextLine ID="line_20"
                    TAGREFS="LT8"
                    BASELINE="291 1250 1327 1253" 
                    HPOS="290.0"
                    VPOS="1207.0"
                    WIDTH="1037.0"
                    HEIGHT="66.0">
            <Shape><Polygon POINTS="291 1250 290 1260 305 1267 306 1267 308 1267 424 1263 442 1271 444 1271 445 1271 520 1261 623 1261 655 1271 657 1271 658 1271 801 1261 835 1272 836 1272 837 1273 893 1273 893 1272 894 1272 896 1272 909 1263 966 1263 976 1269 977 1269 978 1269 980 1269 1015 1264 1031 1272 1033 1272 1034 1273 1061 1273 1061 1272 1063 1272 1064 1272 1076 1263 1326 1263 1327 1253 1327 1223 1281 1208 1280 1208 1279 1208 1192 1221 1175 1208 1174 1208 1173 1208 1171 1208 1170 1208 1139 1219 1107 1208 1106 1208 1105 1208 1103 1208 1102 1208 1086 1222 1084 1223 1022 1223 1021 1222 1007 1210 1006 1210 1004 1210 980 1208 978 1208 977 1208 976 1208 953 1222 926 1208 924 1208 923 1208 921 1208 920 1208 904 1222 902 1223 816 1223 797 1222 778 1221 761 1207 760 1207 759 1207 706 1207 704 1207 703 1207 663 1221 646 1208 644 1208 643 1208 642 1208 640 1208 623 1214 600 1207 598 1207 597 1207 596 1207 574 1218 551 1207 549 1207 548 1207 547 1207 545 1207 529 1221 528 1222 479 1222 476 1221 435 1207 434 1207 433 1207 431 1207 430 1207 408 1221 405 1222 353 1222 350 1221 329 1207 328 1207 327 1207 325 1207 324 1207 323 1207 306 1221 305 1221 291 1221 291 1250"/></Shape>
	    <String CONTENT="cheueſque de Magdebourg, du Roy de Suedde."
                    HPOS="290.0"
                    VPOS="1207.0"
                    WIDTH="1037.0"
                    HEIGHT="66.0"
                    WC="0.9967192297890073"></String>
          </TextLine>
          <TextLine ID="line_21"
                    TAGREFS="LT8"
                    BASELINE="294 1309 1327 1313" 
                    HPOS="293.0"
                    VPOS="1267.0"
                    WIDTH="1034.0"
                    HEIGHT="61.0">
            <Shape><Polygon POINTS="294 1309 293 1318 304 1325 305 1325 306 1325 308 1325 522 1320 556 1326 558 1326 559 1326 575 1320 665 1328 666 1328 1326 1321 1327 1313 1327 1283 1302 1269 1300 1269 1299 1269 1298 1269 1250 1282 1215 1282 1197 1269 1196 1269 1194 1269 1094 1269 1093 1269 1091 1269 1090 1269 1074 1282 1074 1283 1048 1283 1048 1282 1018 1269 1016 1269 1015 1269 1014 1269 1012 1269 997 1282 996 1282 973 1282 953 1282 927 1268 926 1268 924 1268 923 1268 894 1282 864 1282 849 1268 848 1268 847 1268 845 1268 844 1268 814 1280 581 1280 563 1267 562 1267 560 1267 530 1267 529 1267 528 1267 526 1267 514 1277 483 1267 482 1267 480 1267 479 1267 477 1267 461 1280 445 1280 410 1280 410 1279 395 1267 393 1267 392 1267 372 1267 370 1267 369 1267 343 1279 316 1267 315 1267 313 1267 312 1267 310 1267 294 1276 294 1309"/></Shape>
	    <String CONTENT="du Roy de Dannemarc, des ducs de Olſtian: &amp;"
                    HPOS="293.0"
                    VPOS="1267.0"
                    WIDTH="1034.0"
                    HEIGHT="61.0"
                    WC="0.9796115090680677"></String>
          </TextLine>
          <TextLine ID="line_22"
                    TAGREFS="LT8"
                    BASELINE="293 1371 1323 1368" 
                    HPOS="291.0"
                    VPOS="1328.0"
                    WIDTH="1032.0"
                    HEIGHT="58.0">
            <Shape><Polygon POINTS="293 1371 293 1379 669 1379 677 1382 688 1386 689 1386 691 1386 772 1382 875 1378 1019 1383 1053 1385 1055 1385 1056 1385 1059 1383 1074 1378 1113 1385 1118 1385 1120 1385 1121 1385 1122 1385 1143 1378 1166 1385 1167 1385 1169 1385 1170 1386 1322 1386 1323 1368 1321 1340 1276 1340 1258 1328 1257 1328 1255 1328 1254 1328 1198 1337 1186 1328 1185 1328 1184 1328 1143 1328 1141 1328 1140 1328 1139 1328 1122 1339 1095 1328 1094 1328 1093 1328 1091 1328 1090 1328 1076 1340 957 1340 902 1328 901 1328 900 1328 898 1328 883 1340 851 1340 809 1328 807 1328 806 1328 805 1328 803 1328 788 1340 672 1329 670 1329 669 1329 636 1340 605 1329 604 1329 602 1329 601 1329 600 1329 587 1339 520 1333 518 1333 461 1340 381 1329 380 1329 378 1329 357 1340 308 1329 306 1329 305 1329 304 1329 291 1337 293 1371"/></Shape>
	    <String CONTENT="finalement en la Cour des Comtes de Emden,"
                    HPOS="291.0"
                    VPOS="1328.0"
                    WIDTH="1032.0"
                    HEIGHT="58.0"
                    WC="0.9995460581211817"></String>
          </TextLine>
          <TextLine ID="line_23"
                    TAGREFS="LT8"
                    BASELINE="293 1432 1326 1427" 
                    HPOS="291.0"
                    VPOS="1382.0"
                    WIDTH="1035.0"
                    HEIGHT="66.0">
            <Shape><Polygon POINTS="293 1432 293 1440 332 1440 335 1440 346 1448 347 1448 348 1448 350 1448 351 1448 380 1440 385 1440 471 1440 473 1440 488 1448 490 1448 491 1448 547 1440 566 1439 692 1439 696 1440 701 1446 703 1446 704 1446 706 1446 780 1440 836 1438 889 1440 959 1446 961 1446 962 1446 964 1446 970 1440 974 1438 980 1440 985 1446 987 1446 988 1446 989 1446 1067 1440 1143 1436 1184 1440 1213 1444 1215 1444 1325 1440 1326 1427 1325 1396 1284 1383 1283 1383 1281 1383 1280 1383 1279 1383 1265 1396 1198 1396 1178 1382 1177 1382 1175 1382 1174 1382 1173 1382 1150 1390 1140 1382 1139 1382 1137 1382 1079 1382 1078 1382 1076 1382 1075 1382 1075 1383 1061 1394 1060 1397 1022 1397 1019 1394 997 1383 996 1383 995 1383 993 1383 970 1394 968 1396 966 1394 942 1383 940 1383 939 1383 938 1383 912 1394 909 1397 788 1397 783 1394 764 1385 763 1385 761 1385 760 1385 735 1394 733 1396 730 1394 712 1385 711 1385 710 1385 708 1385 707 1385 695 1394 689 1398 636 1398 631 1394 616 1385 615 1385 613 1385 571 1385 570 1385 568 1385 567 1385 555 1394 547 1398 502 1397 499 1394 490 1386 488 1386 487 1386 442 1386 441 1386 439 1386 420 1394 408 1400 354 1400 346 1394 336 1386 335 1386 334 1386 332 1386 291 1393 293 1432"/></Shape>
	    <String CONTENT="I’ay auſsi parlé aux Seigneurs du Conſeil des prin"
                    HPOS="291.0"
                    VPOS="1382.0"
                    WIDTH="1035.0"
                    HEIGHT="66.0"
                    WC="0.9838041709918602"></String>
          </TextLine>
          <TextLine ID="line_24"
                    TAGREFS="LT8"
                    BASELINE="293 1488 1322 1484" 
                    HPOS="291.0"
                    VPOS="1447.0"
                    WIDTH="1031.0"
                    HEIGHT="64.0">
            <Shape><Polygon POINTS="293 1488 293 1497 332 1511 334 1511 335 1511 336 1511 385 1497 388 1497 487 1497 505 1511 506 1511 507 1511 509 1511 590 1499 632 1511 634 1511 635 1511 722 1496 726 1496 756 1496 919 1499 931 1509 932 1509 934 1509 935 1511 973 1511 973 1509 974 1509 1019 1496 1034 1508 1036 1508 1037 1508 1038 1508 1040 1508 1056 1501 1109 1508 1110 1508 1112 1508 1143 1495 1166 1503 1167 1503 1169 1504 1230 1504 1230 1503 1231 1503 1232 1503 1246 1495 1281 1504 1283 1504 1284 1504 1285 1504 1322 1493 1322 1484 1319 1459 1082 1452 1080 1452 919 1459 879 1459 863 1447 862 1447 860 1447 750 1447 749 1447 748 1447 727 1458 560 1448 559 1448 558 1448 534 1458 488 1452 487 1452 486 1452 450 1461 380 1448 378 1448 377 1448 376 1448 362 1458 313 1454 312 1454 310 1454 291 1461 293 1488"/></Shape>
	    <String CONTENT="cipales republiques d’Allemagne, qui ont re¬"
                    HPOS="291.0"
                    VPOS="1447.0"
                    WIDTH="1031.0"
                    HEIGHT="64.0"
                    WC="0.999682295051488"></String>
          </TextLine>
          <TextLine ID="line_25"
                    TAGREFS="LT8"
                    BASELINE="294 1546 1327 1543" 
                    HPOS="293.0"
                    VPOS="1504.0"
                    WIDTH="1034.0"
                    HEIGHT="61.0">
            <Shape><Polygon POINTS="294 1546 294 1557 494 1557 495 1557 511 1565 513 1565 514 1565 578 1558 619 1565 620 1565 621 1565 623 1565 632 1557 768 1557 772 1557 807 1565 809 1565 810 1565 811 1565 828 1556 830 1556 988 1556 993 1556 1049 1564 1050 1564 1163 1562 1164 1562 1166 1562 1175 1556 1177 1556 1178 1556 1291 1562 1292 1562 1326 1554 1327 1543 1325 1516 1170 1516 1152 1504 1151 1504 1150 1504 1105 1504 1103 1504 1102 1504 1101 1504 1087 1516 1033 1516 995 1504 993 1504 992 1504 991 1504 969 1516 924 1516 826 1504 825 1504 824 1504 794 1516 718 1516 682 1505 681 1505 680 1505 678 1505 651 1518 601 1518 579 1505 578 1505 540 1505 539 1505 473 1516 444 1505 442 1505 380 1505 378 1505 377 1505 358 1515 313 1509 312 1509 310 1509 293 1516 294 1546"/></Shape>
	    <String CONTENT="ceu l’Euangile, ie leur ay bien au long fait enten¬"
                    HPOS="293.0"
                    VPOS="1504.0"
                    WIDTH="1034.0"
                    HEIGHT="61.0"
                    WC="0.9976591935344771"></String>
          </TextLine>
          <TextLine ID="line_26"
                    TAGREFS="LT8"
                    BASELINE="294 1604 1327 1603" 
                    HPOS="293.0"
                    VPOS="1562.0"
                    WIDTH="1034.0"
                    HEIGHT="64.0">
            <Shape><Polygon POINTS="294 1604 294 1615 347 1615 350 1615 369 1625 370 1625 372 1625 373 1625 407 1615 412 1615 602 1615 604 1615 615 1625 616 1625 617 1625 619 1625 697 1615 710 1615 776 1615 843 1617 859 1625 860 1625 862 1625 863 1625 892 1615 896 1615 1067 1615 1069 1615 1080 1625 1082 1625 1083 1625 1084 1625 1086 1625 1110 1618 1124 1625 1125 1625 1126 1626 1216 1626 1216 1625 1217 1625 1219 1625 1234 1617 1326 1617 1327 1603 1326 1573 1299 1562 1298 1562 1296 1562 1295 1562 1261 1573 1258 1573 1224 1573 1189 1573 1164 1562 1163 1562 1162 1562 1160 1562 1139 1573 1139 1575 1038 1575 1038 1573 1015 1562 1014 1562 1012 1562 1011 1562 1010 1562 993 1573 980 1562 978 1562 977 1562 879 1562 878 1562 877 1562 875 1562 862 1575 841 1575 797 1562 795 1562 794 1562 792 1562 791 1562 776 1573 685 1566 684 1566 682 1566 681 1566 670 1573 658 1566 657 1566 655 1566 654 1566 635 1575 473 1575 439 1562 438 1562 437 1562 435 1562 434 1562 416 1573 386 1562 385 1562 384 1562 382 1562 381 1562 363 1573 320 1562 319 1562 317 1562 316 1562 293 1573 294 1604"/></Shape>
	    <String CONTENT="dre, à chacun en particulier, l’hiſtoire tragique du"
                    HPOS="293.0"
                    VPOS="1562.0"
                    WIDTH="1034.0"
                    HEIGHT="64.0"
                    WC="0.9970183372497559"></String>
          </TextLine>
          <TextLine ID="line_27"
                    TAGREFS="LT8"
                    BASELINE="294 1664 1330 1664" 
                    HPOS="294.0"
                    VPOS="1623.0"
                    WIDTH="1036.0"
                    HEIGHT="52.0">
            <Shape><Polygon POINTS="294 1664 294 1675 1330 1675 1330 1664 1330 1634 1226 1632 1216 1623 1215 1623 1213 1623 1185 1623 1184 1623 1182 1623 1181 1623 1170 1633 1169 1634 1078 1634 1072 1632 1050 1625 1049 1625 1048 1625 1046 1625 1031 1632 1027 1633 1023 1632 1003 1623 1002 1623 1000 1623 969 1630 958 1634 757 1634 749 1629 738 1623 737 1623 703 1623 701 1623 700 1623 699 1623 693 1629 687 1634 611 1634 600 1628 590 1623 589 1623 563 1623 562 1623 560 1623 559 1623 555 1628 548 1633 541 1628 536 1623 534 1623 533 1623 532 1623 530 1623 515 1628 492 1634 433 1634 423 1626 419 1623 418 1623 416 1623 384 1623 382 1623 381 1623 380 1623 377 1626 367 1633 354 1626 348 1623 347 1623 346 1623 294 1625 294 1664"/></Shape>
	    <String CONTENT="Maſſacre de Paris. I’en ay trouué aucuns d’entre"
                    HPOS="294.0"
                    VPOS="1623.0"
                    WIDTH="1036.0"
                    HEIGHT="52.0"
                    WC="0.9829383054558112"></String>
          </TextLine>
          <TextLine ID="line_28"
                    TAGREFS="LT8"
                    BASELINE="294 1722 1327 1722" 
                    HPOS="294.0"
                    VPOS="1682.0"
                    WIDTH="1033.0"
                    HEIGHT="59.0">
            <Shape><Polygon POINTS="294 1722 294 1733 378 1741 380 1741 381 1741 396 1735 404 1741 405 1741 407 1741 408 1741 453 1735 552 1741 553 1741 606 1735 734 1741 735 1741 769 1735 924 1741 926 1741 1327 1733 1327 1722 1327 1695 1276 1695 1258 1682 1257 1682 1255 1682 1213 1682 1212 1682 1211 1682 1209 1682 1198 1691 1186 1682 1185 1682 1184 1682 1114 1682 1113 1682 1112 1682 1084 1694 1045 1682 1044 1682 1042 1682 1041 1682 1040 1682 1025 1695 926 1695 913 1684 912 1684 911 1684 909 1684 908 1684 907 1684 896 1694 828 1694 786 1682 784 1682 783 1682 782 1682 780 1682 765 1694 749 1682 748 1682 746 1682 745 1682 744 1682 708 1691 676 1682 674 1682 673 1682 672 1682 670 1682 651 1694 503 1682 502 1682 501 1682 499 1682 479 1694 342 1687 340 1687 294 1694 294 1722"/></Shape>
	    <String CONTENT="eux, qui eſtoyent deſta auertis, par des Eſtaffiers"
                    HPOS="294.0"
                    VPOS="1682.0"
                    WIDTH="1033.0"
                    HEIGHT="59.0"
                    WC="0.9987925057317696"></String>
          </TextLine>
          <TextLine ID="line_29"
                    TAGREFS="LT8"
                    BASELINE="296 1781 1323 1784" 
                    HPOS="294.0"
                    VPOS="1739.0"
                    WIDTH="1029.0"
                    HEIGHT="61.0">
            <Shape><Polygon POINTS="296 1781 294 1789 539 1798 540 1800 661 1800 661 1798 662 1798 663 1798 669 1793 672 1792 1321 1798 1323 1784 1323 1754 1280 1740 1279 1740 1227 1740 1226 1740 1224 1740 1223 1740 1207 1752 1184 1740 1182 1740 1150 1740 1148 1740 1147 1740 1145 1740 1129 1754 1067 1754 1059 1746 1057 1746 1056 1746 1055 1746 1053 1746 1037 1754 915 1754 881 1740 879 1740 878 1740 877 1740 875 1740 859 1754 809 1754 730 1752 711 1739 710 1739 708 1739 707 1739 706 1739 672 1751 639 1739 638 1739 636 1739 635 1739 592 1752 528 1752 482 1739 480 1739 479 1739 477 1739 476 1739 457 1752 435 1752 419 1739 418 1739 416 1739 377 1739 376 1739 374 1739 346 1751 319 1739 317 1739 316 1739 315 1739 313 1739 296 1750 296 1781"/></Shape>
	    <String CONTENT="de Charles, qui, donnans leur ame au Diable,"
                    HPOS="294.0"
                    VPOS="1739.0"
                    WIDTH="1029.0"
                    HEIGHT="61.0"
                    WC="0.9900590547106483"></String>
          </TextLine>
          <TextLine ID="line_30"
                    TAGREFS="LT8"
                    BASELINE="297 1842 1329 1839" 
                    HPOS="296.0"
                    VPOS="1800.0"
                    WIDTH="1033.0"
                    HEIGHT="61.0">
            <Shape><Polygon POINTS="297 1842 298 1861 332 1851 719 1857 795 1857 797 1857 824 1855 893 1850 909 1854 923 1858 924 1858 926 1858 959 1854 978 1851 1000 1853 1055 1858 1056 1858 1113 1851 1131 1850 1133 1851 1140 1857 1141 1857 1143 1857 1280 1858 1281 1858 1327 1849 1329 1839 1326 1811 1154 1800 1152 1800 1151 1800 1150 1800 1136 1811 1098 1811 1067 1800 1065 1800 1064 1800 1063 1800 1033 1811 898 1811 879 1800 878 1800 828 1800 826 1800 825 1800 824 1800 807 1812 687 1812 668 1801 666 1801 665 1801 663 1801 634 1809 596 1801 594 1801 593 1801 592 1801 581 1811 461 1811 448 1801 446 1801 445 1801 412 1801 411 1801 410 1801 385 1812 296 1812 297 1842"/></Shape>
	    <String CONTENT="pour l’amour de leurs maiſtres, auoyẽt voulu per"
                    HPOS="296.0"
                    VPOS="1800.0"
                    WIDTH="1033.0"
                    HEIGHT="61.0"
                    WC="0.9856353450794609"></String>
          </TextLine>
          <TextLine ID="line_31"
                    TAGREFS="LT8"
                    BASELINE="294 1900 1329 1897" 
                    HPOS="293.0"
                    VPOS="1857.0"
                    WIDTH="1036.0"
                    HEIGHT="62.0">
            <Shape><Polygon POINTS="294 1900 294 1910 548 1910 549 1910 560 1918 562 1918 563 1918 564 1919 564 1918 566 1918 567 1918 578 1910 579 1910 602 1910 711 1910 720 1918 722 1918 723 1918 725 1919 788 1919 788 1918 790 1918 826 1908 829 1908 832 1908 873 1916 874 1916 1008 1915 1010 1915 1011 1915 1021 1908 1139 1916 1140 1916 1190 1908 1312 1916 1314 1916 1315 1916 1317 1916 1329 1907 1329 1897 1326 1857 1247 1857 1246 1857 1245 1857 1243 1857 1230 1869 883 1869 875 1864 866 1857 864 1857 863 1857 811 1857 810 1857 775 1865 753 1870 649 1870 642 1866 621 1858 620 1858 619 1858 617 1858 589 1866 558 1858 556 1858 555 1858 505 1869 502 1869 501 1869 482 1858 480 1858 445 1858 444 1858 442 1858 419 1869 403 1858 401 1858 400 1858 367 1858 366 1858 365 1858 344 1869 312 1858 310 1858 309 1858 308 1858 306 1858 293 1868 294 1900"/></Shape>
	    <String CONTENT="ſziader à ces Princes; que l’agneau auoit troublé"
                    HPOS="293.0"
                    VPOS="1857.0"
                    WIDTH="1036.0"
                    HEIGHT="62.0"
                    WC="0.9767280922216528"></String>
          </TextLine>
          <TextLine ID="line_32"
                    TAGREFS="LT8"
                    BASELINE="296 1957 1332 1960" 
                    HPOS="294.0"
                    VPOS="1914.0"
                    WIDTH="1038.0"
                    HEIGHT="64.0">
            <Shape><Polygon POINTS="296 1957 294 1967 301 1973 301 1975 302 1975 304 1975 305 1975 306 1975 323 1968 336 1975 338 1975 339 1976 454 1976 454 1975 456 1975 469 1968 530 1976 532 1976 661 1969 681 1976 682 1976 684 1976 685 1976 700 1968 710 1976 711 1976 712 1976 714 1978 753 1978 753 1976 813 1968 826 1976 828 1976 829 1976 830 1976 915 1969 926 1978 927 1978 928 1978 930 1978 1000 1969 1060 1976 1061 1976 1170 1969 1315 1976 1317 1976 1318 1976 1319 1976 1330 1968 1332 1960 1332 1922 1322 1915 1321 1915 1319 1915 1169 1915 1167 1915 1166 1915 1164 1915 1154 1922 1140 1915 1139 1915 1137 1915 1136 1915 1114 1925 1106 1929 1101 1925 1090 1915 1088 1915 1087 1915 1086 1915 1084 1915 1065 1923 1045 1915 1044 1915 1042 1915 1041 1915 1040 1915 1029 1925 1025 1929 942 1929 930 1925 905 1915 904 1915 902 1915 901 1915 900 1915 888 1925 881 1929 697 1929 661 1927 655 1923 640 1914 639 1914 638 1914 636 1914 635 1914 617 1921 594 1914 593 1914 592 1914 590 1914 589 1914 577 1923 571 1927 517 1927 513 1923 502 1914 501 1914 499 1914 498 1914 496 1914 461 1923 445 1929 350 1929 340 1923 325 1914 324 1914 323 1914 321 1914 320 1914 296 1922 296 1957"/></Shape>
	    <String CONTENT="l&#x27;eurau loup. Mais, pas vn d’eux n’auoit eſté ſi"
                    HPOS="294.0"
                    VPOS="1914.0"
                    WIDTH="1038.0"
                    HEIGHT="64.0"
                    WC="0.9858877658843994"></String>
          </TextLine>
          <TextLine ID="line_5"
                    TAGREFS="LT8"
                    BASELINE="296 2018 767 2013" 
                    HPOS="293"
                    VPOS="1967"
                    WIDTH="473"
                    HEIGHT="68">
            <Shape><Polygon POINTS="295 2016 295 2035 766 2035 766 2012 762 1982 721 1982 709 1969 709 1967 707 1967 705 1967 702 1967 700 1967 668 1980 586 1967 584 1967 582 1967 550 1978 529 1967 527 1967 525 1967 427 1982 370 1969 368 1969 293 1984 295 2016"/></Shape>
	    <String CONTENT="ma l&#x27;auiſé de lacroire.  . :"
                    HPOS="293"
                    VPOS="1967"
                    WIDTH="473"
                    HEIGHT="68"
                    WC="0.9970196012792916"></String>
          </TextLine>
        </TextBlock>
        <TextBlock HPOS="498.0"
                   VPOS="76.0"
                   WIDTH="621.0"
                   HEIGHT="62.0"
                   ID="block_3"
                   TAGREFS="BT18">
          <Shape><Polygon POINTS="1119 76 1119 138 498 138 498 76"/></Shape>
          <TextLine ID="line_0"
                    TAGREFS="LT8"
                    BASELINE="491 126 1133 120" 
                    HPOS="490"
                    VPOS="82"
                    WIDTH="643"
                    HEIGHT="56">
            <Shape><Polygon POINTS="1114 103 1101 103 1087 103 1074 103 1060 103 1046 103 1033 103 1019 103 1006 103 992 103 983 103 885 105 866 103 856 103 843 103 829 103 816 103 802 103 792 103 792 104 790 103 788 103 775 103 761 103 748 103 734 103 727 103 722 107 687 107 681 103 680 103 678 100 673 96 657 82 655 82 654 82 653 82 559 84 558 84 556 84 556 85 552 89 547 85 547 84 545 84 544 84 496 84 495 84 494 84 492 84 492 85 491 85 490 85 491 126 491 131 503 138 505 138 506 138 545 130 566 138 567 138 568 138 570 138 597 130 649 138 650 138 651 138 653 138 663 128 685 137 687 137 688 137 689 137 718 128 768 137 769 137 771 137 772 137 782 128 845 135 847 135 848 135 849 135 849 134 858 127 882 127 900 135 901 135 902 135 904 135 930 127 938 134 938 135 939 135 940 135 942 137 972 137 972 135 973 135 974 135 987 126 988 126 1022 126 1030 132 1030 134 1031 134 1033 134 1034 135 1110 135 1110 134 1112 134 1133 124 1133 120 1129 103 1128 103"/></Shape>
	    <String CONTENT="DIALOGVE II."
                    HPOS="490"
                    VPOS="82"
                    WIDTH="643"
                    HEIGHT="56"
                    WC="0.9979696522156397"></String>
          </TextLine>
        </TextBlock>
        <TextBlock HPOS="488.0"
                   VPOS="2034.0"
                   WIDTH="36.0"
                   HEIGHT="50.0"
                   ID="block_0"
                   TAGREFS="BT17">
          <Shape><Polygon POINTS="524 2034 524 2084 488 2084 488 2034"/></Shape>
          <TextLine ID="line_33"
                    TAGREFS="LT8"
                    BASELINE="491 2074 514 2074" 
                    HPOS="491.0"
                    VPOS="2029.0"
                    WIDTH="23.0"
                    HEIGHT="60.0">
            <Shape><Polygon POINTS="491 2074 491 2089 514 2089 514 2074 514 2035 491 2029 491 2074"/></Shape>
	    <String CONTENT="b"
                    HPOS="491.0"
                    VPOS="2029.0"
                    WIDTH="23.0"
                    HEIGHT="60.0"
                    WC="0.9998737573623657"></String>
          </TextLine>
        </TextBlock>
        <TextBlock HPOS="1264.0"
                   VPOS="2039.0"
                   WIDTH="57.0"
                   HEIGHT="54.0"
                   ID="block_1"
                   TAGREFS="BT17">
          <Shape><Polygon POINTS="1321 2039 1321 2093 1264 2093 1264 2039"/></Shape>
          <TextLine ID="line_34"
                    TAGREFS="LT8"
                    BASELINE="1258 2077 1321 2077" 
                    HPOS="1258.0"
                    VPOS="2030.0"
                    WIDTH="63.0"
                    HEIGHT="57.0">
            <Shape><Polygon POINTS="1258 2077 1258 2087 1321 2087 1321 2077 1321 2044 1299 2044 1299 2043 1287 2032 1287 2030 1285 2030 1284 2030 1283 2030 1281 2030 1258 2040 1258 2077"/></Shape>
	    <String CONTENT="Ie"
                    HPOS="1258.0"
                    VPOS="2030.0"
                    WIDTH="63.0"
                    HEIGHT="57.0"
                    WC="0.999969482421875"></String>
          </TextLine>
        </TextBlock>
        <TextBlock HPOS="894.0"
                   VPOS="2316.0"
                   WIDTH="304.0"
                   HEIGHT="88.0"
                   ID="eSc_textblock_9bd007f2"
                   TAGREFS="BT9">
          <Shape><Polygon POINTS="894 2316 894 2404 1198 2404 1198 2316"/></Shape>
        </TextBlock>
      </PrintSpace>
    </Page>
  </Layout>
</alto>
