1452 2414
252.0 92.0 98.0 55.0 140

301.0 154.0 979.0 69.0 Si eſpere-ie qu’il t’auiendra quelque iour pour

244.0 223.0 1038.0 55.0 peaucoup qu’il tarde à tout le moins ce qui auint

246.0 273.0 1038.0 64.0 à Tryſus ce tyran inſigne, mais ſans comparaiſon

246.0 335.0 1038.0 56.0 meilleur que tu ne ſus iour de ta vie. Ce vilain

248.0 391.0 1034.0 63.0 ayant deftendu par ſon edict à ſes ſuiets de ne par

246.0 453.0 1042.0 67.0 ler point l’vn à l’autre ny en public ny en priué,

246.0 510.0 1034.0 62.0 (craignant qu’entte eux ils n’auiſaſſent de ſe re¬

246.0 572.0 1039.0 52.0 mettre en liberté) ſes poures ſuiets furent con¬

250.0 633.0 1038.0 59.0 traints pour exprimer leurs conceptions les vns

248.0 689.0 1038.0 60.0 aux autres d’vſer de geſtes, de contenances & ſi¬

245.0 746.0 1039.0 66.0 gnes des yeux, de la teſte & des mains tels qu’ils

248.0 807.0 1038.0 66.0 pouuoyent pour s’expliquer. Mais ces façons &

244.0 862.0 1044.0 58.0 moyens de ſe faire entendre, leurs eſtans auſsi def

244.0 925.0 1040.0 60.0 ſendus : vn poure bõ hõme outré du creuecœur &

245.0 980.0 1041.0 66.0 deſplaiſir qu’il ſentoit d’vnioug ſi peſant, s’en alla

242.0 1042.0 1039.0 64.0 au milieu de la place, cõmẽça à ſe plaindre en ſoy

244.0 1101.0 1040.0 63.0 meſme, à lamenter,à gemir & à plourer, tellemẽt

245.0 1162.0 1037.0 61.0 qu’il attira vne grande multitude de ſes concitoy

244.0 1221.0 1038.0 61.0 ens à larmoyer auecques luy pour leur dure & mi

244.0 1278.0 1040.0 56.0 ſerable condition. Cela eſtant entendu du tyran.

244.0 1338.0 1041.0 63.0 ne pouuant ſouffrir ſeulement qu’on ſe plaigniſt

244.0 1398.0 1040.0 54.0 de ſes cruaurez, s’en vint droit à la place, où ceſte

244.0 1455.0 1044.0 63.0 poure multitude deſarmee ? & plourante eſtoit aſ

242.0 1516.0 1042.0 59.0 ſemblee: pour leur empeſcher encores celle natu

241.0 1570.0 1044.0 66.0 relle faculté de gemir & larmoyer. Mais Dieu

245.0 1637.0 1039.0 62.0 voulut que le peuple ne ſe pouuanc plus contenir,

241.0 1691.0 1039.0 64.0 s’eſtant rué deſſus les gardes & latellites du tyrã,

238.0 1754.0 1048.0 60.0 leur arracha des poings les armes & mit le tyran

242.0 1811.0 696.0 61.0 inſame en mille pieces & lopine.

531.0 80.0 564.0 64.0 DIALOGVE II.

241.0 1869.0 1047.0 64.0 Le pol. Voila bonnes gens, compaenon, ie croy:

241.0 1927.0 1044.0 65.0 bien qu’apres ce beau trait Tryſus le tyran n’euſt

240.0 1984.0 1044.0 69.0 oſé les empeſcher ny leur deffendre de ſe com¬

1078.0 2043.0 196.0 69.0 plaindre
