1429 2427
149.0 138.0 1042.0 70.0 on cognoiſt qu’elle n'a point eſté receuë comme

148.0 199.0 1035.0 67.0 refugiee ny donné aucune foy: Mais c’eſt au con¬

149.0 257.0 1038.0 66.0 traire: ſi elle auoit eſté receue à refuge & promeſ¬

147.0 322.0 1039.0 62.0 ſe donnee, on luy pourroit imputer d’auoir con¬

149.0 376.0 1043.0 70.0 ſpité contre celle qui luy auoit vſé de ceſte gran¬

149.0 438.0 1042.0 62.0 de humanité: à preſent n’ayant receu aucune hu¬

151.0 494.0 1041.0 65.0 manité de la royne d’Angleterre, elle ne luy eſt de

151.0 554.0 1040.0 67.0 rien obligee, voire que pour luy auoir vſé de ce¬

149.0 614.0 1043.0 64.0 ſte rigueur & n’auoir exercé en ſon endroit, ceſte

155.0 675.0 1037.0 59.0 generoſité & beneficence royale, comme les Rois

152.0 732.0 1039.0 63.0 dont i’ay parlé, elle auroit occaſion d'en prendre

153.0 791.0 1039.0 63.0 veugeance: Comme fit d’vn roy d’Hõgrie quatrie

151.0 850.0 1043.0 61.0 me, Federic duc d’Auſtriche, qui ayant fuy vers

151.0 908.0 1039.0 65.0 luy apres la deſroute d’vne bataille gaignee ſur luy

151.0 966.0 1044.0 65.0 par les Tartares: il le retint priſonnier, & le con¬

149.0 1026.0 1043.0 67.0 traignit luy bailler d’argent & trois Comtez pro¬

149.0 1082.0 1046.0 61.0 chains d’Auſtriche. En ſin eſtant deliuré, luy fit la

152.0 1146.0 1040.0 63.0 guerre, & le tua à vne bataille. Il eſt certain que la

151.0 1201.0 1047.0 63.0 royne d’Eſcoſſe a eſté touſiours ſous bonne & ſeu

151.0 1260.0 1045.0 66.0 re garde, iamais n’a eſté en liberté ſous ſa ſoy: vn

153.0 1320.0 1043.0 66.0 priſonnier qui n’eſt point ſur ſa foy & à qui on a

147.0 1379.0 1049.0 63.0 baillé garde: il ne peut eſtre blaſmé de recercher

151.0 1440.0 1044.0 63.0 ſa retraicte par toutes les voyes qu’il eſt poſsible.

152.0 1499.0 1040.0 63.0 Meſmement qu’elle dira auoir eſté iniuſtement

149.0 1557.0 1045.0 65.0 faicte priſonniere: Car où l'on pretend qu’elle

151.0 1618.0 1043.0 62.0 ſoit priſonniere de iuſtice, ou de guerre: autre ti¬

151.0 1678.0 1041.0 64.0 ers moyen agile ne s’en peut trouuer: d’eſtre pri

151.0 1733.0 1040.0 65.0 ſonniere de iuſtice, i'ay deſia dit qu’elle n’eſt iu¬

151.0 1793.0 1045.0 65.0 ſticiable de la royne d’Angleterre: Par ainſi elle

151.0 1855.0 1036.0 62.0 ne peut eſtre priſonniere de iuſtice en Anglecer¬

151.0 1914.0 1037.0 57.0 re, par ce que le fondement d’vne vraye iuſtice y

148.0 1971.0 1042.0 70.0 deffaut, c’eſt la puiſſance du Iuge: D’eſtre priſon¬

349.0 60.0 609.0 69.0 DIALOGVE II.

1138.0 75.0 33.0 47.0 2

909.0 2031.0 101.0 58.0 b.V.
