1443 2419
268.0 107.0 100.0 47.0 100

325.0 155.0 984.0 66.0 Adiouſtez y le Roy luy-meſmes, & ſon frere

264.0 219.0 1039.0 57.0 le beau Monſieur: vous ne ſcautiez dire, lequel de

273.0 279.0 1028.0 59.0 tous ceux là vaut mieux qué l’autre. Que pleuſt à

268.0 334.0 1031.0 57.0 Dieu qu’ils fuſſent tous chaſtrez comme ils le me

267.0 393.0 1036.0 57.0 ritent. Le chaſtiment du Parricide, c’eſt de les iet

267.0 454.0 1036.0 53.0 ter à val l’eau dans vn ſac de cuir, bien couſu auec

268.0 512.0 1032.0 63.0 vn ſerpent, ce me ſemble, vn coq & vn ſinge auſ¬

264.0 568.0 1036.0 64.0 ſi. O que cela conuiendroit bien à vn Charles le

267.0 628.0 1036.0 64.0 parricide! à Catherine la couleuure, le coq ſeroit

264.0 686.0 1037.0 62.0 noſtre Monſieur, & le Peron ſeroit le ſinge: ce ſe¬

264.0 748.0 1037.0 61.0 roit aſſez de ces quatre, les autres auroyent belle

264.0 806.0 1037.0 64.0 pour. On purgeroit toſt le Royaume de garne¬

266.0 865.0 1037.0 54.0 mens: ie m'aſſeure bien, diſoit l’hoſte, que s’ils

263.0 923.0 1038.0 59.0 s’en vont à la Rochelle, ils n’en reuiendront ia

264.0 982.0 1033.0 62.0 tous: ou il y aura de la iuſtice auſsi peu au ciel

267.0 1041.0 1033.0 60.0 qu’eu la France. Toutefois ceux cy n’ont garde

264.0 1100.0 1035.0 57.0 d’aller auant dãs la meſlee,ils craignẽt les coups,

267.0 1159.0 1033.0 61.0 les tyrans. Mais il y font aller les autres pour en

266.0 1216.0 1033.0 64.0 auoir leur paſſetemps. Hé que de braues gentils

264.0 1276.0 1032.0 62.0 hommes, que de ſeigneurs, que de ſoldats y vont

266.0 1337.0 1033.0 61.0 mourir: c’eſt grand pitié: c’eſt grand dommage.

266.0 1392.0 1034.0 62.0 Si l’eſtranger nous venoit ſur les bras. A dieu la

267.0 1450.0 1033.0 57.0 France, elle tomberoit aiſément és mains du pre¬

266.0 1510.0 1035.0 61.0 mier aſſaillant, maintenant qu’elle eſt deſpour¬

267.0 1571.0 1033.0 59.0 ueue & qu’elle s’en va deſpouillant iournellemẽt

267.0 1627.0 1032.0 55.0 de ſes bras droits, de ſes parreins, ſes deſſenſeurs.

520 83 605 64 DIALOGVE II.

325.0 1686.0 974.0 63.0 Voila la plus part des deuis que i’entendois te

264.0 1747.0 1035.0 61.0 nir à table, aupres du feu dans les logis. Et Dieu

264.0 1806.0 1033.0 63.0 ſcait ſi ces harẽgueurs en deſpitant à tous propos

263.0 1866.0 1033.0 59.0 accompagnoyent leurs beaux diſcours de iure¬

266.0 1924.0 1033.0 59.0 mens & de blaſphemes, ie n’en onques tant de re¬

271.0 1983.0 1029.0 61.0 gret, i'eſtois contraint leur laiſſer dire, ie n’oſois

1159.0 2052.0 134.0 51.0 point
