1474 2424
295.0 75.0 48.0 56.0 34

284.0 150.0 1031.0 37.0 d'hunalte Gile pollcrue t a pius forte ruho u

288.0 191.0 1027.0 59.0 doit il rendre le meſme deuoir à celuy, qui luy a

284.0 250.0 1031.0 59.0 fait deſia vn bon office de protection, Si ceux qui

284.0 305.0 1028.0 61.0 ont violé le droict d’hoſpitalité aux Princes re¬

284.0 364.0 1028.0 62.0 ſugiez vers eux, ſont deteſtables:combien le me¬

282.0 428.0 1030.0 56.0 ritent dauantage ceux qui l’ont vio lé aux Prin¬

282.0 486.0 473.0 58.0 ces qui les ont receus?

497.0 64.0 594.0 61.0 DIALOGVE II.

338.0 537.0 972.0 58.0 Ie tiens la foy & ſeureté donnee par la ſeule re

281.0 597.0 1031.0 64.0 ception de la royne d’Eſcoſſe, & accorde que ce

282.0 657.0 1030.0 63.0 ſeroit rompre la ſoy, d’offenſer celuy qui a eſté re

281.0 723.0 1029.0 55.0 ceu à reſuge: mais c’eſt vne perfidie deteſtable

282.0 774.0 615.0 63.0 d’offenſer celuy qui le reçoit.

343.0 836.0 966.0 60.0 Les poetes ont encores plus abondé en trage¬

281.0 892.0 1025.0 61.0 dies compoſees ſur ce ſuiet, de la punition de tel¬

282.0 953.0 1026.0 61.0 les perfidies, que des premieres. Les hiſtoires

284.0 1012.0 1022.0 63.0 pareillement n’en rapportent que trop d’exem¬

286.0 1069.0 1023.0 59.0 ples: la ſeule hiſtoire de l’euerſion de Troye pour

284.0 1137.0 1017.0 50.0 la perfidie commiſe par Paris à Menelaus, le con¬

281.0 1185.0 1020.0 60.0 ſentement de toute la Grece à la punir & ſi obſti¬

282.0 1247.0 1020.0 51.0 ner dix ans, auec toutes les incommoditez & mal

281.0 1298.0 496.0 67.0 heurs qu’il eſt poſsible.

343.0 1362.0 957.0 61.0 Cleomenes roy de Sparte receu à refuge par

280.0 1420.0 1017.0 62.0 Ptolomee, fuyant Antigonus, & ayant apres con¬

280.0 1477.0 1020.0 62.0 ſpiré contre luy, ſe tua. Ptolomee l’ayant deſcou¬

282.0 1539.0 1011.0 60.0 uert fit pendre ignominieuſement ſon corps,

281.0 1595.0 1015.0 61.0 comme indigne de ſepulture. Mais qui eſt celuy

280.0 1653.0 1013.0 61.0 là qui voudroit deffendre vne telle deſloyauté,

280.0 1712.0 1017.0 61.0 d’vn qui auroit eſté recueilly en ſa miſere par vn

281.0 1773.0 1016.0 61.0 autre, & apres auroit conſpité contre ſivie? Qui

280.0 1830.0 1014.0 58.0 tient vn tel fait impuny oſte tout le lien de la ſo¬

280.0 1889.0 1016.0 54.0 cieté humaine, & fait perdre tous les off ces d’hu

282.0 1948.0 1008.0 65.0 manité entre les Rois, s’ils penſent qu’ayant re¬

1204.0 2022.0 86.0 38.0 ceu
