1442 2442
274.0 119.0 1026.0 65.0 diction des hommes, ny deuant celle de Dieu. Il

272.0 183.0 1030.0 54.0 faut bien dire que ce tyrã à excedé du tout les bor

275.0 249.0 1027.0 50.0 nes de toute impieté & iniuſtice. Pour l'honneur

274.0 302.0 1026.0 62.0 de Dieu, fay moy ce plaiſir que nous ne parlions

272.0 359.0 1027.0 64.0 plus des edits de ce bourreau, de ce ſauuage: ſi nõ

271.0 417.0 1028.0 63.0 que de bon heur il s’auiſaſt d’en faire vn qui com

268.0 477.0 1034.0 62.0 mandaſt de l’eſtrangler auec la truye & les co¬

267.0 535.0 1033.0 64.0 chons, tous ſes ſuppoſts & conſeillers. En ce cas

267.0 595.0 1028.0 60.0 ie ſerois d’auis qu’on vſaſt vers eux de douceur,

266.0 655.0 1033.0 61.0 ne permettant pas qu’ils tombaſſent en la miſere

267.0 713.0 1032.0 63.0 de Neron, qui ne trouua lors qu’il ſe vit reduit

267.0 774.0 1032.0 58.0 en extreme deſtreſſe, vn ſeul amy ny ennemy, qui

264.0 828.0 1035.0 67.0 luy vouluſt faire ce plaiſir de le deſpecher & tuer.

263.0 889.0 1032.0 63.0 Ie ſerois, dis-ie, bien d’auis qu’on ne les fit gueres

263.0 948.0 1035.0 66.0 languir, de peur qu’ils ne ſe retractaſſent, quãd ils

262.0 1009.0 1037.0 57.0 verroyẽt l’ẽfer ouuert & tout preſt à les receuoir.

276.0 63.0 84.0 57.0 142

513.0 56.0 582.0 57.0 DIALOGVEII.

262.0 1067.0 1040.0 63.0 Le pol. Ie ſerois biẽ de meſme auis. Et croy qu’auſ

262.0 1127.0 1040.0 60.0 ſi tous les bons Catholiques en deſireroyẽt tout

260.0 1184.0 1039.0 64.0 autãt pour ſe voir par là deſpeſtrez, du ioug de ce

259.0 1242.0 1041.0 64.0 mãge-ſuiet. Mais cependãt tu me ſemble trop diſ

260.0 1305.0 1035.0 59.0 ficile à ne vouloir poine que ie parle de ceſt edit

259.0 1362.0 1036.0 62.0 tãt ſignalé:ie dis ſignalé notãment, cauſant la paix

259.0 1421.0 1033.0 59.0 ou le relaſche que nos freres en ont ſenti lors: a¬

257.0 1481.0 1032.0 62.0 lors que pas vn de nous ne s’y oſoit ny s’y pouuoit

255.0 1539.0 1034.0 59.0 attendre: tu és bien vn merueilleux homme à ne

262.0 1599.0 438.0 58.0 conſiderer pas cela.

256.0 1653.0 1032.0 63.0 L’hi. Ie le conſidere bien, & ren graces à Dieu de

255.0 1713.0 1036.0 64.0 bon cœur pour la deliurãce miraculeuſe des po¬

255.0 1771.0 1037.0 60.0 ures aſſiegez. Mais ie ſuis tant ſaoul d’ouir parler

255.0 1831.0 1037.0 60.0 de ces edits, i'en ay lec oreilles tãt battues, qu’auſ

255.0 1892.0 1032.0 65.0 ſi toſt que i’en entends vn mot, peu s’en faut que

253.0 1952.0 1032.0 70.0 ie ne rende ma gorge, & ſur tout s’ily a quelque

1124.0 2007.0 157.0 64.0 choſe,
