1463 2439
301.0 79.0 77.0 61.0 80

357.0 153.0 967.0 62.0 Cela eſt donc tout reſolu que nous pouuons

298.0 211.0 1030.0 61.0 en bonne conſcience deſobeir aux edicts propha

299.0 271.0 1028.0 66.0 nes ou iniques des Magiſtrats, quels qu’ils ſoyent.

357.0 330.0 971.0 60.0 Reſte à voir maintenant, s’on leur peut auſsi

298.0 390.0 1028.0 62.0 pareillemẽt reſiſter en bonne conſcience, & pour

301.0 448.0 1026.0 65.0 quelles raiſons: eſtant choſe toute aſſeuree, que

296.0 505.0 1034.0 66.0 c’eſt plus leur reſiſter, que leur deſobeir ſimple¬

296.0 575.0 146.0 46.0 ment.

563.0 79.0 572.0 63.0 DIALOGVE II.

347.0 623.0 977.0 61.0 Ia n’auiene que ie fauoriſe en ceſt endroit le

301.0 685.0 1020.0 61.0 party de ces furieux & turbulens Anabaptiſtes,

296.0 743.0 1027.0 61.0 que nous confeſſons tous pouuoir eſtre digne¬

296.0 798.0 659.0 63.0 ment tuaſtiez par le Magiſtrat.

357.0 860.0 964.0 65.0 Qu’on ne penſe pas auſsi, que ie vueille porter

295.0 918.0 1028.0 61.0 le party des Seditieux, pourtant, ſi ie viens affer¬

296.0 978.0 1028.0 57.0 mer que les ſuiets ſont tenus de reſiſter par ar¬

299.0 1036.0 1025.0 53.0 mes, ſi beſoin eſt, au Magiſttat commandant cho

296.0 1096.0 1030.0 62.0 ſes prophanes ou iniques, eſtant vne telle reſiſten

296.0 1166.0 1024.0 49.0 ce, qu’o fait aux defſeins d’vn Magiſtrat ſeditieux,

298.0 1214.0 1025.0 58.0 vn vray moyen d’oſter la ſedition, & faire mettre

298.0 1273.0 729.0 61.0 vne bonne paix parmy les peuples.

356.0 1326.0 968.0 68.0 Mais afin que la queſtion puiſſe eſtre plus cle¬

294.0 1392.0 1032.0 49.0 rement traitee & deſnouee, ie mettray en auant

296.0 1451.0 1030.0 57.0 quelques maximes, comme preludes ſeruans à ce

292.0 1506.0 132.0 53.0 faict.

348.0 1563.0 978.0 64.0 Premierement qu’il y a vne mutuelle & reci¬

292.0 1620.0 1029.0 65.0 proque neceſsitude & obligation d’entre le Ma¬

291.0 1681.0 1028.0 60.0 giſtrat & les ſuiets:comme il eſt aiſé à cognoiſtre;

288.0 1738.0 1038.0 62.0 s’on conſidere l’origine, la cauſe &la fin de l’inſti¬

283.0 1804.0 480.0 55.0 tution des magiſtrats.

344.0 1856.0 980.0 62.0 Cela eſt bien certain que les magiſtrats ont e¬

284.0 1918.0 1044.0 63.0 ſté creez aux peuples & non les peuples aux ma¬

286.0 1978.0 1041.0 92.0 giſtrats: tout ainſi que le tuteur eſt cree à vn pu¬

1194.0 2033.0 129.0 69.0 pille,
