1477 2428
282.0 66.0 63.0 54.0 12

490.0 64.0 599.0 54.0 DIALOGVETI.

282.0 129.0 1023.0 65.0 Quand il afferme n’auoir moins de ſoin de l’eſtat

282.0 192.0 1016.0 62.0 auenir que de l’eſtat preſent de ſa Republicque:

279.0 248.0 643.0 56.0 he Dieu, queile laſcheté voila.

280.0 308.0 1026.0 64.0 L’hi. Ie t’aſſeure l’amy que ſi la Royne & ſon Con

279.0 368.0 1025.0 60.0 ſeil ou le Parlement d’Angleterre ny remedie,

282.0 427.0 1024.0 59.0 qu’ils ſont venus comme à la veille de voir la ſub

280.0 484.0 1022.0 56.0 uerſion de leur eſtat & de la Religion enſemble¬

278.0 540.0 1030.0 69.0 Le pol. Ha miſerables! Et que tardent-ils, qui les

278.0 602.0 972.0 56.0 empeſche d’y mettre la main deuant la main?

280.0 660.0 1030.0 54.0 L'hi. Rien ne les eu deſtourne que la deſ bauche

278.0 717.0 1032.0 58.0 & la vanité de la cour, les delices des Prelats, la ſu

282.0 778.0 1028.0 65.0 perbe des nobles: Et pour le dire en vn mot le

283.0 839.0 1026.0 60.0 peu de zele que la plus part des Anglois a enuers

279.0 895.0 1029.0 61.0 le ſeruice de Dieu. Et Dieu par ſon ſecret iuge¬

279.0 955.0 1031.0 60.0 ment,pour ſe venger de telle laſcheté tient cõme

279.0 1013.0 1033.0 62.0 en leſſe vne royne d’Eſcoſſe, que chacun cognoiſt

282.0 1073.0 1026.0 60.0 aſſez plus proche de la Couronne d’Angleterre,

282.0 1130.0 1027.0 63.0 pour la laſcher tout auſsi toſt apres la mort de ce

280.0 1191.0 1030.0 60.0 ſte-cy. Et Dieu ſcait quel remuement on y verra

280.0 1251.0 320.0 50.0 s ainſi aduient,

279.0 1303.0 1031.0 64.0 Le pol. O Seigneur! Et vit-elle encore ceſte fatale

282.0 1363.0 1030.0 66.0 Medee? Qui euſt iamais cuydé cela? Catherine de

280.0 1420.0 1028.0 66.0 Medicis, & les enfans ont bien ſurpaſſé en luxu¬

280.0 1482.0 1030.0 59.0 re, en cruauté & perfidie treſtous leurs deuanciers

280.0 1540.0 1030.0 65.0 tyrans, ils les ont dy ie, iuſtifiez, &aboly le plus de

280.0 1603.0 1032.0 58.0 leur reuom: Mais apres ceux-là, ie croy certes

280.0 1657.0 1032.0 65.0 qu'on doit l’honneur à ceſte-cy, d’auoir couché à

280.0 1718.0 1028.0 63.0 toutes reſtes ſon eſtat, honneur & grandeur, & ra

280.0 1776.0 1029.0 63.0 treſchy en plus de ſortes le ieu tragique malheu¬

282.0 1833.0 1026.0 68.0 reux. Il ſembloit bien que ſa priſon la deuoit a¬

280.0 1896.0 1026.0 61.0 uoir priuee des moyens de continuer ſes deporte

279.0 1950.0 1027.0 71.0 mens: Mais à ce que l’on a veu la violence de ceſt

1165.0 2011.0 141.0 67.0 eſprit
