1436 2422
158 139 1024 61 niel auoit donné en nos affaires par vn petit dia¬

161 204 1023 57 logue qui a couru imprimé, contenant vn deuis

162 257 1023 64 paſſé d’ẽtre l’Egliſe, Alithie, & nous autres qu’ils

158 316 1027 55 eſtoyent bien aiſes de l’auoir veu, & d’eſtre auer¬

158 376 1027 59 tis par le menu des actions de nos ennemis: qu’ils

160 437 1025 59 voudroyent bien que les tyrans euſſent auſsi veu

154 495 1028 63 ce Dialogue: afin que cognoiſſans en telle pe in¬

154 555 1031 51 ture muette leurs vilanies, ordures, trahiſons, &

152 613 1029 61 cruautez, que la peinture viue du ſang innocent,

153 674 1028 56 qui crie vengeance, va tous les iours ramenteuãt,

152 729 1030 60 deuant le iugement de Dieu, & l’humanité des

153 789 1031 60 hommes, ils apprinſent comme Iudas, eſtans con

153 849 1031 52 uaincus en eux-meſmes de l’auoir fort bien meri¬

148 904 1033 66 té, d’eſpargner la peine au bourreau, s’eſtranglãs

152 966 1029 64 tous à la bonne heure. Que puis que ces perſides

152 1023 1030 60 n’ont pas eu honte de commettre telles infame¬

152 1085 1025 61 tez, qu’on ne doit point craĩdre de les publier par

152 1145 1026 49 tout l’vnjuers: & cõme ila ont noircy leurs ames

150 1198 1030 61 de crimes ſi execrables, qu’on ne doit point faire

152 1258 1026 57 diffieulté de noircir leurs renommees par la le¬

156 1318 1020 58 gẽde de leurs vtes: & quant au reſte, il y a certains

153 1373 1027 64 Catholiques, & autres François, qui ayans hor¬

149 1433 1025 57 reur de la confuſion que ces maſtins Florentins,

152 1493 1021 59 leurs enfans & ſuppoſts ont introduit en France;

153 1554 1025 56 vont ramaſſant au vray en tous lieux & places le

150 1609 1030 62 ſurplus de leurs faits & geſtes qu’ils mettront en

150 1671 1026 58 lumiere au premier iour, auec la legende ſecrete

148 1725 1025 56 des honneſtetez de la cour, &feront auſsi toucher

148 1784 1025 67 au doigt à toute la Nobleſſe & peuple François

150 1843 1018 64 endormy d’vn trop profond ſomne les indigni¬

150 1903 1022 61 tez, extorſions & pilleries inſupportables que le

152 1959 1014 70 tyran & ſes ſatellites, hors de la Religion (de la¬

343 61 599 66 DIALOGVE II.

1121 80 57 57 n3

955 2015 32 62 h
