1404 2444
183.0 176.0 954.0 67.0 Le Cheualier ne faillit pas à s’aquitter biẽ de

131.0 233.0 1009.0 69.0 ſa charge, laiſſant Villequier reſolu, armé & accõ

137.0 297.0 1004.0 66.0 pagné de meſmes. Mais Villequier en trouuant

133.0 355.0 1008.0 67.0 Lignerolles, ſeigna du nez ſans l'oſer attaquer

131.0 418.0 539.0 53.0 commè le tyran deſiroit.

297.0 123.0 596.0 49.0 DPITLOGV DIA.

184.0 469.0 964.0 68.0 Qui fut cauſe que le tyran l'ayant ſceu manda

130.0 533.0 1020.0 67.0 querir Villequier, & apres luy auoir dit des pouil

130.0 589.0 1020.0 60.0 les, luy defendit de ſe trouuer iamais deuãt luy,

130.0 650.0 1021.0 65.0 s’il ne tuoit à ce coup Lignerolles: luy donna

131.0 706.0 1019.0 67.0 vne eſpee bonne & bien trenc hãte & l’arma luy¬

130.0 767.0 1024.0 57.0 meſmes de ſon iacque de maille, cõmaneant au

130.0 826.0 1020.0 67.0 cheualier de l’accõpagner mieux que la premie¬

131.0 883.0 1020.0 67.0 re fois de gens, qui ne fiſſent point faute de tuet

133.0 942.0 1023.0 64.0 bien mort Lignerolles; & qu’il le leur diſt de ſa

134.0 1000.0 1020.0 63.0 part. Ce commandement faï̃t, là partie fut dreſ¬

131.0 1057.0 1024.0 65.0 ſee de nouueau en laquelle le Cõte de Mans ſeld

135.0 1117.0 1025.0 68.0 papiſte qui pour lors eſtoit à la Cour & S. Iean

135.0 1179.0 1024.0 66.0 deMontgomeiy & quel ques autres gentils-hõm

135.0 1234.0 1021.0 69.0 mes accompagnerent Villequier, qui eſtant ailé

137.0 1292.0 1019.0 65.0 tout reſolu trouuer le poure Lignerolles, f'atta¬

137.0 1352.0 1026.0 58.0 qua de cul & de teſte, le bleſſa, & comme il s’eſt

134.0 1408.0 1031.0 71.0 fuyoit la bonne aide de fa quadrille l’ataignit &

139.0 1471.0 1027.0 67.0 porta par terre d’vn coup d'eſpee à trauers le

141.0 1528.0 1024.0 67.0 corps. Ainſi tourut le beau fils Lignerolles l’vn

142.0 1585.0 498.0 60.0 des fauoris de la Cour.

1055.0 107.0 69.0 68.0 172

202.0 1642.0 965.0 72.0 Quant au deſſein, que ie t’ay dit baſty par le

143.0 1702.0 1022.0 73.0 garde-ſeaux Birague, cõbien que l’on dreſſa ſuy¬

143.0 1767.0 1026.0 63.0 uant ſa trace, le fort pour le temps des nopces:

143.0 1823.0 1028.0 65.0 toutesfois, pource que l'on ſentit que l’Amiral

143.0 1883.0 1027.0 66.0 ne vouloit point eſtre de la pattie, & que bien

150.0 1937.0 1019.0 71.0 peu de nobleſſe de la Religion y voudroit aſſi¬

148.0 1998.0 1021.0 71.0 ſter: le tyran fut contraint,pour aſſouuyr ſon laſ¬

932.0 2074.0 56.0 46.0 in
