1470 2417
308 74 52 52 16

305 139 1027 62 en vn autre ſucceſſeur qui ſeroit fils, ne peut atre

300 196 1032 65 ſter l’ambition qu'elle a d’empieter le Royaume.

360 257 976 65 Item elle eſt eſtrangere de religion, qui eſt la

305 316 1030 64 pire qualité de toutes, d’autant meſmes, qu’elle a

302 377 1034 59 (comme i’ay entendu dire, les partis pieça dreſſez

298 431 1038 65 dans le Royaume, tellement qu’il n’y eſcherroit

296 492 576 61 que le coup de l’execution.

554 66 583 56 DIALOGVE II.

345 549 987 53 La tetention donques d’vn tel ſucceſſeur ne

295 609 1040 62 peut eſtre que treſdangereuſe à tout eſtat: Et au

295 667 1037 59 contraire l’extermination ſort vtile & au grand re

296 734 1036 56 pos & trâquillité d’iceluy, de ſorte qu’on ne peut

295 785 1039 58 douter que ce ne fuſt vn grand bien à ce Royaume

296 840 1036 67 de luy oſter ceſte eſpine du pied, qui ne ceſſe de le

298 901 1029 63 troubler & picquer: Et de s’expoſer au peril, qu’õ

295 961 1035 60 peut facilement & par moyens licites euiter, pour

294 1017 1034 63 apres eſſayer d’eſtre ſauuez par quelque-voye mi¬

294 1074 1032 55 raculeuſe de Dieu, & aimer pluſtoſt demourer

292 1134 1038 61 touſiours en danger, en retardant ou refuſant iu¬

292 1191 1035 67 ſtice, que s’aſſeurer de ſon ſalut auec la iuſtice.

294 1252 1030 63 Cela s’appelle en bon Fraçois, Tenter Dieu trop

287 1310 288 54 vilainement,

287 1364 1040 64 L’hi. Tu en parles bien à ton aiſe & ainſi comme

288 1426 1039 64 tu l’entens: Mais ie me doute bien l’amy que ſi tu

287 1482 1039 63 tendois vne oreille à l’accuſee & à ſes droits, que

287 1546 1039 63 poſsible tu pourtois faire vne toute autre con¬

282 1601 186 55 cluſion.

279 1654 1049 68 Le pol.Ia à Dieu ne plaiſe que ie tende l'oreille à

278 1717 1048 63 ceſte bonne Dame-là: I'entens qu’elle a trop de

279 1779 1049 63 moyens pour corrompre les plus parfaits. Mais ſi

290 1824 1034 75 24 ſerois-ie bien aiſe d’eſtre en lieu où, ſon faict fuſt

278 1894 860 57 traité, pour en dire ce qu’il m’en ſemble.

276 1951 1052 67 L'hi. Tu en as deſia dict aſſez pour te garder d’en

1205 2011 126 62 eſtre
