1425 2440
138.0 135.0 1037.0 64.0 ne, & la nature de la vraye magnanimité, compa¬

136.0 193.0 1039.0 67.0 gne honorable des grands, qui ne ſe monſtre ia¬

134.0 253.0 1044.0 62.0 mait mieux, qu’alors qu’on deffend en toute iu¬

134.0 309.0 1044.0 65.0 ſtice, les ſoibles, & oppreſſez & ſes alliez, des bri¬

134.0 370.0 1045.0 63.0 gands, & volleurs: Trouuant ſa maieſté auſsi froi

131.0 431.0 1044.0 62.0 de, & gelee à la fin, que ie l’auois trouuee au com

134.0 496.0 1044.0 57.0 mencement, ie m'apperceu, que cela ne pouuoit

135.0 549.0 1043.0 61.0 proceder que de la couardie, & puſillanimité du

128.0 607.0 1046.0 64.0 ſexe: & de ce, qu’elle voit ſon Royaume, deſpour¬

131.0 665.0 1043.0 65.0 ueu d’vn grand Capitaine, auquel elle puiſſe fier

132.0 727.0 1043.0 60.0 vne armee,pour en eſperer vn bon ſuccez: Auſsi

127.0 783.0 1041.0 65.0 que le principal de ſes Conſeillers, qui gouuerne

124.0 841.0 1048.0 64.0 le temporel, & le ſpirituel, (cõme l’on dit, en tou¬

128.0 901.0 1046.0 61.0 tes ſes terres) eſt vn vray couard, & recreu, ſen¬

124.0 962.0 1051.0 61.0 tant ſon clerc trop mieux que ſon gendarme: Et

124.0 1022.0 1047.0 59.0 neantmoins (ſelon que quelques vns eſtim ent)

126.0 1079.0 1042.0 65.0 pour ſe dreſſer vn appuy apres la mort de ſa mai¬

122.0 1137.0 1046.0 68.0 ſtreſſe, eſt aux gages de deux autres Rois: Voyãt,

120.0 1195.0 1048.0 57.0 dis-ie cela, ie m'addreſſay ſans ſortir hors de l’An

123.0 1255.0 1048.0 65.0 gleterre, à d’autres Myllords mieux zelez, par le

119.0 1312.0 1052.0 65.0 moyen deſquels, & de l’Eueſque de Londres, a¬

119.0 1374.0 1053.0 62.0 uec quelques gentils-hommes, & marchands, du

119.0 1432.0 1055.0 63.0 ſceu & conſentemẽt de la Royne, qu’elle preſtoit

119.0 1491.0 1053.0 55.0 ſous main, & par l’ẽtremiſe du Sieur, Apſter Ciam

122.0 1553.0 1041.0 60.0 pernon, on amaſſa, partie par ſorme d’aumoſne,

122.0 1610.0 1048.0 61.0 partie par forme de preſt, dont quelques vns de

119.0 1668.0 1051.0 54.0 nos freres de la Rochelle ſe ſont obl igez, er uiron

116.0 1725.0 1050.0 62.0 quarante mille francs: à l’aide deſquels, le Com¬

119.0 1787.0 1044.0 61.0 te de Montgomery, qui pour lors eſtoit en An¬

119.0 1846.0 1048.0 61.0 gleterre re fugié, du vouloir & commandement ſe

117.0 1905.0 1047.0 63.0 cret de la Royne, accompagné du ieune Ciam¬

124.0 1964.0 1040.0 67.0 pernon, de l’vn des Morgans, & de pluſieurs au¬

334 55 598 68 DIALOGVE II.

1106.0 63.0 92.0 64.0 6L.
