1433 2430
149.0 133.0 1039.0 66.0 roit vſurper ſur le ſceptre d’autruy, &c. Tout ce¬

149.0 202.0 1038.0 50.0 la à lieu (afin que ie me taiſe de ſa deſmiſsion,

148.0 252.0 1039.0 65.0 quand elle ſeroit en Eſcoſſe, ou qu’il ſeroit que¬

145.0 313.0 1043.0 63.0 ſtion de ce qu’elle a faict en ſon Royaume: Car

147.0 373.0 1041.0 65.0 alors la royne d’Angleterre n’y a que voir, & ne la

153.0 432.0 1032.0 66.0 pourroit iuſtemẽt recercher en aucune ſaçõ, ſous

148.0 491.0 1036.0 67.0 quelque pretexte que ce fuſt (ſi ce n’eſt pour l’op¬

151.0 546.0 1036.0 68.0 preſsiõ & tyrãnie qu’elle ſeroit à l’Egliſe de Dieu

145.0 607.0 1039.0 63.0 & au royaume de leſus Chriſt, lequel eſtãt eſpan¬

144.0 669.0 1040.0 64.0 du au long & au large par toute la terre, n’eſt en¬

144.0 727.0 1043.0 56.0 clos dans aucunes limites. La deſfenſe duquel eſt

144.0 787.0 1040.0 56.0 egalement & indifferemment recõmandee à tous

144.0 845.0 1039.0 63.0 Princes de la terre: Pour cecy dy-ie le Prince qui

143.0 903.0 1042.0 64.0 a eſgard à ſon deuoir, peut recercher, chaſtier &

144.0 963.0 1041.0 63.0 combatre ſon cõpagnon qui fait la guerre à Dieu.

148.0 1024.0 1035.0 61.0 Conſtantin ſert de bon exemple qui rengea par

143.0 1078.0 1040.0 62.0 armes Licinius à laiſſer en paix les Chreſtiẽs qu’il

145.0 1143.0 1039.0 58.0 perſecutoit en ſes terres. Mais de ce que la royne

141.0 1197.0 1040.0 66.0 d’Eſcoſſe a fait eſtãt en Angleterre, qui peut dõter

140.0 1258.0 1044.0 63.0 qu’elle n’en puiſſe eſtre iugee par la royne d’An¬

145.0 1318.0 1038.0 60.0 gleterre? La ſouueraineté des Rois a lieu en leurs

143.0 1378.0 1036.0 62.0 Royaumes: mais depuis qu’ils ſont au royaume

141.0 1435.0 1040.0 58.0 d’autruy, leur ſouueraineté n’a poĩt de lieu. Car en

141.0 1494.0 1036.0 62.0 la terre d’vn ſouuerain, il n’y a perſonne qui ne

141.0 1551.0 1035.0 62.0 luy ſoit inſerieur, meſmes en ce qui concerne l’e¬

140.0 1609.0 1037.0 62.0 ſtat & la ſeureté de la Republique. L'on voit cõ¬

141.0 1674.0 1038.0 59.0 me les Rois en ont touſiours vſé quelque autre

139.0 1730.0 1038.0 68.0 Roy qui viene en leur terre, ſoit-il tant amy & pa

141.0 1788.0 1034.0 68.0 rent qu’il voudra, quelle gratiſication qu’on luy

141.0 1849.0 1029.0 54.0 vueille faire, iamais on ne permet qu’il comman¬

141.0 1907.0 1034.0 59.0 de ſouuerainement: ſi n’eſt auec autant de puiſſẽ

143.0 1968.0 1029.0 67.0 ce que par courtoiſie on luy ottroye. C’eſt vne

345.0 72.0 604.0 50.0 DIALOGVE II

1130.0 78.0 47.0 51.0 as
