1433 2456
152.0 141.0 1031.0 67.0 menſé à ſes affaires. il ſe garda bien d’y conſentin

154.0 207.0 1031.0 60.0 Mat à par ler à bon eſcient qui voudroir erami¬

159.0 264.0 1026.0 64.0 ner de pres la pratique du tyran, de ſa mere & de

154.0 322.0 1029.0 62.0 TEueſque & ſauuer l’houneur de ſa mitre,il trou¬

158.0 383.0 1030.0 67.0 ueroit que ce Cornu (quoy que le tyran l’ait deſ¬

154.0 443.0 1033.0 60.0 auoué) n’a iamais rien promis aux Polonois tou¬

154.0 500.0 1027.0 66.0 chant ces articles;que par commande ment du cy

155.0 560.0 1033.0 66.0 ran, pour leur perſuader en Pologne (engageanc

156.0 618.0 1028.0 56.0 en cela ſa conſcience auſst bien que Puybrac a ve

155.0 675.0 1029.0 67.0 du la fienq par ſon Epiſtre, Ornatiſsimi) que le ty

156.0 735.0 1031.0 57.0 ran eſtoit bien fort homme de bien, Treſchreſtiẽ

158.0 792.0 1030.0 67.0 & paiſible, & que tant s’enfaut qu’il euſt iamais

158.0 854.0 1029.0 62.0 ſait faire ou conſenty à ces maſſacres, qu’au con¬

159.0 911.0 1029.0 57.0 traire il ſeroit touſiours bien aiſe d’en faire faire

159.0 971.0 1026.0 68.0 vne diligente enqueſte & punition treſrigou.

158.0 1026.0 185.0 56.0 reuſe.

348 73 569 62 DIA LOGVE III

215.0 1086.0 968.0 64.0 Mais maintenant que les Polonois abuſez paf

156.0 1148.0 1031.0 59.0 ces piperies en ſont arriuez ſi auant, qu’il leur eſt

158.0 1204.0 1030.0 64.0 malaiſé de ſe retracter: & que d’autre part le fair

156.0 1263.0 1029.0 57.0 des maſſacres eſt cognu de tous eſtre procedé du

158.0 1322.0 1025.0 65.0 commandemẽt du tyran & de ſes principaux ſup

163.0 1383.0 1022.0 63.0 poſts: craignant qu’on  ne le prinſt au mot, il le

161.0 1446.0 712.0 56.0 nye comme vn meurtrier.

1095.0 99.0 90.0 37.0 21

227.0 1498.0 961.0 62.0 Au reſte quant aux autres articles iurez auſsi

158.0 1555.0 1023.0 67.0 aux Polonois, il eſt bel à voir pour la plus part,

159.0 1614.0 1024.0 65.0 s'ou les conſere auec l’edit du tyran, que l’Eueſ.

159.0 1682.0 1025.0 60.0 que n’en a auſsi rien promis que par expres com¬

158.0 1735.0 1027.0 61.0 mande ment, comme choſe que le conſeil du tyrã

158.0 1791.0 1025.0 64.0 eſtoit deſia reſolu d’accorder de parole ſeulemẽt

161.0 1851.0 1019.0 68.0 par eſcrit à nos amis, penſant par là lee appaiſer,

159.0 1912.0 1024.0 60.0 comme les enfans d’vne põme: mais ne voulant

163.0 1971.0 998.0 67.0 que l’on penſaſt que les Poloncis nous euſſent aj

994.0 2056.0 14.0 31.0 4
