1468 2433
259.0 85.0 65.0 50.0 28

262.0 152.0 1041.0 62.0 penſant aſſeurer ſon eſtat elle le met en guerre &

259.0 209.0 1040.0 68.0 en danger: pour le moins le roy d’Eſcoſſe ſon fils,

258.0 271.0 1043.0 61.0 comme nous venons de dire, s’il deuient grandz

259.0 331.0 1042.0 54.0 ne ſeroit pas vrayement fils s’il ne haiſſoit mor¬

259.0 393.0 1041.0 61.0 tellement l’Angleterre, voyant l’outrage qui aura

256.0 446.0 1043.0 64.0 eſté fait à ſa mere: & quoy qu’il trouue bon d’e¬

258.0 508.0 1043.0 63.0 ſtre Roy aſſeuré par ce moyen, ſi eſt-ce qu’il ſera

255.0 567.0 1042.0 62.0 comme Dauid de celuy qui auoit tué Abſalon

256.0 685.0 1043.0 57.0 ſon eſtat. Voila donc vne haine entre ces deux

262.0 744.0 1038.0 64.0 Royaumes qui ſont à preſent de bon accord, &

258.0 805.0 801.0 61.0 vne guerre mortelle preparee à venir.

500.0 81.0 584.0 62.0 DIALOGVE II.

310.0 861.0 990.0 55.0 Ie te laiſſe à penſer maintenant l'amy, ſi ce ne

255.0 917.0 1045.0 61.0 ſont pas là des raiſons &circonſtãces de tel poids

258.0 988.0 1041.0 54.0 qu'elles peuuent bien emporter à vne iuſte balan

254.0 1042.0 1040.0 58.0 ce, tout ce que tu pourrois dire alencontre pour

255.0 1096.0 1039.0 62.0 vouloir comprendre la royne d’Eſcoſſe en la con

255.0 1169.0 1038.0 46.0 demnation que nous tenons tous eſtre treſiuſte,

255.0 1215.0 1037.0 60.0 ſur les conſpirateurs contre l’eſtat & la vie d’vn

254.0 1270.0 178.0 62.0 Prince.

254.0 1332.0 1040.0 66.0 Le pol. Tes raiſons ont quelque apparence, pour

252.0 1393.0 1057.0 64.0 emporter les paſsionnez au party que tu auois

255.0 1448.0 1041.0 65.0 prins à deffendre: Mais elles ne peuuent en rien

254.0 1509.0 1038.0 61.0 eſmouuoir vn cerueau bien fait, vn iugemẽt cler,

251.0 1566.0 1042.0 65.0 & vne conſcience nette, qu’elle ne iuge le plus ho

252.0 1624.0 1042.0 64.0 neſte, le plus iuſte & vtile eſtre touſiours de mon

255.0 1685.0 1038.0 66.0 party. Et qu’il ſoit vray, eſcoute vn peu en ſilence

252.0 1746.0 882.0 61.0 ce que i’en ſcay & ce que ie t’en veux dire.

316.0 1805.0 976.0 64.0 Le premier poinct què tu as allegué de ce que

252.0 1859.0 1040.0 64.0 la royne d’Eſcoſſe n’eſt iuſticiable de la royne

248.0 1920.0 1041.0 65.0 d’Angleterre, ains eſt egalle en puiſſance à elle,

251.0 1981.0 1043.0 60.0 ſouueraine en ſa terre comme elle, & que ce ſe

1200.0 2045.0 91.0 53.0 roit
