1439 2429
273.0 95.0 59.0 58.0 86

271.0 163.0 1033.0 58.0 fours reſeruez de tenir comme par les renes vne

272.0 226.0 1030.0 57.0 bonne & forte bride, de peur que la Royauté, cõ¬

274.0 277.0 1024.0 67.0 me en vn chemin gliſſant, ne tombaſt toſt en ty¬

271.0 336.0 172.0 60.0 rannie.

333.0 395.0 972.0 57.0 Mais ils n’ont ſceu ſi bien faire (tant le peuple

274.0 454.0 1032.0 66.0 eſt aiſé à piper) que ce malheur, que ce deſaſtre

274.0 524.0 521.0 44.0 ne ſoit auenu milſe tois.

528.0 89.0 584.0 66.0 DIALOGVE II.

337.0 569.0 972.0 59.0 L'authotité des anciens rois des Romains e¬

276.0 630.0 1036.0 64.0 ſtoit ſouueraine, mais elle eſtoit retenue par le

279.0 694.0 154.0 52.0 Senat.

332 752 977 55 Les anciens Rois dechaſſez par leur ambitiõ,

280.0 802.0 1029.0 62.0 violence, & paillardiſe, l'authorité ſouueraine de

278.0 866.0 1031.0 58.0 meura au ſenat Romain: tellement toutefois que

278.0 920.0 1035.0 67.0 l’authorité des Tribuns du peuple luy ſeruoit de

277 973 379 73 frein & de bride¬

337.0 1039.0 976.0 59.0 Les Lacedemoniens auoyent deux familles à

279.0 1097.0 1035.0 67.0 Sparte, deſquelles ils eſliſoyẽt leurs Rois: le frein

278.0 1157.0 1032.0 62.0 & bride qui les tenoit en office eſtoyent les Epho

280.0 1217.0 1032.0 56.0 res, c’eſt à dire les voyans ou regardans & obſer¬

280.0 1276.0 1032.0 55.0 uateurs. A ceux-cy eſtoit loiſible de condamner

282.0 1331.0 1031.0 67.0 & chaſtier les Rois, qui abuſoyent de leur char¬

286.0 1395.0 877.0 63.0 ge, comme tu ſcay qu’il auint à Pauſanias.

355.0 1449.0 962.0 65.0 Tel eſt auiourd’huy en l’empire Romain le

284.0 1511.0 1036.0 62.0 Sept-virat: ſcauoir les Princes Electeurs. Ceux-

283.0 1568.0 1035.0 64.0 cy n’ont pas ſeulement droict d’eſtablir les Em¬

286.0 1628.0 1035.0 62.0 pereurs, ains auſsi de les deſmettre. Teſmoin en

282.0 1685.0 1035.0 65.0 eſt Vvenceſlaus Empereur priué par eux de l’Em

282.0 1743.0 1036.0 67.0 pire l’an 14oo. Munſter recite la forme de l’ab¬

279.0 1809.0 217.0 62.0 rogation.

334.0 1860.0 980.0 60.0 Le meſme a eſté obſerué aux Rois de France,

279.0 1922.0 1037.0 64.0 du temps que l’authorité des Eſtats (que ceux de

287.0 1978.0 1026.0 69.0 Valois ont abbatue) eſtoit en ſa force: laquelle

1183.0 2030.0 126.0 69.0 auſsi
