1445 2439
151.0 154.0 1012.0 65.0 mee, ſes os hauis, cõme vn tiſon, ſõ cœut ſiuppl

150.0 210.0 1013.0 65.0 & ſeché ſemb lable au Pelican du deſers; ou

149.0 272.0 1009.0 62.0 comme le hibou qui ſetlent es lieux ſauuages,

151.0 330.0 1007.0 67.0 ſemblable au paſſereau priuè de ſa compagniõ,

153.0 388.0 1007.0 57.0 qui ſe tient ſur la cime du toict; le voir mane

151.0 447.0 1012.0 63.0 la cendre comme le pain, & meſler ſon boirt

154.0 509.0 241.0 57.0 de pleurs.

349 81 614 66 DIALOGVE II.

204.0 565.0 960.0 62.0 Mais certes ſi nous ſommes ienſemgnez com¬

150.0 624.0 1015.0 67.0 me il appartient par la parole de Dieu J'uors

151.0 684.0 1014.0 54.0 trouuerons que le Seigneur a logé les meſchans

150.0 743.0 1013.0 59.0 en lieux gliſſans pour les precipiter en ruyué

154.0 799.0 1011.0 62.0 pour les deſtruire en vn inſtant, & les conſuier

150.0 855.0 639.0 61.0 d'vne maniere eſpouuantable.

164.0 918.0 1000.0 61.0 Et d’autre part, nous voyons que Dieu En¬

150.0 974.0 1021.0 57.0 cline ſon oreille au beſoin, à la clameur de ceux

154.0 1036.0 1015.0 53.0 qui patiemment l'attendent, des tire hors du

150.0 1090.0 1019.0 59.0 hourbier, les deliure des danpers, affermle leurs

154.0 1150.0 1015.0 65.0 piede, adreſſe leurs pas, & les loge ſur vn roc ſolt

150.0 1210.0 1017.0 59.0 & aſſeuré. Nous verrons vn Elie, au temps de la

154.0 1269.0 1018.0 64.0 plus grande Iamine nourry par les corbeaux, &

150.0 1325.0 1019.0 66.0 & quelques ſois par les Anges. Nous le ver¬

151.0 1386.0 1020.0 62.0 rons enuoyé à la vefce, qui n’a point de pain, ait¬

151.0 1441.0 1016.0 65.0 ſeulemẽt pleine main de farine, & vn peu d’huy¬

150.0 1502.0 1021.0 63.0 le, n'attendant quę la mort. Nous le verrons

158.0 1560.0 1009.0 64.0 nourry, la vefue ſuſtentee, la farine, & l’huyl

150.0 1617.0 1018.0 64.0 continuer à les nourrir, & ne defaillir nulle¬

151.0 1685.0 163.0 54.0 ment.

1072.0 92.0 81.0 63.0 HI

208.0 1735.0 960.0 60.0 La main du Seigneur n’eſt point abbregee,

149.0 1794.0 1022.0 65.0 ſon bras n'eſt point accourcys le Seigneur eſt le

150.0 1854.0 1018.0 64.0 Roy qui ſeul peut tout ce qu’il veur, il ne per¬

149.0 1913.0 1018.0 63.0 mettra point, qu’vn cheueu de noſtre teſte tom¬

154.0 1972.0 1007.0 64.0 be en terre ſans ſa volonte, partant ne nouz eſ

901.0 2028.0 114.0 81.0 ta 3
