1433 2424
261.0 74.0 74.0 56.0 16

245.0 136.0 305.0 59.0 la defendent.

301.0 197.0 955.0 56.0 Mais ce qui ſe fuit tous les iours deuant nos

253.0 257.0 1004.0 64.0 yeux, en noſtre France. Qu’vn homme maſtine

249.0 315.0 1011.0 64.0 cent mille villes, & les priue de leur liberté, qui

250.0 377.0 1010.0 59.0 Ie croiroit,s’il ne faiſoit que l’ouyr dire, & non le

250.0 436.0 1009.0 62.0 voir? Et s’il ne ſe voyoit qu’en pays eſtrange, &

249.0 494.0 1012.0 60.0 lointaines terres, & qu’on le diſt, qui ue pẽſeroit

250.0 552.0 1009.0 62.0 que cela ne ſuſt pluſtoſt ſeint ou trouué, que non

250.0 608.0 1013.0 62.0 pas veritable? Encores ce ſeul Tyran, il n’eſt pas

251.0 667.0 1012.0 62.0 beſoin de le combatre, il n’eſt pas beſoin de le

251.0 727.0 1010.0 60.0 deffaire, il eſt de ſoy-meſme desfait : mais que le

253.0 785.0 1007.0 64.0 pays ne conſente pas à ſa ſeruitude: il ne faut pas

250.0 847.0 1010.0 59.0 luy oſter rien, mais ne luy donner rien: il n’eſt pas

251.0 903.0 1010.0 63.0 beſoin, que le pays ſe mette en peine de faire riẽ

251.0 961.0 1008.0 66.0 pour ſoy, mais qu’il s’eſtùdie à ne rien faire con¬

249.0 1020.0 175.0 64.0 tre ſoy.

958.0 99.0 105.0 35.0 AI.

452.0 78.0 500.0 52.0 DIALOGVE

309.0 1078.0 956.0 65.0 C’eſt donques le peuple meſme, qui ſe laiſſe,

250.0 1136.0 1013.0 65.0 ou pluſtoſt ſe fait gourmander, puis qu’en ceſ¬

251.0 1193.0 670.0 56.0 ſant de ſeruir, il en ſeroit quitte.

313.0 1253.0 957.0 68.0 C’eſt le peuple qui s’aſſeruit, qui ſe couppe la

258.0 1313.0 1009.0 65.0 gorge: qui ayant le choix, ou d’eſtre ſerf, ou d’e¬

249.0 1370.0 1023.0 66.0 ſtre libre, quitte ſa franchiſe, & prent le ioug, &

254.0 1449.0 1014.0 44.0 poquant vible lopx des bomes loix, & ious la

253.0 1489.0 1010.0 65.0 protection des Eſtats, veur viure ſous l’iniquité,

247.0 1547.0 1021.0 63.0 ſous l’oppreſſion & iniuſtice au ſeul plaiſir de ce

259.0 1605.0 1011.0 64.0 Tyran. C’eſt le peuple qui conſent à ſon mal, ou

251.0 1687.0 1016.0 44.0 pluſtoſt le pourchane. siluy counont queique

247.0 1722.0 1020.0 58.0 choſe à recouuurer ſa liberté, ie ne l’ẽ preſſerois

250.0 1782.0 1021.0 68.0 point: combiẽ qu’eſt ce que l’homme doit auoir

254.0 1843.0 1016.0 63.0 plus cher, que de ſe remettre en ſon droit na¬

251.0 1902.0 1020.0 64.0 turel, & par maniere de dire, de beſte reuenir

247.0 1963.0 196.0 69.0 homme?

1147.0 2009.0 120.0 87.0 Mais
