1403 2439
158.0 158.0 203.0 69.0 opulent.

220.0 218.0 967.0 82.0 Au reſte on voit bien par là quelle eſt la Re¬

157.0 280.0 1034.0 79.0 ligion de ceſte maiſon de Valois. Vne partie de

158.0 340.0 1030.0 77.0 Pologne eſt pleine, comme chacun ſcait, d’Ana¬

157.0 398.0 1030.0 80.0 baptiſtes & d’Arriens, qui ſont vrays ennemis

153.0 453.0 1033.0 80.0 de Dieu & de ſon Chriſt noſtre Seigneur: & ne¬

153.0 521.0 1033.0 73.0 antmoins il leur va promertre de les conſeruer

149.0 574.0 240.0 69.0 & garder.

317.0 97.0 629.0 62.0 BIRREOGVELEI.

208.0 632.0 976.0 80.0 Il y a auſsi, par grace de Dieu, vn grand nom¬

149.0 689.0 1031.0 81.0 bre de Polonois, qui font proſeſsion de meſmes

153.0 749.0 1029.0 81.0 Religion que nous: il promet de les y laiſſer & de

149.0 833.0 1035.0 59.0 der je.muxeyum. ArAalt Dien, quoy dun noecom¬

147.0 871.0 827.0 69.0 traint: i'en ſuis treſaiſe, Dieu ſoit loué.

147.0 926.0 1033.0 80.0 Gependant.il ne peut laiſſer viure ceux de ſa

145.0 986.0 1034.0 80.0 nation, qui croyans vne meſme choſe, out tous

146.0 1046.0 1033.0 81.0 les iours prié pour luy. Ils ne ſcauroyent mieux

146.0 1100.0 1029.0 82.0 faire paroiſtre qu’ils n’ont aueun ſoucy de Dieu,

143.0 1163.0 1033.0 80.0 que par ceſte diuerſité de traitement: en laquel¬

146.0 1222.0 1030.0 76.0 le ils monſtrent au doigt, comme ci te t ne rente

145.0 1277.0 1030.0 80.0 de leur vie, qu’ils ne font aucun conte que de

145.0 1333.0 1027.0 84.0 leurs delices & de ce qu’ils penſent ſeruir à leur

151.0 1398.0 1022.0 78.0 grandeur, & n’employans la Religion, par manie

140.0 1452.0 1031.0 88.0 re de dire, que comme vno maquerelle d’eſtat, &

138.0 1518.0 660.0 70.0 couuerture de leurs cruautez.

1114.0 124.0 78.0 46.0 163

139.0 1571.0 1029.0 83.0 Le pol. Il eſt ainſi: mais pour pourſuyure, ces am

138.0 1631.0 1022.0 80.0 baſſadeurs Polonois ayans receu ceſte promeſſe,

138.0 1691.0 1027.0 78.0 & s’aſſeurans de la luy faire bien garder & de le

138.0 1750.0 1027.0 75.0 tenir en bride ſous les loix de leur patrie, ne ſe

153.0 1814.0 1007.0 73.0 pouuoyent pas bien contenter de voir la pourę

139.0 1871.0 1026.0 81.0 France ſimal, traitee par ceux-là qu’elle a eſle¬

136.0 1930.0 124.0 49.0 uez.

923.0 1997.0 83.0 68.0 Iai
