<?xml version="1.0" encoding="UTF-8"?>
<alto xmlns:xsi="http://www.w3.org/2001/XMLSchema-instance"
      xmlns="http://www.loc.gov/standards/alto/ns-v4#"
      xsi:schemaLocation="http://www.loc.gov/standards/alto/ns-v4# http://www.loc.gov/standards/alto/v4/alto-4-2.xsd">
  <Description>
    <MeasurementUnit>pixel</MeasurementUnit>
    <sourceImageInformation>
      <fileName>page_00316.png</fileName>
      <fileIdentifier>mets//page_00205.zip/page_00316.png</fileIdentifier>
    </sourceImageInformation>
  </Description>
  <Tags>
    <OtherTag ID="BT7" LABEL="CustomZone" DESCRIPTION="block type CustomZone"/><OtherTag ID="BT8" LABEL="DamageZone" DESCRIPTION="block type DamageZone"/><OtherTag ID="BT9" LABEL="DigitizationArtefactZone" DESCRIPTION="block type DigitizationArtefactZone"/><OtherTag ID="BT10" LABEL="DropCapitalZone" DESCRIPTION="block type DropCapitalZone"/><OtherTag ID="BT11" LABEL="GraphicZone" DESCRIPTION="block type GraphicZone"/><OtherTag ID="BT12" LABEL="MainZone" DESCRIPTION="block type MainZone"/><OtherTag ID="BT13" LABEL="MarginTextZone" DESCRIPTION="block type MarginTextZone"/><OtherTag ID="BT14" LABEL="MusicZone" DESCRIPTION="block type MusicZone"/><OtherTag ID="BT15" LABEL="NumberingZone" DESCRIPTION="block type NumberingZone"/><OtherTag ID="BT17" LABEL="QuireMarksZone" DESCRIPTION="block type QuireMarksZone"/><OtherTag ID="BT18" LABEL="RunningTitleZone" DESCRIPTION="block type RunningTitleZone"/><OtherTag ID="BT19" LABEL="SealZone" DESCRIPTION="block type SealZone"/><OtherTag ID="BT20" LABEL="StampZone" DESCRIPTION="block type StampZone"/><OtherTag ID="BT21" LABEL="TableZone" DESCRIPTION="block type TableZone"/><OtherTag ID="BT22" LABEL="TitlePageZone" DESCRIPTION="block type TitlePageZone"/><OtherTag ID="BT100001" LABEL="MainZone-Head" DESCRIPTION="block type MainZone-Head"/><OtherTag ID="BT100005" LABEL="MainZone-P" DESCRIPTION="block type MainZone-P"/><OtherTag ID="BT100008" LABEL="MainZone-Sp" DESCRIPTION="block type MainZone-Sp"/><OtherTag ID="BT100006" LABEL="MainZone-Continued" DESCRIPTION="block type MainZone-Continued"/><OtherTag ID="BT100011" LABEL="MainZone-Entry" DESCRIPTION="block type MainZone-Entry"/><OtherTag ID="BT100010" LABEL="MainZone-Other" DESCRIPTION="block type MainZone-Other"/><OtherTag ID="BT100002" LABEL="MainZone-Lg" DESCRIPTION="block type MainZone-Lg"/>
    <OtherTag ID="LT7" LABEL="CustomLine" DESCRIPTION="line type CustomLine"/><OtherTag ID="LT8" LABEL="DefaultLine" DESCRIPTION="line type DefaultLine"/><OtherTag ID="LT9" LABEL="DropCapitalLine" DESCRIPTION="line type DropCapitalLine"/><OtherTag ID="LT10" LABEL="HeadingLine" DESCRIPTION="line type HeadingLine"/><OtherTag ID="LT11" LABEL="InterlinearLine" DESCRIPTION="line type InterlinearLine"/><OtherTag ID="LT12" LABEL="MusicLine" DESCRIPTION="line type MusicLine"/><OtherTag ID="LT764" LABEL="default" DESCRIPTION="line type default"/>
  </Tags>
  <Layout>
    <Page WIDTH="1429"
          HEIGHT="2447"
          PHYSICAL_IMG_NR="116"
          ID="eSc_dummypage_">
      <PrintSpace HPOS="0"
                  VPOS="0"
                  WIDTH="1429"
                  HEIGHT="2447">
        <TextBlock HPOS="128.0"
                   VPOS="158.0"
                   WIDTH="1039.0"
                   HEIGHT="174.0"
                   ID="eSc_textblock_4cdf8850"
                   TAGREFS="BT100006">
          <Shape><Polygon POINTS="128 158 128 332 1167 332 1167 158"/></Shape>
          <TextLine ID="line_2"
                    TAGREFS="LT8"
                    BASELINE="134 206 505 201 1162 203" 
                    HPOS="133.0"
                    VPOS="161.0"
                    WIDTH="1029.0"
                    HEIGHT="61.0">
            <Shape><Polygon POINTS="134 206 134 216 141 221 142 221 144 221 145 221 247 214 265 213 276 213 342 221 343 221 345 221 346 221 356 213 358 212 482 212 490 213 530 221 531 222 636 222 636 221 712 212 720 212 747 212 963 218 965 220 1147 220 1147 218 1148 218 1162 210 1162 203 1161 171 1109 171 1108 169 1094 161 1093 161 1091 161 1090 161 1089 161 1065 169 1064 169 1063 169 1012 161 1011 161 1010 161 981 169 978 169 133 165 134 206"/></Shape>
	    <String CONTENT="beaucoup de ſes cõpagnons auec vn certain autre"
                    HPOS="133.0"
                    VPOS="161.0"
                    WIDTH="1029.0"
                    HEIGHT="61.0"
                    WC="0.9897182832161585"></String>
          </TextLine>
          <TextLine ID="line_3"
                    TAGREFS="LT8"
                    BASELINE="137 266 320 261 1163 262" 
                    HPOS="135.0"
                    VPOS="218.0"
                    WIDTH="1028.0"
                    HEIGHT="63.0">
            <Shape><Polygon POINTS="1128 220 1114 220 1113 220 1109 224 1099 231 1053 231 1037 224 1025 220 1019 220 1014 220 1010 224 1003 231 950 231 939 224 928 220 924 220 910 220 897 220 883 220 878 220 863 225 851 229 842 225 834 220 829 220 815 220 802 220 788 220 775 220 761 220 747 220 742 220 730 225 723 229 558 229 547 227 524 220 516 220 512 220 504 227 500 231 475 231 460 227 421 220 421 220 407 220 386 228 379 231 183 231 179 228 148 218 146 218 145 218 144 218 142 218 137 222 137 266 135 274 149 281 150 281 152 281 213 273 216 273 218 273 301 281 303 281 304 281 333 273 341 270 556 270 557 271 564 278 565 278 566 278 568 278 769 270 799 270 802 270 818 281 819 281 821 281 822 281 875 273 1006 281 1007 281 1008 281 1029 270 1030 270 1162 270 1163 262 1162 224 1129 220 1128 220"/></Shape>
	    <String CONTENT="liure qu’on nõme des fureurs Frãçoiſes, qu’vn Al"
                    HPOS="135.0"
                    VPOS="218.0"
                    WIDTH="1028.0"
                    HEIGHT="63.0"
                    WC="0.9861105481783549"></String>
          </TextLine>
          <TextLine ID="line_4"
                    TAGREFS="LT8"
                    BASELINE="138 323 1165 319" 
                    HPOS="137.0"
                    VPOS="277.0"
                    WIDTH="1028.0"
                    HEIGHT="56.0">
            <Shape><Polygon POINTS="138 323 138 333 1163 328 1165 319 1162 289 1076 289 1063 277 1061 277 1060 277 1034 277 1033 277 1031 277 1030 277 1017 289 935 289 920 277 919 277 917 277 916 277 915 277 889 289 886 289 814 289 813 289 791 278 789 278 788 278 787 278 754 289 751 289 749 289 726 278 724 278 723 278 679 289 674 289 592 289 586 289 573 278 572 278 571 278 569 278 515 289 509 289 411 289 399 289 388 280 387 280 386 280 384 280 326 289 312 290 303 289 269 280 267 280 266 280 197 289 180 290 174 289 146 280 145 280 144 280 142 280 141 280 141 281 137 284 138 323"/></Shape>
	    <String CONTENT="lemã ſit en Latin toſt apres les iours du maſſacre."
                    HPOS="137.0"
                    VPOS="277.0"
                    WIDTH="1028.0"
                    HEIGHT="56.0"
                    WC="0.9949664209897702"></String>
          </TextLine>
        </TextBlock>
        <TextBlock HPOS="286.0"
                   VPOS="87.0"
                   WIDTH="602.0"
                   HEIGHT="57.0"
                   ID="block_2"
                   TAGREFS="BT18">
          <Shape><Polygon POINTS="888 87 888 144 286 144 286 87"/></Shape>
          <TextLine ID="line_0"
                    TAGREFS="LT8"
                    BASELINE="282 130 902 130" 
                    HPOS="282"
                    VPOS="97"
                    WIDTH="620"
                    HEIGHT="41">
            <Shape><Polygon POINTS="881 118 867 118 853 118 840 118 826 118 813 118 799 118 785 118 772 118 758 118 745 118 731 118 717 118 704 118 690 118 677 118 663 118 649 118 636 118 622 118 609 118 595 118 581 118 568 118 554 118 541 118 527 118 513 118 500 118 486 118 473 118 459 118 445 118 432 118 418 118 405 118 391 118 388 103 386 100 384 99 384 97 383 97 382 97 282 97 282 130 282 138 902 138 902 130 901 118 894 118"/></Shape>
	    <String CONTENT="DYMLSG LiTde"
                    HPOS="282"
                    VPOS="97"
                    WIDTH="620"
                    HEIGHT="41"
                    WC="0.9776184807221094"></String>
          </TextLine>
        </TextBlock>
        <TextBlock HPOS="135.0"
                   VPOS="340.0"
                   WIDTH="1032.0"
                   HEIGHT="232.0"
                   ID="eSc_textblock_1d4e8f4b"
                   TAGREFS="BT100008">
          <Shape><Polygon POINTS="135 340 135 572 1167 572 1167 340"/></Shape>
          <TextLine ID="line_5"
                    TAGREFS="LT8"
                    BASELINE="137 382 1165 377" 
                    HPOS="135.0"
                    VPOS="335.0"
                    WIDTH="1030.0"
                    HEIGHT="61.0">
            <Shape><Polygon POINTS="137 382 137 390 845 388 1015 395 1017 395 1018 395 1030 388 1040 395 1041 395 1042 395 1044 396 1140 396 1140 395 1142 395 1165 386 1165 377 1162 349 1116 349 1101 335 1099 335 1098 335 1074 335 1072 335 1071 335 1070 335 1053 349 1010 349 985 335 984 335 983 335 981 335 980 335 965 349 826 349 792 337 791 337 789 337 735 349 501 342 500 342 469 348 417 338 416 338 324 348 304 338 303 338 248 338 247 338 246 338 244 338 225 350 206 338 205 338 203 338 152 338 150 338 149 338 148 338 148 339 135 349 137 382"/></Shape>
	    <String CONTENT="L&#x27;hi. Nous ſommes tous tenus à ceux qui s’eſſay¬"
                    HPOS="135.0"
                    VPOS="335.0"
                    WIDTH="1030.0"
                    HEIGHT="61.0"
                    WC="0.9794411634912297"></String>
          </TextLine>
          <TextLine ID="line_6"
                    TAGREFS="LT8"
                    BASELINE="137 441 377 436 1166 439" 
                    HPOS="137.0"
                    VPOS="399.0"
                    WIDTH="1029.0"
                    HEIGHT="53.0">
            <Shape><Polygon POINTS="137 441 137 452 1165 447 1166 439 1165 409 836 401 834 401 833 401 832 401 819 409 751 409 700 399 698 399 622 407 581 399 580 399 579 399 553 409 270 409 259 399 258 399 256 399 209 399 208 399 206 399 205 399 190 409 137 409 137 441"/></Shape>
	    <String CONTENT="ent de nous remettre le cœur au ventre, comme"
                    HPOS="137.0"
                    VPOS="399.0"
                    WIDTH="1029.0"
                    HEIGHT="53.0"
                    WC="0.9986627048916287"></String>
          </TextLine>
          <TextLine ID="line_7"
                    TAGREFS="LT8"
                    BASELINE="137 498 1159 496" 
                    HPOS="135.0"
                    VPOS="454.0"
                    WIDTH="1024.0"
                    HEIGHT="62.0">
            <Shape><Polygon POINTS="137 498 137 508 530 508 602 516 603 516 648 507 678 513 679 513 681 513 741 505 747 505 749 505 765 515 766 515 768 515 813 508 942 515 943 515 944 515 946 515 958 505 969 515 970 515 972 515 973 515 974 515 993 508 1003 515 1004 515 1006 515 1007 516 1097 516 1097 515 1158 504 1159 496 1158 466 1135 454 1133 454 1132 454 1131 454 1095 464 1070 454 1068 454 1067 454 1065 454 1033 464 972 454 970 454 969 454 968 454 954 466 901 466 847 454 845 454 844 454 842 454 830 464 795 454 794 454 792 454 791 454 789 454 770 466 644 467 552 467 534 455 532 455 531 455 486 455 485 455 484 455 482 455 465 466 369 459 368 459 367 459 352 464 297 455 296 455 295 455 271 466 254 455 252 455 251 455 220 455 218 455 217 455 216 455 202 467 135 467 137 498"/></Shape>
	    <String CONTENT="on dit. Dieu vueille que tout cęla ſerue à reſueil¬"
                    HPOS="135.0"
                    VPOS="454.0"
                    WIDTH="1024.0"
                    HEIGHT="62.0"
                    WC="0.992939164053719"></String>
          </TextLine>
          <TextLine ID="line_8"
                    TAGREFS="LT8"
                    BASELINE="137 557 594 553" 
                    HPOS="135.0"
                    VPOS="513.0"
                    WIDTH="459.0"
                    HEIGHT="59.0">
            <Shape><Polygon POINTS="407 516 394 516 380 516 375 516 367 524 354 517 353 517 352 517 350 517 319 523 311 516 299 516 285 516 278 516 269 526 237 526 228 516 217 516 210 516 180 524 145 513 144 513 142 513 141 513 140 513 140 515 138 515 135 517 137 557 137 566 293 565 300 565 339 572 341 572 436 564 450 564 462 564 571 570 572 570 573 570 594 562 594 553 590 526 428 526 426 526 413 516 407 516"/></Shape>
	    <String CONTENT="ler les ſept dormans."
                    HPOS="135.0"
                    VPOS="513.0"
                    WIDTH="459.0"
                    HEIGHT="59.0"
                    WC="0.9703462322552999"></String>
          </TextLine>
        </TextBlock>
        <TextBlock HPOS="135.0"
                   VPOS="577.0"
                   WIDTH="1046.0"
                   HEIGHT="1461.0"
                   ID="block_6"
                   TAGREFS="BT100008">
          <Shape><Polygon POINTS="1168 592 1181 2037 135 2038 139 577"/></Shape>
          <TextLine ID="line_9"
                    TAGREFS="LT8"
                    BASELINE="138 617 1167 611" 
                    HPOS="137.0"
                    VPOS="566.0"
                    WIDTH="1030.0"
                    HEIGHT="60.0">
            <Shape><Polygon POINTS="138 617 138 626 1166 621 1167 611 1165 581 1000 581 980 566 978 566 977 566 976 566 974 566 973 566 953 579 910 566 909 566 908 566 906 566 872 579 851 568 849 568 848 568 847 568 828 576 808 568 807 568 806 568 804 568 803 568 788 579 724 568 723 568 721 568 720 568 707 579 692 568 690 568 689 568 687 568 686 568 663 575 655 568 653 568 652 568 651 568 590 569 588 569 587 569 565 583 479 569 478 569 477 569 475 569 458 583 395 577 394 577 392 577 369 584 326 570 324 570 323 570 322 570 289 581 262 570 261 570 259 570 258 570 256 570 236 584 220 577 218 577 217 577 216 577 202 584 161 570 160 570 159 570 157 570 156 570 137 583 138 617"/></Shape>
	    <String CONTENT="Le pol.On m’a dit qu’il à ia ſerui &amp; ſeruira enco¬"
                    HPOS="137.0"
                    VPOS="566.0"
                    WIDTH="1030.0"
                    HEIGHT="60.0"
                    WC="0.9864813790601843"></String>
          </TextLine>
          <TextLine ID="line_10"
                    TAGREFS="LT8"
                    BASELINE="137 675 1169 671" 
                    HPOS="135.0"
                    VPOS="629.0"
                    WIDTH="1034.0"
                    HEIGHT="61.0">
            <Shape><Polygon POINTS="137 675 137 683 437 690 439 690 475 682 481 682 505 682 702 689 704 689 765 682 970 687 972 687 973 687 974 687 983 682 989 687 991 687 992 687 993 689 1155 689 1155 687 1157 687 1158 687 1169 679 1169 671 1166 636 1087 629 1086 629 1085 629 1083 629 1075 636 1070 641 1033 641 1019 637 999 629 997 629 996 629 995 629 973 637 962 641 946 637 909 629 908 629 906 629 883 638 875 641 863 638 826 629 825 629 823 629 822 629 821 629 806 638 798 644 670 644 659 641 634 634 633 634 632 634 467 643 431 644 417 643 346 636 345 636 258 641 243 632 242 632 240 632 188 632 187 632 186 632 135 645 137 675"/></Shape>
	    <String CONTENT="re d’auantage, n’en doute pas. Les fers ſont biẽ"
                    HPOS="135.0"
                    VPOS="629.0"
                    WIDTH="1034.0"
                    HEIGHT="61.0"
                    WC="0.9874280533012079"></String>
          </TextLine>
          <TextLine ID="line_11"
                    TAGREFS="LT8"
                    BASELINE="138 734 1166 731" 
                    HPOS="137.0"
                    VPOS="687.0"
                    WIDTH="1029.0"
                    HEIGHT="56.0">
            <Shape><Polygon POINTS="138 734 138 743 1165 743 1166 731 1163 701 1101 701 1080 687 1079 687 1078 687 1076 687 1075 687 1049 701 947 701 932 687 931 687 930 687 928 687 927 687 896 697 882 687 881 687 879 687 878 687 876 687 875 687 862 698 823 700 726 698 702 687 701 687 700 687 698 687 697 687 685 698 637 702 610 702 595 689 594 689 592 689 591 689 590 689 566 696 558 689 557 689 556 689 497 689 496 689 494 689 493 689 478 702 458 702 431 689 429 689 392 689 391 689 390 689 357 701 330 689 329 689 270 689 269 689 267 689 236 701 152 689 150 689 149 689 148 689 148 690 137 698 138 734"/></Shape>
	    <String CONTENT="fort e ſchauffez. Mais, pour reuenir à mon dire,"
                    HPOS="137.0"
                    VPOS="687.0"
                    WIDTH="1029.0"
                    HEIGHT="56.0"
                    WC="0.9913013042235861"></String>
          </TextLine>
          <TextLine ID="line_12"
                    TAGREFS="LT8"
                    BASELINE="138 792 1170 787" 
                    HPOS="137.0"
                    VPOS="740.0"
                    WIDTH="1033.0"
                    HEIGHT="62.0">
            <Shape><Polygon POINTS="138 792 138 802 1169 796 1170 787 1169 754 1162 749 1161 749 1159 749 1158 749 1157 749 1155 749 1147 755 1147 757 1109 757 1018 757 993 740 992 740 991 740 989 740 988 740 987 740 968 757 958 757 905 758 862 758 860 757 842 742 841 742 840 742 838 742 750 757 747 757 746 757 713 742 712 742 711 742 709 742 658 757 651 759 552 759 547 757 523 743 522 743 520 743 454 750 439 743 437 743 436 743 435 743 433 743 418 755 397 743 395 743 394 743 392 743 391 743 373 755 358 744 357 744 356 744 296 744 295 744 293 744 263 758 261 758 258 758 210 744 209 744 208 744 206 744 205 744 187 758 184 759 180 758 150 744 149 744 148 744 146 744 145 744 145 746 137 753 138 792"/></Shape>
	    <String CONTENT="le Conſeil de Niſmes me fit auſsi entendre en ce"
                    HPOS="137.0"
                    VPOS="740.0"
                    WIDTH="1033.0"
                    HEIGHT="62.0"
                    WC="0.998317671318849"></String>
          </TextLine>
          <TextLine ID="line_13"
                    TAGREFS="LT8"
                    BASELINE="140 851 1170 846" 
                    HPOS="138.0"
                    VPOS="806.0"
                    WIDTH="1032.0"
                    HEIGHT="61.0">
            <Shape><Polygon POINTS="140 851 140 860 327 860 342 867 343 867 345 867 421 859 429 859 435 859 481 867 482 867 618 859 651 857 682 859 760 863 761 863 849 859 905 856 923 859 958 864 959 864 1169 857 1170 846 1167 810 1127 806 1125 806 1124 806 1123 806 1118 810 1110 817 1068 817 1049 810 1031 806 1030 806 1029 806 1027 806 1026 806 1021 811 1014 817 946 817 932 811 913 806 912 806 910 806 909 806 896 812 889 815 875 812 848 806 847 806 845 806 823 812 810 817 795 812 768 807 766 807 765 807 753 814 746 818 433 818 431 817 414 808 413 808 411 808 364 815 354 808 353 808 352 808 292 808 290 808 289 808 288 808 276 818 239 812 237 812 138 819 140 851"/></Shape>
	    <String CONTENT="que touche les quarante artteles de la police de"
                    HPOS="138.0"
                    VPOS="806.0"
                    WIDTH="1032.0"
                    HEIGHT="61.0"
                    WC="0.9856303073465824"></String>
          </TextLine>
          <TextLine ID="line_14"
                    TAGREFS="LT8"
                    BASELINE="138 910 1172 904" 
                    HPOS="137.0"
                    VPOS="863.0"
                    WIDTH="1035.0"
                    HEIGHT="64.0">
            <Shape><Polygon POINTS="138 910 138 920 258 920 273 927 274 927 276 927 277 927 297 920 324 927 326 927 327 927 329 927 345 918 350 918 532 925 534 925 535 925 569 917 571 917 586 917 872 923 874 923 1170 913 1172 904 1169 874 1129 874 1129 872 1117 863 1116 863 1114 863 1113 863 1112 863 1097 870 1059 863 1057 863 1056 863 1055 863 1042 872 1042 874 961 875 742 875 736 872 728 865 727 865 726 865 724 865 617 872 547 876 137 872 138 910"/></Shape>
	    <String CONTENT="Dauiel (car autãt y en a-il de marquez en ce Dia¬"
                    HPOS="137.0"
                    VPOS="863.0"
                    WIDTH="1035.0"
                    HEIGHT="64.0"
                    WC="0.9890405762195588"></String>
          </TextLine>
          <TextLine ID="line_15"
                    TAGREFS="LT8"
                    BASELINE="138 966 1166 963" 
                    HPOS="137.0"
                    VPOS="923.0"
                    WIDTH="1029.0"
                    HEIGHT="61.0">
            <Shape><Polygon POINTS="138 966 138 976 175 984 176 984 251 977 265 976 274 977 320 984 322 984 363 977 373 976 391 977 465 984 466 984 467 984 484 977 488 976 492 977 508 984 509 984 511 984 621 977 683 974 806 974 815 978 825 982 826 982 828 982 856 978 881 974 902 978 919 981 920 981 921 981 923 981 925 978 934 974 1163 978 1166 963 1162 928 1070 932 1056 928 1040 923 1038 923 1037 923 1036 923 1034 923 1027 928 1022 933 993 933 988 928 981 923 980 923 978 923 953 923 951 923 950 923 949 923 942 928 936 933 653 933 643 931 615 924 614 924 613 924 611 924 603 931 602 931 595 924 594 924 592 924 543 924 542 924 504 931 490 933 486 931 478 924 477 924 475 924 474 924 422 931 416 932 411 932 383 924 382 924 380 924 379 924 361 932 356 935 180 935 176 932 146 924 145 924 144 924 142 924 141 924 141 925 137 928 138 966"/></Shape>
	    <String CONTENT="logue imprimé) qu’ils les, trouuoyent fort bons."
                    HPOS="137.0"
                    VPOS="923.0"
                    WIDTH="1029.0"
                    HEIGHT="61.0"
                    WC="0.9863399255032442"></String>
          </TextLine>
          <TextLine ID="line_16"
                    TAGREFS="LT8"
                    BASELINE="137 1027 1170 1022" 
                    HPOS="135.0"
                    VPOS="976.0"
                    WIDTH="1035.0"
                    HEIGHT="68.0">
            <Shape><Polygon POINTS="137 1027 137 1041 345 1035 371 1039 392 1044 394 1044 433 1039 478 1034 558 1037 613 1039 614 1039 637 1037 666 1033 743 1035 909 1041 910 1041 1022 1031 1030 1031 1044 1039 1045 1039 1046 1039 1048 1039 1108 1033 1155 1039 1157 1039 1158 1039 1159 1039 1170 1030 1170 1022 1166 989 1002 989 1000 989 974 976 973 976 972 976 970 976 969 976 953 989 924 989 887 991 883 991 849 978 848 978 847 978 845 978 844 978 826 991 825 992 781 992 770 991 745 989 730 977 728 977 727 977 726 977 690 984 666 977 664 977 663 977 662 977 660 977 649 986 634 978 633 978 632 978 630 978 605 992 603 992 576 978 575 978 573 978 572 978 542 988 531 978 530 978 528 978 498 978 497 978 496 978 494 978 478 992 477 992 474 992 356 980 354 980 353 980 352 980 333 992 307 980 305 980 304 980 303 980 301 980 284 993 282 993 237 980 236 980 235 980 233 980 202 992 153 980 152 980 150 980 149 980 148 980 135 988 137 1027"/></Shape>
	    <String CONTENT="ſaincts &amp; dignes d’eſtre obſeruez &amp; gardez en ce"
                    HPOS="135.0"
                    VPOS="976.0"
                    WIDTH="1035.0"
                    HEIGHT="68.0"
                    WC="0.9866575288275877"></String>
          </TextLine>
          <TextLine ID="line_17"
                    TAGREFS="LT8"
                    BASELINE="141 1087 1169 1079" 
                    HPOS="140.0"
                    VPOS="1034.0"
                    WIDTH="1029.0"
                    HEIGHT="72.0">
            <Shape><Polygon POINTS="141 1087 141 1106 187 1098 263 1105 269 1105 270 1105 273 1105 312 1095 358 1102 360 1102 399 1095 416 1103 417 1103 418 1103 420 1103 421 1103 425 1102 448 1095 458 1102 459 1103 460 1103 462 1103 463 1103 474 1102 518 1094 531 1099 532 1099 534 1099 728 1092 784 1098 823 1101 825 1101 847 1097 868 1092 1167 1092 1169 1079 1166 1044 1125 1034 1124 1034 1123 1034 1101 1044 1098 1045 1095 1044 1078 1034 1076 1034 1075 1034 1074 1034 1048 1045 1046 1045 1033 1034 1031 1034 1030 1034 1029 1034 1027 1034 1026 1034 1012 1045 1011 1046 987 1046 983 1045 968 1035 966 1035 965 1035 963 1035 962 1035 935 1045 931 1048 890 1048 889 1046 876 1035 875 1035 874 1035 851 1035 849 1035 848 1035 847 1035 834 1046 818 1037 817 1037 738 1037 736 1037 735 1037 709 1048 681 1037 679 1037 678 1037 677 1037 652 1049 651 1049 649 1049 618 1038 617 1038 615 1038 614 1038 613 1038 600 1049 599 1050 541 1050 541 1049 507 1038 505 1038 504 1038 503 1038 481 1050 478 1052 417 1052 417 1050 387 1039 386 1039 384 1039 383 1039 382 1039 369 1050 334 1050 314 1039 312 1039 311 1039 310 1039 270 1052 244 1041 243 1041 242 1041 240 1041 221 1049 195 1041 194 1041 193 1041 191 1041 190 1041 171 1053 140 1053 141 1087"/></Shape>
	    <String CONTENT="prĩcipalemẽt, qui touche la diſcipline Eccleſiaſti"
                    HPOS="140.0"
                    VPOS="1034.0"
                    WIDTH="1029.0"
                    HEIGHT="72.0"
                    WC="0.9900745932872479"></String>
          </TextLine>
          <TextLine ID="line_18"
                    TAGREFS="LT8"
                    BASELINE="141 1144 1169 1139" 
                    HPOS="140.0"
                    VPOS="1095.0"
                    WIDTH="1029.0"
                    HEIGHT="68.0">
            <Shape><Polygon POINTS="141 1144 141 1156 179 1163 180 1163 182 1163 195 1156 203 1152 407 1152 417 1155 441 1162 443 1162 444 1162 445 1162 447 1162 456 1154 458 1152 549 1151 556 1154 579 1162 580 1162 581 1162 704 1152 738 1150 742 1152 753 1160 754 1160 755 1160 757 1162 792 1162 792 1160 794 1160 811 1151 815 1150 886 1150 887 1151 894 1156 896 1156 897 1156 898 1156 939 1151 1095 1159 1097 1159 1154 1158 1155 1158 1157 1158 1169 1148 1169 1139 1166 1109 1065 1109 1049 1095 1048 1095 1046 1095 1019 1095 1018 1095 1017 1095 1015 1095 1004 1105 976 1095 974 1095 973 1095 972 1095 970 1095 957 1107 909 1109 808 1097 807 1097 806 1097 804 1097 791 1109 715 1109 679 1097 678 1097 677 1097 675 1097 674 1097 658 1109 641 1098 640 1098 639 1098 598 1098 596 1098 595 1098 594 1098 575 1110 509 1110 475 1109 463 1098 462 1098 460 1098 459 1098 458 1098 433 1106 399 1098 398 1098 397 1098 343 1099 342 1099 341 1099 326 1112 300 1099 299 1099 297 1099 263 1106 244 1099 243 1099 242 1099 240 1099 239 1099 224 1113 140 1113 141 1144"/></Shape>
	    <String CONTENT="que &amp; la diſcipline militaire qu’ils confeſſoyent"
                    HPOS="140.0"
                    VPOS="1095.0"
                    WIDTH="1029.0"
                    HEIGHT="68.0"
                    WC="0.9923966259372478"></String>
          </TextLine>
          <TextLine ID="line_19"
                    TAGREFS="LT8"
                    BASELINE="140 1201 1167 1196" 
                    HPOS="138.0"
                    VPOS="1152.0"
                    WIDTH="1029.0"
                    HEIGHT="66.0">
            <Shape><Polygon POINTS="140 1201 140 1212 424 1218 425 1218 456 1211 460 1211 467 1211 522 1218 523 1218 561 1211 564 1211 566 1211 632 1218 633 1218 634 1218 664 1209 668 1209 678 1209 739 1216 741 1216 742 1216 761 1209 762 1209 789 1209 1102 1215 1104 1215 1105 1215 1106 1215 1117 1208 1127 1215 1128 1215 1129 1215 1131 1215 1166 1207 1167 1196 1165 1167 1129 1167 1097 1154 1095 1154 1094 1154 1093 1154 1091 1154 1075 1167 1049 1167 1015 1152 1014 1152 1012 1152 1011 1152 1010 1152 993 1167 931 1167 913 1152 912 1152 910 1152 909 1152 908 1152 906 1152 883 1166 859 1154 857 1154 856 1154 855 1154 853 1154 840 1165 813 1155 811 1155 810 1155 808 1155 784 1167 743 1167 726 1154 724 1154 723 1154 721 1154 720 1154 687 1165 655 1154 653 1154 652 1154 651 1154 649 1154 632 1170 532 1170 513 1155 512 1155 511 1155 509 1155 470 1163 444 1155 443 1155 441 1155 440 1155 439 1155 416 1169 391 1156 390 1156 345 1156 343 1156 342 1156 341 1156 329 1166 316 1156 315 1156 314 1156 312 1156 311 1156 284 1166 255 1156 254 1156 252 1156 251 1156 225 1169 180 1156 179 1156 178 1156 176 1156 138 1170 140 1201"/></Shape>
	    <String CONTENT="eſtre la bride, l’eſperon, l’eſpee &amp; le bouclier l’v¬"
                    HPOS="138.0"
                    VPOS="1152.0"
                    WIDTH="1029.0"
                    HEIGHT="66.0"
                    WC="0.9963902977277648"></String>
          </TextLine>
          <TextLine ID="line_20"
                    TAGREFS="LT8"
                    BASELINE="140 1260 1172 1257" 
                    HPOS="138.0"
                    VPOS="1215.0"
                    WIDTH="1034.0"
                    HEIGHT="62.0">
            <Shape><Polygon POINTS="140 1260 140 1277 202 1269 520 1273 609 1275 610 1275 700 1272 825 1268 875 1271 970 1275 972 1275 973 1275 989 1269 992 1268 992 1269 999 1275 1000 1275 1002 1275 1003 1276 1150 1276 1150 1275 1151 1275 1172 1267 1172 1257 1170 1227 1138 1215 1136 1215 1135 1215 1133 1215 1105 1227 980 1227 966 1215 965 1215 963 1215 962 1215 961 1215 931 1226 915 1215 913 1215 912 1215 863 1215 862 1215 860 1215 836 1224 823 1215 822 1215 821 1215 789 1215 788 1215 787 1215 755 1226 671 1226 633 1216 632 1216 630 1216 629 1216 628 1216 613 1228 474 1228 452 1216 451 1216 450 1216 448 1216 421 1227 316 1227 301 1216 300 1216 299 1216 297 1216 250 1223 220 1216 218 1216 217 1216 216 1216 214 1216 201 1228 138 1228 140 1260"/></Shape>
	    <String CONTENT="ne de l’autre: &amp; toutes deux enſemble la targe, la"
                    HPOS="138.0"
                    VPOS="1215.0"
                    WIDTH="1034.0"
                    HEIGHT="62.0"
                    WC="0.997360018491745"></String>
          </TextLine>
          <TextLine ID="line_21"
                    TAGREFS="LT8"
                    BASELINE="142 1318 1170 1314" 
                    HPOS="141.0"
                    VPOS="1273.0"
                    WIDTH="1029.0"
                    HEIGHT="64.0">
            <Shape><Polygon POINTS="142 1318 142 1337 216 1328 368 1328 376 1334 377 1334 379 1334 380 1334 546 1326 577 1333 586 1334 587 1334 588 1334 594 1333 614 1326 663 1332 685 1334 686 1334 700 1332 726 1326 896 1330 1055 1333 1056 1333 1169 1326 1170 1314 1167 1286 910 1286 897 1273 896 1273 894 1273 862 1273 860 1273 859 1273 823 1286 789 1275 788 1275 787 1275 785 1275 784 1275 769 1287 647 1287 615 1275 614 1275 571 1275 569 1275 568 1275 566 1275 552 1287 513 1287 486 1275 485 1275 484 1275 447 1276 445 1276 444 1276 432 1286 405 1276 403 1276 402 1276 401 1276 363 1286 345 1276 343 1276 284 1276 282 1276 281 1276 280 1276 269 1286 224 1276 222 1276 221 1276 195 1288 141 1288 142 1318"/></Shape>
	    <String CONTENT="garde &amp; le ſouſtien de nous tous ?ils trouuoyent"
                    HPOS="141.0"
                    VPOS="1273.0"
                    WIDTH="1029.0"
                    HEIGHT="64.0"
                    WC="0.9955050721764565"></String>
          </TextLine>
          <TextLine ID="line_22"
                    TAGREFS="LT8"
                    BASELINE="141 1377 1167 1377" 
                    HPOS="141.0"
                    VPOS="1333.0"
                    WIDTH="1026.0"
                    HEIGHT="57.0">
            <Shape><Polygon POINTS="141 1377 141 1385 1166 1390 1167 1377 1167 1345 1125 1345 1106 1333 1105 1333 1104 1333 1102 1333 1101 1333 1071 1345 900 1345 878 1333 876 1333 833 1333 832 1333 830 1333 829 1333 815 1345 707 1345 670 1333 668 1333 667 1333 666 1333 645 1344 613 1333 611 1333 610 1333 609 1333 607 1333 592 1345 565 1345 537 1333 535 1333 477 1333 475 1333 474 1333 473 1333 455 1344 406 1337 405 1337 350 1344 305 1333 304 1333 303 1333 262 1341 252 1333 251 1333 250 1333 205 1333 203 1333 202 1333 201 1333 188 1344 141 1344 141 1377"/></Shape>
	    <String CONTENT="auſsi fort neceſſaire le dernier d’iceux articles,"
                    HPOS="141.0"
                    VPOS="1333.0"
                    WIDTH="1026.0"
                    HEIGHT="57.0"
                    WC="0.9981442451477051"></String>
          </TextLine>
          <TextLine ID="line_23"
                    TAGREFS="LT8"
                    BASELINE="141 1436 1169 1432" 
                    HPOS="140.0"
                    VPOS="1389.0"
                    WIDTH="1029.0"
                    HEIGHT="64.0">
            <Shape><Polygon POINTS="141 1436 141 1446 392 1453 394 1453 515 1445 534 1445 580 1445 860 1450 862 1450 1167 1442 1169 1432 1167 1400 1154 1390 1152 1390 1151 1390 1150 1390 1148 1390 1147 1390 1135 1401 1060 1401 1029 1389 1027 1389 1026 1389 1025 1389 1023 1389 1012 1398 1000 1389 999 1389 997 1389 946 1389 944 1389 943 1389 920 1400 908 1389 906 1389 905 1389 862 1389 860 1389 859 1389 857 1389 845 1400 807 1401 776 1390 775 1390 773 1390 603 1401 556 1390 554 1390 553 1390 552 1390 537 1402 460 1402 436 1392 435 1392 433 1392 432 1392 431 1392 411 1404 354 1404 320 1392 319 1392 318 1392 316 1392 288 1404 190 1404 157 1392 156 1392 155 1392 153 1392 152 1392 140 1401 141 1436"/></Shape>
	    <String CONTENT="ſuyuant lequel nos freres du Dauphiné ſe ſont re"
                    HPOS="140.0"
                    VPOS="1389.0"
                    WIDTH="1029.0"
                    HEIGHT="64.0"
                    WC="0.9932826124891942"></String>
          </TextLine>
          <TextLine ID="line_24"
                    TAGREFS="LT8"
                    BASELINE="138 1495 1170 1491" 
                    HPOS="137.0"
                    VPOS="1447.0"
                    WIDTH="1033.0"
                    HEIGHT="66.0">
            <Shape><Polygon POINTS="138 1495 138 1506 504 1506 550 1513 552 1513 553 1513 554 1513 564 1506 749 1510 750 1510 822 1502 834 1502 845 1502 940 1511 942 1511 943 1511 944 1511 958 1502 959 1502 968 1502 1113 1511 1114 1511 1169 1500 1170 1491 1167 1460 1120 1447 1118 1447 1117 1447 1094 1460 1093 1461 1006 1461 1004 1460 989 1447 988 1447 987 1447 947 1447 946 1447 944 1447 943 1447 921 1460 921 1461 919 1461 791 1461 762 1449 761 1449 760 1449 758 1449 720 1458 700 1449 698 1449 697 1449 696 1449 694 1449 682 1458 670 1449 668 1449 667 1449 640 1449 639 1449 637 1449 636 1449 621 1461 595 1461 566 1449 565 1449 564 1449 562 1449 561 1449 547 1461 520 1461 493 1449 492 1449 490 1449 489 1449 488 1449 467 1462 466 1464 346 1464 314 1464 277 1450 276 1450 274 1450 273 1450 271 1450 254 1462 236 1450 235 1450 233 1450 232 1450 188 1457 156 1450 155 1450 153 1450 152 1450 137 1460 138 1495"/></Shape>
	    <String CONTENT="ſolus de ne iamais plus ſe deſarmer, qu’ils auoyẽt"
                    HPOS="137.0"
                    VPOS="1447.0"
                    WIDTH="1033.0"
                    HEIGHT="66.0"
                    WC="0.989750530205521"></String>
          </TextLine>
          <TextLine ID="line_25"
                    TAGREFS="LT8"
                    BASELINE="148 1555 1173 1549" 
                    HPOS="146.0"
                    VPOS="1503.0"
                    WIDTH="1027.0"
                    HEIGHT="61.0">
            <Shape><Polygon POINTS="148 1555 148 1564 1172 1563 1173 1549 1170 1510 1146 1506 1144 1506 1143 1506 1131 1510 1109 1518 1097 1510 1091 1506 1090 1506 1089 1506 1087 1506 1086 1506 1085 1506 1079 1511 1070 1519 1003 1519 985 1513 962 1503 961 1503 959 1503 958 1503 957 1503 942 1513 932 1519 874 1519 864 1514 851 1504 849 1504 848 1504 847 1504 845 1504 829 1511 811 1504 810 1504 808 1504 807 1504 806 1504 796 1513 785 1504 784 1504 783 1504 741 1504 739 1504 738 1504 705 1517 704 1517 701 1517 671 1504 670 1504 668 1504 667 1504 666 1504 648 1517 643 1521 636 1517 611 1506 610 1506 609 1506 607 1506 606 1506 594 1515 550 1506 549 1506 547 1506 546 1506 531 1518 531 1519 456 1521 451 1519 405 1506 403 1506 402 1506 401 1506 365 1521 363 1522 360 1521 337 1508 335 1508 334 1508 333 1508 318 1514 311 1507 310 1507 308 1507 255 1507 254 1507 252 1507 251 1507 227 1523 146 1523 148 1555"/></Shape>
	    <String CONTENT="arreſté de faire auſsi le ſemblable, iuſques à ce"
                    HPOS="146.0"
                    VPOS="1503.0"
                    WIDTH="1027.0"
                    HEIGHT="61.0"
                    WC="0.9922716769517637"></String>
          </TextLine>
          <TextLine ID="line_26"
                    TAGREFS="LT8"
                    BASELINE="144 1613 1172 1608" 
                    HPOS="142.0"
                    VPOS="1567.0"
                    WIDTH="1030.0"
                    HEIGHT="65.0">
            <Shape><Polygon POINTS="144 1613 144 1625 191 1632 193 1632 194 1632 206 1625 213 1623 305 1623 316 1624 348 1632 349 1632 350 1632 373 1624 379 1621 489 1621 496 1623 520 1631 522 1631 523 1631 524 1631 549 1623 552 1621 686 1620 690 1621 702 1627 704 1627 705 1627 707 1627 717 1621 721 1620 726 1621 743 1628 745 1628 746 1628 747 1628 769 1621 773 1620 788 1621 857 1627 859 1627 928 1620 943 1619 946 1620 959 1625 961 1625 1118 1628 1120 1628 1170 1617 1172 1608 1169 1578 1053 1578 1022 1567 1021 1567 1019 1567 1018 1567 1017 1567 1004 1578 977 1578 944 1567 943 1567 942 1567 940 1567 902 1579 817 1579 780 1568 779 1568 777 1568 776 1568 775 1568 762 1579 739 1579 685 1568 683 1568 682 1568 681 1568 668 1578 626 1570 625 1570 624 1570 603 1579 500 1572 498 1572 497 1572 478 1579 443 1570 441 1570 440 1570 439 1570 437 1570 426 1579 413 1574 411 1574 410 1574 270 1581 252 1571 251 1571 205 1571 203 1571 202 1571 179 1581 159 1571 157 1571 156 1571 155 1571 153 1571 142 1578 144 1613"/></Shape>
	    <String CONTENT="qu’ils voyent la tyrannie bas &amp; court bridee par"
                    HPOS="142.0"
                    VPOS="1567.0"
                    WIDTH="1030.0"
                    HEIGHT="65.0"
                    WC="0.9994919796784719"></String>
          </TextLine>
          <TextLine ID="line_27"
                    TAGREFS="LT8"
                    BASELINE="144 1673 1173 1666" 
                    HPOS="142.0"
                    VPOS="1625.0"
                    WIDTH="1031.0"
                    HEIGHT="63.0">
            <Shape><Polygon POINTS="144 1673 144 1688 1172 1678 1173 1666 1170 1632 1123 1625 1121 1625 1120 1625 1118 1625 1110 1632 1106 1636 1030 1636 1027 1634 1018 1625 1017 1625 1015 1625 985 1625 984 1625 983 1625 981 1625 968 1634 963 1636 957 1634 935 1627 934 1627 932 1627 931 1627 930 1627 921 1634 917 1638 705 1638 701 1636 686 1628 685 1628 683 1628 637 1635 603 1628 602 1628 600 1628 581 1638 556 1628 554 1628 553 1628 552 1628 528 1639 526 1639 516 1639 435 1629 433 1629 432 1629 431 1629 418 1639 418 1640 142 1642 144 1673"/></Shape>
	    <String CONTENT="nos ancienes loix de la France auec des bom. &amp;"
                    HPOS="142.0"
                    VPOS="1625.0"
                    WIDTH="1031.0"
                    HEIGHT="63.0"
                    WC="0.981282493342524"></String>
          </TextLine>
          <TextLine ID="line_28"
                    TAGREFS="LT8"
                    BASELINE="149 1729 1173 1726" 
                    HPOS="148.0"
                    VPOS="1684.0"
                    WIDTH="1025.0"
                    HEIGHT="64.0">
            <Shape><Polygon POINTS="149 1729 149 1738 262 1738 263 1738 277 1748 278 1748 280 1748 281 1748 282 1748 314 1738 316 1738 337 1738 613 1748 614 1748 751 1737 762 1737 777 1737 927 1744 928 1745 1019 1745 1019 1744 1021 1744 1022 1744 1031 1737 1151 1744 1152 1744 1154 1744 1173 1736 1173 1726 1172 1695 1136 1684 1135 1684 1113 1684 1112 1684 1110 1684 1109 1684 1097 1695 1093 1697 1046 1697 1042 1695 1030 1684 1029 1684 1027 1684 1026 1684 1025 1684 1004 1695 999 1697 949 1697 944 1693 932 1684 931 1684 930 1684 887 1684 886 1684 885 1684 883 1684 872 1692 862 1684 860 1684 859 1684 857 1684 825 1691 791 1684 789 1684 788 1684 787 1684 775 1693 770 1697 715 1697 709 1693 696 1684 694 1684 693 1684 692 1684 649 1693 632 1697 387 1697 379 1693 357 1685 356 1685 354 1685 353 1685 352 1685 342 1692 296 1685 295 1685 293 1685 277 1693 267 1699 194 1699 187 1693 179 1685 178 1685 176 1685 175 1685 174 1685 148 1692 149 1729"/></Shape>
	    <String CONTENT="bien aſſeurez gages, gardiens, de la liberté ciuile"
                    HPOS="148.0"
                    VPOS="1684.0"
                    WIDTH="1025.0"
                    HEIGHT="64.0"
                    WC="0.9925877635295575"></String>
          </TextLine>
          <TextLine ID="line_29"
                    TAGREFS="LT8"
                    BASELINE="145 1789 1169 1783" 
                    HPOS="144.0"
                    VPOS="1742.0"
                    WIDTH="1025.0"
                    HEIGHT="64.0">
            <Shape><Polygon POINTS="145 1789 145 1798 357 1806 358 1806 409 1798 418 1797 448 1798 615 1805 617 1805 618 1805 645 1798 902 1803 904 1803 957 1802 958 1802 959 1802 969 1795 972 1794 989 1795 1064 1802 1065 1802 1167 1794 1169 1783 1167 1756 1140 1742 1139 1742 1138 1742 1136 1742 1108 1756 894 1757 784 1757 765 1744 764 1744 762 1744 730 1744 728 1744 727 1744 726 1744 712 1756 690 1744 689 1744 656 1744 655 1744 653 1744 652 1744 639 1756 595 1759 513 1759 492 1745 490 1745 489 1745 456 1745 455 1745 454 1745 422 1757 403 1745 402 1745 401 1745 399 1745 334 1757 232 1746 231 1746 229 1746 205 1757 163 1746 161 1746 160 1746 159 1746 157 1746 144 1756 145 1789"/></Shape>
	    <String CONTENT="des François. Et cependãt ils auoyent enuie do"
                    HPOS="144.0"
                    VPOS="1742.0"
                    WIDTH="1025.0"
                    HEIGHT="64.0"
                    WC="0.9886369295418262"></String>
          </TextLine>
          <TextLine ID="line_30"
                    TAGREFS="LT8"
                    BASELINE="145 1846 1170 1846" 
                    HPOS="145.0"
                    VPOS="1805.0"
                    WIDTH="1025.0"
                    HEIGHT="54.0">
            <Shape><Polygon POINTS="145 1846 145 1855 1169 1859 1170 1846 1169 1808 976 1814 968 1809 963 1805 962 1805 961 1805 928 1805 927 1805 925 1805 917 1809 906 1816 856 1816 848 1810 841 1805 840 1805 838 1805 837 1805 798 1810 776 1813 764 1810 741 1805 739 1805 738 1805 736 1805 721 1810 711 1816 572 1816 562 1812 537 1805 535 1805 534 1805 532 1805 513 1813 508 1816 352 1816 349 1814 316 1805 315 1805 314 1805 312 1805 311 1805 300 1814 299 1814 297 1814 232 1805 231 1805 229 1805 201 1814 164 1805 163 1805 161 1805 160 1805 159 1805 145 1813 145 1846"/></Shape>
	    <String CONTENT="dreſſer &amp; entretenir apres tant de malheurs; qui"
                    HPOS="145.0"
                    VPOS="1805.0"
                    WIDTH="1025.0"
                    HEIGHT="54.0"
                    WC="0.995733629912138"></String>
          </TextLine>
          <TextLine ID="line_31"
                    TAGREFS="LT8"
                    BASELINE="148 1905 1173 1903" 
                    HPOS="146.0"
                    VPOS="1861.0"
                    WIDTH="1027.0"
                    HEIGHT="54.0">
            <Shape><Polygon POINTS="148 1905 148 1915 1172 1912 1173 1903 1169 1871 1148 1871 1147 1870 1135 1861 1133 1861 1132 1861 1095 1861 1094 1861 1093 1861 1075 1870 1071 1873 1000 1873 997 1870 985 1861 984 1861 983 1861 981 1861 980 1861 955 1870 953 1871 951 1870 938 1861 936 1861 935 1861 934 1861 932 1861 897 1870 896 1870 894 1870 868 1861 867 1861 866 1861 864 1861 837 1870 822 1861 821 1861 819 1861 818 1861 817 1861 796 1870 792 1873 717 1873 713 1870 700 1861 698 1861 697 1861 696 1861 694 1861 663 1870 649 1874 624 1874 617 1870 605 1862 603 1862 602 1862 600 1862 599 1862 571 1869 556 1874 451 1874 445 1869 437 1862 436 1862 435 1862 433 1862 432 1862 413 1869 401 1873 296 1873 292 1869 284 1862 282 1862 281 1862 280 1862 244 1869 221 1873 201 1869 171 1862 169 1862 168 1862 146 1867 148 1905"/></Shape>
	    <String CONTENT="leur ſont auenus par leur ſotte credulité, vn eſtar"
                    HPOS="146.0"
                    VPOS="1861.0"
                    WIDTH="1027.0"
                    HEIGHT="54.0"
                    WC="0.9881129390918292"></String>
          </TextLine>
          <TextLine ID="line_32"
                    TAGREFS="LT8"
                    BASELINE="148 1964 1173 1961" 
                    HPOS="146.0"
                    VPOS="1919.0"
                    WIDTH="1027.0"
                    HEIGHT="64.0">
            <Shape><Polygon POINTS="148 1964 148 1975 286 1975 324 1983 326 1983 373 1975 414 1983 416 1983 493 1975 728 1975 770 1982 772 1982 773 1982 775 1982 789 1973 859 1973 870 1982 871 1982 872 1982 874 1982 915 1973 972 1982 973 1983 1161 1983 1161 1982 1162 1982 1163 1982 1163 1980 1173 1971 1173 1961 1172 1931 1148 1919 1147 1919 1146 1919 1144 1919 1121 1931 1089 1931 1075 1919 1074 1919 1072 1919 1071 1919 1070 1919 1046 1931 981 1931 966 1919 965 1919 963 1919 940 1919 939 1919 938 1919 936 1919 923 1931 894 1931 871 1919 870 1919 823 1919 822 1919 821 1919 819 1919 807 1930 736 1930 723 1922 721 1922 720 1922 719 1922 717 1922 716 1922 704 1931 658 1931 629 1920 628 1920 626 1920 580 1931 545 1920 543 1920 542 1920 541 1920 539 1920 526 1933 417 1933 391 1920 390 1920 388 1920 387 1920 348 1930 289 1920 288 1920 247 1930 229 1920 228 1920 191 1920 190 1920 188 1920 187 1920 174 1933 146 1933 148 1964"/></Shape>
	    <String CONTENT="aſſeuré, qui approchaſt tant que faire ſe pourroit"
                    HPOS="146.0"
                    VPOS="1919.0"
                    WIDTH="1027.0"
                    HEIGHT="64.0"
                    WC="0.9916641256388496"></String>
          </TextLine>
          <TextLine ID="line_34"
                    TAGREFS="LT8"
                    BASELINE="1159 2022 1167 2021" 
                    HPOS="1154.0"
                    VPOS="1992.0"
                    WIDTH="13.0"
                    HEIGHT="43.0">
            <Shape><Polygon POINTS="1159 2022 1161 2033 1167 2035 1167 2021 1158 1992 1154 1995 1159 2022"/></Shape>
	    <String CONTENT="3"
                    HPOS="1154.0"
                    VPOS="1992.0"
                    WIDTH="13.0"
                    HEIGHT="43.0"
                    WC="0.965230405330658"></String>
          </TextLine>
          <TextLine ID="line_33"
                    TAGREFS="LT8"
                    BASELINE="148 2024 1105 2021" 
                    HPOS="146.0"
                    VPOS="1979.0"
                    WIDTH="959.0"
                    HEIGHT="65.0">
            <Shape><Polygon POINTS="148 2024 148 2039 224 2036 229 2039 237 2044 239 2044 240 2044 242 2044 243 2044 256 2039 263 2036 284 2039 329 2044 330 2044 331 2044 333 2044 339 2037 342 2036 421 2036 424 2037 431 2044 432 2044 433 2044 435 2044 467 2037 469 2037 474 2037 611 2044 613 2044 658 2036 666 2035 674 2036 712 2043 713 2044 868 2044 868 2043 870 2043 889 2036 1061 2040 1063 2040 1105 2032 1105 2021 1102 1992 1051 1992 1037 1983 1036 1983 1034 1983 1033 1983 1031 1983 1014 1991 973 1991 961 1980 961 1979 959 1979 958 1979 957 1979 955 1979 931 1991 795 1991 731 1979 730 1979 728 1979 727 1979 727 1980 715 1991 658 1991 628 1979 626 1979 625 1979 624 1979 592 1991 575 1980 573 1980 572 1980 571 1980 569 1980 546 1990 527 1980 526 1980 524 1980 523 1980 492 1988 455 1980 454 1980 452 1980 429 1990 401 1980 399 1980 398 1980 397 1980 395 1980 395 1982 384 1991 345 1992 263 1980 262 1980 261 1980 213 1992 197 1980 195 1980 194 1980 160 1980 159 1980 157 1980 156 1980 156 1982 146 1990 148 2024"/></Shape>
	    <String CONTENT="de celuy qui eſtoit iadis en leurs prouinces."
                    HPOS="146.0"
                    VPOS="1979.0"
                    WIDTH="959.0"
                    HEIGHT="65.0"
                    WC="0.997523370054033"></String>
          </TextLine>
        </TextBlock>
        <TextBlock HPOS="1082.0"
                   VPOS="93.0"
                   WIDTH="84.0"
                   HEIGHT="54.0"
                   ID="block_4"
                   TAGREFS="BT15">
          <Shape><Polygon POINTS="1166 93 1166 147 1082 147 1082 93"/></Shape>
          <TextLine ID="line_1"
                    TAGREFS="LT8"
                    BASELINE="1082 131 1163 131" 
                    HPOS="1082.0"
                    VPOS="118.0"
                    WIDTH="81.0"
                    HEIGHT="24.0">
            <Shape><Polygon POINTS="1150 118 1136 118 1123 118 1109 118 1095 118 1082 118 1082 131 1082 142 1163 142 1163 131 1163 118 1150 118"/></Shape>
	    <String CONTENT="I11"
                    HPOS="1082.0"
                    VPOS="118.0"
                    WIDTH="81.0"
                    HEIGHT="24.0"
                    WC="0.9999850591023763"></String>
          </TextLine>
        </TextBlock>
        <TextBlock HPOS="900.0"
                   VPOS="2040.0"
                   WIDTH="97.0"
                   HEIGHT="55.0"
                   ID="block_0"
                   TAGREFS="BT17">
          <Shape><Polygon POINTS="997 2040 997 2095 900 2095 900 2040"/></Shape>
          <TextLine ID="line_36"
                    TAGREFS="LT8"
                    BASELINE="898 2082 1002 2082" 
                    HPOS="898.0"
                    VPOS="2035.0"
                    WIDTH="104.0"
                    HEIGHT="72.0">
            <Shape><Polygon POINTS="898 2082 900 2105 932 2097 938 2103 940 2104 940 2105 942 2105 943 2105 944 2107 978 2107 978 2105 980 2105 1002 2096 1002 2082 1002 2048 976 2035 974 2035 957 2035 955 2035 954 2035 953 2035 953 2036 940 2047 921 2035 920 2035 919 2035 917 2035 916 2035 898 2043 898 2082"/></Shape>
	    <String CONTENT="h.ii."
                    HPOS="898.0"
                    VPOS="2035.0"
                    WIDTH="104.0"
                    HEIGHT="72.0"
                    WC="0.999220097064972"></String>
          </TextLine>
        </TextBlock>
        <TextBlock HPOS="521.0"
                   VPOS="2333.0"
                   WIDTH="315.0"
                   HEIGHT="75.0"
                   ID="eSc_textblock_0fd7a0c6"
                   TAGREFS="BT9">
          <Shape><Polygon POINTS="521 2333 521 2408 836 2408 836 2333"/></Shape>
        </TextBlock>
      </PrintSpace>
    </Page>
  </Layout>
</alto>
