1429 2444
127 156 1026 63 qui combattent de gayeté ou pluſtoſt de malice

127 217 1028 54 de cœeur ſans y eſtre contraints, & fera qu’à la fin

127 279 1026 60 perſonne ne voudra venir à la guerre, ou porter

126 340 1027 57 armes contre nous quelque commandement que

127 393 1027 55 le tyran leur en face, nous voyans ainſi reſolus:

129 450 1028 64 Deſia y en a-il beaucoup qui ſe tienent bien loin

130 514 1025 56 des coups & tirent leur eſpingle arriere, aimans

127 571 1030 59 mieux eſtre reputez couarde & recreus, que fols &

127 628 1030 54 meſchans tout enſemble, en ſe faiſans battre à cre

127 689 1026 59 dit. Surquoy ie te veux dire vn trait, qui paſſe en¬

129 754 1028 52 cores bien plus outre, du ieune Candole, que tu

126 803 1028 61 cognoiſſois beau-frere de ceux de Montmoren¬

126 862 1032 61 cy. Eſtant en l’armee que le mareſchal Danuille

126 920 1031 54 auoit aſſemblé deuant Sõmieres que les noſtres

130 978 1024 64 tenoyent, & qu’ils ont rendu à la fin, ſous honne¬

129 1040 1028 61 ſte compoſition, que Danuille a gardee aux no¬

131 1098 1029 61 ſtres, dont le tyran ne luy ſcait point de gré. Eſtãt

130 1158 1025 59 dis-ie là au camp ce ieune ſeigneur de Candole,

130 1217 1027 59 & voyant tant de ſeigneurs, capitaines, gentilhom

131 1272 1026 62 mes & ſoldats que les noſtres faiſoyent mourir

131 1330 1024 61 en ſe deffendant vaillammẽt, il a dit & beaucoup

133 1389 1024 58 de fois à ſon beau-frere Danuille en iurant &

134 1450 1026 59 blaſphemant: hé que nous ſommes fols mon fre

133 1508 1027 54 re de nous faire ainſi bleſſer, battre, meurtrir &

134 1568 1020 61 tuer à l’appetit de ces meſchans (parlant du tyrã,

135 1625 1023 62 de ſa mere, de ſes freres & conſeillers) qui nous

135 1687 1025 52 ont meurtri nos parens, nos amis & nos alliez! Et

138 1743 1026 65 qui nous payeront auſsi quelque iour en meſme

137 1815 236 47 monnoye.

270 76 630 70 DIALOGVE II.

1058 80 91 78 228

139 1858 1023 63 L'hi. Ce trait vaut bien qu’on s’en ſouuiene: Cã¬

139 1918 1019 65 dole auoit bon iugement. Mais qu'eſtæl deuenn

141 1980 384 62 le poure homme?̀
