<?xml version="1.0" encoding="UTF-8"?>
<alto xmlns:xsi="http://www.w3.org/2001/XMLSchema-instance"
      xmlns="http://www.loc.gov/standards/alto/ns-v4#"
      xsi:schemaLocation="http://www.loc.gov/standards/alto/ns-v4# http://www.loc.gov/standards/alto/v4/alto-4-2.xsd">
  <Description>
    <MeasurementUnit>pixel</MeasurementUnit>
    <sourceImageInformation>
      <fileName>page_00264.png</fileName>
      <fileIdentifier>mets//page_00205.zip/page_00264.png</fileIdentifier>
    </sourceImageInformation>
  </Description>
  <Tags>
    <OtherTag ID="BT7" LABEL="CustomZone" DESCRIPTION="block type CustomZone"/><OtherTag ID="BT8" LABEL="DamageZone" DESCRIPTION="block type DamageZone"/><OtherTag ID="BT9" LABEL="DigitizationArtefactZone" DESCRIPTION="block type DigitizationArtefactZone"/><OtherTag ID="BT10" LABEL="DropCapitalZone" DESCRIPTION="block type DropCapitalZone"/><OtherTag ID="BT11" LABEL="GraphicZone" DESCRIPTION="block type GraphicZone"/><OtherTag ID="BT12" LABEL="MainZone" DESCRIPTION="block type MainZone"/><OtherTag ID="BT13" LABEL="MarginTextZone" DESCRIPTION="block type MarginTextZone"/><OtherTag ID="BT14" LABEL="MusicZone" DESCRIPTION="block type MusicZone"/><OtherTag ID="BT15" LABEL="NumberingZone" DESCRIPTION="block type NumberingZone"/><OtherTag ID="BT17" LABEL="QuireMarksZone" DESCRIPTION="block type QuireMarksZone"/><OtherTag ID="BT18" LABEL="RunningTitleZone" DESCRIPTION="block type RunningTitleZone"/><OtherTag ID="BT19" LABEL="SealZone" DESCRIPTION="block type SealZone"/><OtherTag ID="BT20" LABEL="StampZone" DESCRIPTION="block type StampZone"/><OtherTag ID="BT21" LABEL="TableZone" DESCRIPTION="block type TableZone"/><OtherTag ID="BT22" LABEL="TitlePageZone" DESCRIPTION="block type TitlePageZone"/><OtherTag ID="BT100001" LABEL="MainZone-Head" DESCRIPTION="block type MainZone-Head"/><OtherTag ID="BT100005" LABEL="MainZone-P" DESCRIPTION="block type MainZone-P"/><OtherTag ID="BT100008" LABEL="MainZone-Sp" DESCRIPTION="block type MainZone-Sp"/><OtherTag ID="BT100006" LABEL="MainZone-Continued" DESCRIPTION="block type MainZone-Continued"/><OtherTag ID="BT100011" LABEL="MainZone-Entry" DESCRIPTION="block type MainZone-Entry"/><OtherTag ID="BT100010" LABEL="MainZone-Other" DESCRIPTION="block type MainZone-Other"/><OtherTag ID="BT100002" LABEL="MainZone-Lg" DESCRIPTION="block type MainZone-Lg"/>
    <OtherTag ID="LT7" LABEL="CustomLine" DESCRIPTION="line type CustomLine"/><OtherTag ID="LT8" LABEL="DefaultLine" DESCRIPTION="line type DefaultLine"/><OtherTag ID="LT9" LABEL="DropCapitalLine" DESCRIPTION="line type DropCapitalLine"/><OtherTag ID="LT10" LABEL="HeadingLine" DESCRIPTION="line type HeadingLine"/><OtherTag ID="LT11" LABEL="InterlinearLine" DESCRIPTION="line type InterlinearLine"/><OtherTag ID="LT12" LABEL="MusicLine" DESCRIPTION="line type MusicLine"/><OtherTag ID="LT764" LABEL="default" DESCRIPTION="line type default"/>
  </Tags>
  <Layout>
    <Page WIDTH="1409"
          HEIGHT="2434"
          PHYSICAL_IMG_NR="64"
          ID="eSc_dummypage_">
      <PrintSpace HPOS="0"
                  VPOS="0"
                  WIDTH="1409"
                  HEIGHT="2434">
        <TextBlock HPOS="134.0"
                   VPOS="148.0"
                   WIDTH="1029.0"
                   HEIGHT="298.0"
                   ID="block_6"
                   TAGREFS="BT100006">
          <Shape><Polygon POINTS="1163 148 1163 446 134 446 134 148"/></Shape>
          <TextLine ID="line_2"
                    TAGREFS="LT8"
                    BASELINE="135 194 1154 192" 
                    HPOS="133.0"
                    VPOS="146.0"
                    WIDTH="1021.0"
                    HEIGHT="70.0">
            <Shape><Polygon POINTS="135 194 135 205 174 205 193 215 194 215 196 216 230 216 230 215 231 215 232 215 244 204 259 215 261 215 262 215 263 215 323 204 327 204 335 204 457 215 458 215 460 215 461 215 477 204 549 204 565 204 567 204 636 215 637 215 638 215 663 202 664 202 671 202 734 213 736 213 737 213 772 204 822 213 824 213 825 213 845 204 936 209 937 209 939 209 940 209 950 202 951 202 997 210 998 210 1153 201 1154 192 1153 152 1139 147 1138 147 1136 147 1135 147 1134 147 1126 152 1119 156 1109 152 1092 146 1090 146 1089 146 1088 146 1086 146 1078 152 1073 158 970 158 966 154 956 146 955 146 954 146 931 146 929 146 928 146 927 146 917 154 913 158 893 158 889 154 878 146 877 146 875 146 874 146 873 146 871 146 858 155 855 156 851 155 832 146 831 146 829 146 828 146 826 146 816 155 813 158 791 158 787 155 764 146 763 146 762 146 760 146 759 146 748 155 745 158 625 158 622 156 610 147 609 147 607 147 606 147 605 147 587 154 554 147 553 147 552 147 550 147 540 156 515 147 514 147 512 147 511 147 489 158 488 158 466 147 465 147 464 147 462 147 461 147 445 158 427 147 426 147 425 147 374 147 373 147 372 147 351 158 343 150 342 150 341 150 339 150 338 150 337 150 326 156 293 147 292 147 291 147 289 147 288 147 277 156 244 148 243 148 242 148 240 148 220 158 155 147 154 147 152 147 151 147 133 156 135 194"/></Shape>
	    <String CONTENT="riographé diligẽt &amp; ſoigneux, &amp; plein d’autres bõ"
                    HPOS="133.0"
                    VPOS="146.0"
                    WIDTH="1021.0"
                    HEIGHT="70.0"
                    WC="0.9943978660381757"></String>
          </TextLine>
          <TextLine ID="line_3"
                    TAGREFS="LT8"
                    BASELINE="133 254 1154 251" 
                    HPOS="132.0"
                    VPOS="209.0"
                    WIDTH="1022.0"
                    HEIGHT="56.0">
            <Shape><Polygon POINTS="133 254 133 265 1153 265 1154 251 1151 210 1131 209 1130 209 1128 209 1127 209 1126 210 1113 220 1089 210 1085 209 1084 209 1082 209 1066 210 1005 220 994 212 992 209 990 209 989 209 966 209 965 209 963 209 954 212 935 221 802 221 787 215 771 209 770 209 768 209 767 209 766 209 759 215 751 221 622 221 615 217 606 210 605 210 603 210 602 210 600 210 579 217 568 221 564 217 554 210 553 210 552 210 550 210 477 219 454 221 448 220 420 210 419 210 393 210 392 210 391 210 389 210 378 220 376 223 261 223 190 223 162 212 161 212 159 212 158 212 132 221 133 254"/></Shape>
	    <String CONTENT="nes parties fut auſsi detenu, &amp; tous enſemble ſi"
                    HPOS="132.0"
                    VPOS="209.0"
                    WIDTH="1022.0"
                    HEIGHT="56.0"
                    WC="0.9966244697570801"></String>
          </TextLine>
          <TextLine ID="line_4"
                    TAGREFS="LT8"
                    BASELINE="132 312 1153 309" 
                    HPOS="131.0"
                    VPOS="267.0"
                    WIDTH="1022.0"
                    HEIGHT="64.0">
            <Shape><Polygon POINTS="132 312 132 321 384 321 385 321 395 328 396 328 397 328 399 328 479 321 483 321 485 321 558 331 560 331 561 331 580 323 845 329 847 329 848 329 866 320 867 320 897 327 898 327 900 327 927 320 933 327 935 327 936 327 937 327 1030 323 1074 329 1076 329 1151 319 1153 309 1150 279 1115 278 1103 267 1101 267 1100 267 1099 267 1097 267 1073 278 1073 279 1035 279 1034 278 1020 267 1019 267 1017 267 1016 267 975 277 946 267 944 267 943 267 942 267 940 267 928 278 927 278 904 267 902 267 862 267 860 267 859 267 858 267 847 277 844 279 671 279 661 277 633 269 632 269 586 269 584 269 583 269 582 269 571 275 563 281 481 281 473 275 464 269 462 269 461 269 460 269 430 275 408 281 335 281 326 274 318 269 316 269 315 269 314 269 285 274 258 279 194 278 189 274 184 269 182 269 181 269 180 269 131 273 132 312"/></Shape>
	    <String CONTENT="bien traitez en leur priſon, quoy qu’ils fuſſent in¬"
                    HPOS="131.0"
                    VPOS="267.0"
                    WIDTH="1022.0"
                    HEIGHT="64.0"
                    WC="0.9864070415496826"></String>
          </TextLine>
          <TextLine ID="line_5"
                    TAGREFS="LT8"
                    BASELINE="131 369 1158 371" 
                    HPOS="129.0"
                    VPOS="328.0"
                    WIDTH="1029.0"
                    HEIGHT="53.0">
            <Shape><Polygon POINTS="131 369 129 378 1155 381 1158 371 1158 342 840 329 839 329 837 329 812 340 789 340 732 340 724 340 645 328 644 328 596 339 567 328 565 328 564 328 468 339 464 340 430 340 429 339 415 328 414 328 412 328 362 328 361 328 360 328 358 328 345 339 324 328 323 328 322 328 320 328 288 339 285 339 131 339 131 369"/></Shape>
	    <String CONTENT="nocens du fait, que le mieux traité d’entre eux, a"
                    HPOS="129.0"
                    VPOS="328.0"
                    WIDTH="1029.0"
                    HEIGHT="53.0"
                    WC="0.9978834507512111"></String>
          </TextLine>
          <TextLine ID="line_6"
                    TAGREFS="LT8"
                    BASELINE="131 428 832 428" 
                    HPOS="131.0"
                    VPOS="388.0"
                    WIDTH="701.0"
                    HEIGHT="51.0">
            <Shape><Polygon POINTS="131 428 131 439 832 439 832 428 832 400 789 388 787 388 786 388 785 388 747 398 732 389 730 389 729 389 728 389 671 398 668 398 667 398 657 389 657 388 656 388 655 388 629 388 628 388 626 388 625 388 625 389 615 397 613 401 527 401 519 396 506 388 504 388 503 388 502 388 500 388 484 396 473 400 434 400 425 394 410 388 408 388 407 388 406 388 383 393 357 401 192 401 170 400 162 390 159 389 159 388 158 388 157 388 155 388 131 389 131 428"/></Shape>
	    <String CONTENT="bonne occaſion de s’en ſouuenir."
                    HPOS="131.0"
                    VPOS="388.0"
                    WIDTH="701.0"
                    HEIGHT="51.0"
                    WC="0.9930590856820345"></String>
          </TextLine>
        </TextBlock>
        <TextBlock HPOS="301.0"
                   VPOS="74.0"
                   WIDTH="593.0"
                   HEIGHT="58.0"
                   ID="block_2"
                   TAGREFS="BT18">
          <Shape><Polygon POINTS="894 74 894 132 301 132 301 74"/></Shape>
          <TextLine ID="line_0"
                    TAGREFS="LT8"
                    BASELINE="295 123 896 118" 
                    HPOS="293"
                    VPOS="86"
                    WIDTH="603"
                    HEIGHT="49">
            <Shape><Polygon POINTS="753 101 740 101 726 101 713 101 699 101 691 105 518 105 504 101 496 101 483 101 469 101 460 101 458 102 457 101 456 101 442 101 429 101 415 101 414 91 411 90 408 87 408 86 407 86 406 86 404 86 293 86 295 123 295 128 453 135 454 135 456 135 457 135 457 133 464 128 488 135 489 135 491 135 492 135 494 135 504 127 506 127 508 127 537 133 538 133 663 127 679 133 680 133 682 133 683 133 684 133 695 125 699 125 729 132 730 132 732 132 756 125 759 125 767 125 868 132 870 132 871 132 896 124 896 118 891 102 794 104 775 101 767 101"/></Shape>
	    <String CONTENT="DIALOOVE TI."
                    HPOS="293"
                    VPOS="86"
                    WIDTH="603"
                    HEIGHT="49"
                    WC="0.9807692021131516"></String>
          </TextLine>
        </TextBlock>
        <TextBlock HPOS="101.0"
                   VPOS="447.0"
                   WIDTH="1064.0"
                   HEIGHT="1595.0"
                   ID="block_1"
                   TAGREFS="BT100005">
          <Shape><Polygon POINTS="1165 447 1161 2035 101 2042 117 447"/></Shape>
          <TextLine ID="line_7"
                    TAGREFS="LT8"
                    BASELINE="190 488 1154 485" 
                    HPOS="189.0"
                    VPOS="444.0"
                    WIDTH="965.0"
                    HEIGHT="63.0">
            <Shape><Polygon POINTS="190 488 190 498 347 498 361 507 362 507 364 507 365 507 535 498 605 507 606 507 607 507 622 498 633 504 634 504 636 504 680 497 691 496 697 497 714 503 716 503 717 503 818 497 847 496 851 497 864 503 866 503 867 503 901 497 902 497 905 497 1015 505 1016 505 1153 496 1154 485 1151 457 977 457 959 444 958 444 956 444 906 444 905 444 904 444 902 444 889 454 863 444 862 444 860 444 859 444 858 444 844 457 691 457 656 446 655 446 653 446 652 446 651 446 638 457 564 457 550 446 549 446 548 446 522 446 521 446 519 446 489 458 442 458 385 446 384 446 383 446 381 446 366 457 334 446 332 446 331 446 330 446 309 457 265 457 205 446 204 446 203 446 201 446 189 455 190 488"/></Shape>
	    <String CONTENT="Ce trait,fut cauſe que le comte de Montgome"
                    HPOS="189.0"
                    VPOS="444.0"
                    WIDTH="965.0"
                    HEIGHT="63.0"
                    WC="0.9916524263315423"></String>
          </TextLine>
          <TextLine ID="line_8"
                    TAGREFS="LT8"
                    BASELINE="128 547 1153 543" 
                    HPOS="127.0"
                    VPOS="501.0"
                    WIDTH="1026.0"
                    HEIGHT="57.0">
            <Shape><Polygon POINTS="128 547 128 558 1151 554 1153 543 1150 515 1108 515 1092 501 1090 501 1089 501 1065 501 1063 501 1062 501 1061 501 1044 515 1023 501 1021 501 1020 501 1019 501 1017 501 1016 501 998 513 971 501 970 501 969 501 967 501 966 501 950 515 948 516 836 516 836 515 805 503 803 503 764 503 763 503 762 503 760 503 739 516 736 517 679 517 678 516 655 503 653 503 652 503 651 503 649 503 648 503 633 515 567 516 561 516 521 503 519 503 480 503 479 503 477 503 476 503 466 511 443 504 442 504 441 504 439 504 410 517 408 517 384 517 328 516 303 504 301 504 300 504 299 504 259 517 242 504 240 504 239 504 204 504 203 504 201 504 200 504 185 516 157 509 155 509 154 509 152 509 127 517 128 547"/></Shape>
	    <String CONTENT="ry alla plus tard d’vn mois, au’ſecours de la Ro¬"
                    HPOS="127.0"
                    VPOS="501.0"
                    WIDTH="1026.0"
                    HEIGHT="57.0"
                    WC="0.9969637418279842"></String>
          </TextLine>
          <TextLine ID="line_9"
                    TAGREFS="LT8"
                    BASELINE="127 605 1154 605" 
                    HPOS="127.0"
                    VPOS="588.0"
                    WIDTH="1027.0"
                    HEIGHT="35.0">
            <Shape><Polygon POINTS="1142 603 1128 603 1115 603 1101 603 1088 603 1074 603 1061 603 1047 603 1034 603 1020 603 1007 603 993 603 979 603 966 603 952 603 939 603 925 603 912 603 898 603 885 603 871 603 858 603 844 603 831 603 817 603 803 603 790 603 776 603 763 603 749 603 736 603 722 603 709 603 695 603 682 603 668 603 655 603 641 603 628 603 614 603 600 603 587 603 573 603 560 603 546 603 533 603 519 603 506 603 492 603 479 603 465 603 452 603 438 603 425 603 411 603 397 603 384 603 370 603 357 603 343 603 330 603 316 603 303 603 289 603 276 603 262 603 249 603 235 603 221 603 208 603 194 603 181 603 167 603 165 593 127 588 127 605 127 615 257 623 258 623 419 616 427 616 730 616 734 616 766 623 767 623 832 616 841 616 862 616 1013 623 1015 623 1016 623 1036 616 1040 616 1153 616 1154 605 1153 603 1142 603"/></Shape>
	    <String CONTENT="eueney ce pauoromie do cconcagen mauuco; De ou"
                    HPOS="127.0"
                    VPOS="588.0"
                    WIDTH="1027.0"
                    HEIGHT="35.0"
                    WC="0.962599067584328"></String>
          </TextLine>
          <TextLine ID="line_10"
                    TAGREFS="LT8"
                    BASELINE="127 665 1149 662" 
                    HPOS="125.0"
                    VPOS="623.0"
                    WIDTH="1024.0"
                    HEIGHT="61.0">
            <Shape><Polygon POINTS="127 665 127 676 276 676 278 676 295 682 296 682 297 682 339 676 346 676 351 676 378 684 380 684 381 684 435 676 443 676 449 676 477 684 479 684 480 684 526 676 534 676 656 676 659 676 671 682 672 682 674 682 732 676 756 674 790 676 879 682 881 682 920 676 935 674 966 676 1046 682 1047 682 1048 682 1067 676 1073 674 1076 676 1084 682 1085 682 1086 682 1088 682 1147 676 1149 662 1145 623 1097 635 841 635 813 627 808 627 806 627 794 628 733 634 692 630 637 623 636 623 634 623 606 631 598 632 590 631 565 624 564 624 563 624 561 624 542 631 531 635 468 632 278 624 277 624 276 624 246 632 143 627 142 627 140 627 139 627 125 634 127 665"/></Shape>
	    <String CONTENT="nauire Biſcayn, que la Royne auoit promis, qui"
                    HPOS="125.0"
                    VPOS="623.0"
                    WIDTH="1024.0"
                    HEIGHT="61.0"
                    WC="0.9914614610050035"></String>
          </TextLine>
          <TextLine ID="line_11"
                    TAGREFS="LT8"
                    BASELINE="127 723 1147 723" 
                    HPOS="127.0"
                    VPOS="681.0"
                    WIDTH="1020.0"
                    HEIGHT="62.0">
            <Shape><Polygon POINTS="127 723 127 732 159 742 161 742 162 742 201 734 220 742 221 742 223 742 277 734 376 742 377 742 378 742 403 734 452 742 453 742 512 734 565 742 567 743 613 743 613 742 614 742 615 742 629 734 648 742 649 742 651 742 695 734 963 741 965 741 1147 732 1147 723 1147 693 1100 692 1090 682 1089 682 1088 682 1086 682 1085 682 1084 682 1070 692 1039 681 1038 681 985 681 983 681 982 681 981 681 969 692 897 692 875 681 874 681 873 681 871 681 847 688 840 681 839 681 837 681 771 681 770 681 768 681 753 688 728 681 726 681 725 681 724 681 702 693 659 693 623 681 622 681 621 681 619 681 596 692 503 685 502 685 453 692 422 681 420 681 419 681 418 681 416 681 403 693 357 693 335 681 334 681 301 681 300 681 299 681 297 681 281 692 269 681 267 681 266 681 240 681 239 681 238 681 198 692 159 681 158 681 157 681 155 681 127 692 127 723"/></Shape>
	    <String CONTENT="n’y oſa aller, de peur qu’on n’vſaſt de reuẽche ſur"
                    HPOS="127.0"
                    VPOS="681.0"
                    WIDTH="1020.0"
                    HEIGHT="62.0"
                    WC="0.9822342143608973"></String>
          </TextLine>
          <TextLine ID="line_12"
                    TAGREFS="LT8"
                    BASELINE="125 780 1151 782" 
                    HPOS="124.0"
                    VPOS="741.0"
                    WIDTH="1027.0"
                    HEIGHT="64.0">
            <Shape><Polygon POINTS="125 780 124 788 154 797 155 797 157 797 205 792 232 803 234 803 235 803 573 791 579 791 580 791 644 799 645 799 646 799 648 799 656 792 671 799 672 799 674 799 847 792 889 793 902 804 904 804 905 804 906 804 908 804 942 793 1011 792 1030 792 1031 792 1044 803 1046 803 1047 803 1048 803 1050 803 1051 803 1062 795 1073 804 1074 804 1076 804 1077 805 1104 805 1104 804 1105 804 1150 792 1151 782 1149 749 843 753 835 747 828 742 826 742 825 742 791 742 790 742 789 742 787 742 780 747 774 753 740 753 717 747 686 742 684 742 621 747 573 751 563 747 545 741 544 741 542 741 510 747 502 749 494 747 469 741 468 741 466 741 465 741 464 741 457 747 450 753 200 753 185 747 167 741 166 741 165 741 125 746 125 780"/></Shape>
	    <String CONTENT="ſon equippage: &amp; fut ce vol cauſe en partie, que"
                    HPOS="124.0"
                    VPOS="741.0"
                    WIDTH="1027.0"
                    HEIGHT="64.0"
                    WC="0.9938078473011652"></String>
          </TextLine>
          <TextLine ID="line_13"
                    TAGREFS="LT8"
                    BASELINE="124 842 1150 839" 
                    HPOS="123.0"
                    VPOS="797.0"
                    WIDTH="1027.0"
                    HEIGHT="56.0">
            <Shape><Polygon POINTS="124 842 124 853 1149 853 1150 839 1146 808 1128 808 1127 808 1115 797 1113 797 1112 797 1111 797 1109 797 1108 797 1092 808 1089 809 966 809 963 808 950 797 948 797 947 797 946 797 944 797 914 807 910 809 703 809 701 807 674 797 672 797 671 797 625 807 615 809 610 807 588 799 587 799 586 799 584 799 560 807 553 809 521 809 519 807 508 799 507 799 506 799 439 799 438 799 437 799 435 799 425 807 420 811 368 811 362 807 345 799 343 799 342 799 304 807 300 808 299 807 286 799 285 799 284 799 282 799 281 799 253 807 244 809 238 807 208 799 207 799 132 799 131 799 129 799 128 799 123 801 124 842"/></Shape>
	    <String CONTENT="la Rochelle ne fuſt point ſecourue, par l’armee du"
                    HPOS="123.0"
                    VPOS="797.0"
                    WIDTH="1027.0"
                    HEIGHT="56.0"
                    WC="0.9964531528949737"></String>
          </TextLine>
          <TextLine ID="line_14"
                    TAGREFS="LT8"
                    BASELINE="123 900 1151 896" 
                    HPOS="121.0"
                    VPOS="858.0"
                    WIDTH="1030.0"
                    HEIGHT="62.0">
            <Shape><Polygon POINTS="123 900 123 912 404 912 462 920 464 920 534 911 549 910 556 911 582 919 583 919 584 919 638 911 649 910 659 911 701 919 702 919 771 911 774 911 775 911 805 919 806 919 808 919 864 911 885 908 925 911 1034 918 1035 918 1150 910 1151 896 1147 868 948 868 947 868 935 858 933 858 932 858 898 858 897 858 896 858 894 858 882 868 775 860 774 860 772 860 756 869 753 870 701 870 698 869 659 860 657 860 656 860 634 869 621 869 441 864 439 864 408 870 406 870 404 870 385 861 384 861 280 861 278 861 277 861 276 861 263 870 261 870 146 864 144 864 143 864 121 870 123 900"/></Shape>
	    <String CONTENT="comte de Montgomery: lequel peu de temps a¬"
                    HPOS="121.0"
                    VPOS="858.0"
                    WIDTH="1030.0"
                    HEIGHT="62.0"
                    WC="0.993398689946463"></String>
          </TextLine>
          <TextLine ID="line_15"
                    TAGREFS="LT8"
                    BASELINE="127 960 1154 957" 
                    HPOS="125.0"
                    VPOS="915.0"
                    WIDTH="1029.0"
                    HEIGHT="64.0">
            <Shape><Polygon POINTS="127 960 127 979 178 969 231 977 232 977 234 977 254 969 270 977 272 977 273 977 276 977 381 969 420 976 430 977 431 977 449 976 510 969 868 969 873 972 878 976 879 976 881 976 882 976 1153 968 1154 957 1153 926 1130 915 1128 915 1127 915 1126 915 1101 926 1100 927 970 927 970 926 954 915 952 915 951 915 908 915 906 915 905 915 870 926 818 915 817 915 816 915 814 915 799 926 786 915 785 915 783 915 760 915 759 915 757 915 736 926 671 915 669 915 668 915 667 915 655 926 632 916 630 916 629 916 542 927 475 916 473 916 472 916 437 927 396 916 395 916 393 916 392 916 391 916 377 928 185 928 151 919 150 919 148 919 147 919 125 927 127 960"/></Shape>
	    <String CONTENT="pres, ayant ſinglé vers la Rochelle, à la veue, &amp;"
                    HPOS="125.0"
                    VPOS="915.0"
                    WIDTH="1029.0"
                    HEIGHT="64.0"
                    WC="0.9943163055999606"></String>
          </TextLine>
          <TextLine ID="line_16"
                    TAGREFS="LT8"
                    BASELINE="127 1019 1151 1015" 
                    HPOS="125.0"
                    VPOS="976.0"
                    WIDTH="1026.0"
                    HEIGHT="59.0">
            <Shape><Polygon POINTS="127 1019 127 1035 165 1029 492 1031 766 1034 767 1034 936 1026 959 1026 970 1026 1076 1033 1077 1033 1151 1023 1151 1015 1149 987 1047 976 1046 976 1044 976 1013 985 973 976 971 976 970 976 969 976 958 985 927 976 925 976 924 976 923 976 921 976 908 985 780 977 779 977 778 977 776 977 760 988 726 988 691 977 690 977 688 977 687 977 686 977 674 988 648 988 587 977 586 977 584 977 560 987 453 979 452 979 450 979 449 979 437 989 291 989 276 979 274 979 273 979 240 979 239 979 238 979 236 979 226 987 139 981 138 981 136 981 135 981 125 987 127 1019"/></Shape>
	    <String CONTENT="port de canon des nauires, &amp; galeres, &amp; des ſorts"
                    HPOS="125.0"
                    VPOS="976.0"
                    WIDTH="1026.0"
                    HEIGHT="59.0"
                    WC="0.9940740405296793"></String>
          </TextLine>
          <TextLine ID="line_17"
                    TAGREFS="LT8"
                    BASELINE="121 1075 1150 1075" 
                    HPOS="121.0"
                    VPOS="1035.0"
                    WIDTH="1029.0"
                    HEIGHT="58.0">
            <Shape><Polygon POINTS="121 1075 121 1085 316 1093 318 1093 450 1087 778 1093 779 1093 1150 1085 1150 1075 1149 1042 1054 1045 1039 1042 1009 1035 1008 1035 1007 1035 1005 1035 997 1042 993 1046 850 1046 841 1043 818 1035 817 1035 816 1035 814 1035 795 1043 790 1045 783 1043 757 1035 756 1035 755 1035 753 1035 752 1035 741 1043 739 1046 706 1046 702 1043 690 1035 688 1035 687 1035 653 1035 652 1035 651 1035 633 1043 632 1045 629 1043 613 1035 611 1035 610 1035 609 1035 580 1043 554 1035 553 1035 552 1035 550 1035 533 1045 531 1046 286 1046 286 1045 276 1037 274 1037 273 1037 272 1037 270 1037 269 1037 259 1045 240 1035 239 1035 189 1035 188 1035 186 1035 185 1035 174 1043 144 1035 143 1035 142 1035 140 1035 121 1045 121 1075"/></Shape>
	    <String CONTENT="de l’ẽnemy, qui tenoit le Canal, &amp; entree de mer"
                    HPOS="121.0"
                    VPOS="1035.0"
                    WIDTH="1029.0"
                    HEIGHT="58.0"
                    WC="0.9946860999477153"></String>
          </TextLine>
          <TextLine ID="line_18"
                    TAGREFS="LT8"
                    BASELINE="121 1135 1147 1133" 
                    HPOS="120.0"
                    VPOS="1091.0"
                    WIDTH="1027.0"
                    HEIGHT="65.0">
            <Shape><Polygon POINTS="121 1135 121 1148 410 1148 468 1156 469 1156 471 1156 506 1146 507 1146 510 1146 632 1156 633 1156 634 1156 661 1145 664 1145 672 1145 747 1154 748 1156 774 1156 774 1154 775 1154 776 1154 787 1145 790 1145 825 1154 826 1154 828 1154 866 1146 942 1154 943 1154 944 1154 963 1145 1146 1143 1147 1133 1146 1104 1119 1091 1117 1091 1080 1091 1078 1091 1077 1091 1051 1103 994 1091 993 1091 992 1091 990 1091 969 1104 785 1104 707 1091 706 1091 705 1091 703 1091 687 1104 617 1106 554 1106 537 1092 535 1092 534 1092 533 1092 531 1092 498 1104 431 1104 411 1092 410 1092 408 1092 384 1092 383 1092 381 1092 380 1092 361 1104 346 1092 345 1092 343 1092 342 1092 341 1092 309 1103 269 1092 267 1092 235 1092 234 1092 232 1092 231 1092 219 1102 205 1092 204 1092 203 1092 201 1092 200 1092 175 1099 138 1092 136 1092 135 1092 133 1092 120 1103 121 1135"/></Shape>
	    <String CONTENT="de la Rochelle gardez, apres luy auoir preſenté la"
                    HPOS="120.0"
                    VPOS="1091.0"
                    WIDTH="1027.0"
                    HEIGHT="65.0"
                    WC="0.994551466960533"></String>
          </TextLine>
          <TextLine ID="line_19"
                    TAGREFS="LT8"
                    BASELINE="121 1195 1147 1191" 
                    HPOS="120.0"
                    VPOS="1149.0"
                    WIDTH="1027.0"
                    HEIGHT="57.0">
            <Shape><Polygon POINTS="121 1195 121 1206 1146 1202 1147 1191 1143 1162 1047 1164 1040 1161 1019 1149 1017 1149 1016 1149 1015 1149 979 1161 967 1165 901 1165 893 1160 877 1149 875 1149 874 1149 873 1149 871 1149 855 1156 826 1149 825 1149 824 1149 822 1149 821 1149 812 1157 785 1150 783 1150 782 1150 780 1150 779 1150 768 1158 762 1165 701 1165 633 1162 628 1157 619 1150 618 1150 617 1150 615 1150 579 1157 577 1157 554 1150 553 1150 552 1150 550 1150 549 1150 541 1157 531 1164 443 1160 442 1160 385 1166 370 1156 366 1152 365 1152 364 1152 345 1152 343 1152 342 1152 341 1152 337 1156 322 1168 295 1168 274 1154 270 1152 269 1152 267 1152 266 1152 240 1154 181 1162 158 1154 151 1152 150 1152 148 1152 120 1153 121 1195"/></Shape>
	    <String CONTENT="bataille, ſe voyant à ſon auis foible, a’eſtonna:"
                    HPOS="120.0"
                    VPOS="1149.0"
                    WIDTH="1027.0"
                    HEIGHT="57.0"
                    WC="0.9987010133266448"></String>
          </TextLine>
          <TextLine ID="line_20"
                    TAGREFS="LT8"
                    BASELINE="120 1253 1153 1250" 
                    HPOS="119.0"
                    VPOS="1210.0"
                    WIDTH="1034.0"
                    HEIGHT="55.0">
            <Shape><Polygon POINTS="120 1253 120 1262 1151 1265 1153 1250 1150 1221 1116 1221 1115 1219 1097 1210 1096 1210 1094 1210 1050 1219 1042 1222 1005 1222 1002 1219 992 1210 990 1210 989 1210 988 1210 986 1210 967 1219 963 1222 917 1222 914 1219 904 1210 902 1210 901 1210 808 1210 806 1210 805 1210 779 1218 771 1221 762 1218 736 1210 734 1210 733 1210 732 1210 730 1210 721 1218 718 1221 680 1221 675 1218 667 1210 665 1210 664 1210 640 1210 638 1210 637 1210 636 1210 636 1211 628 1217 622 1223 372 1223 360 1215 350 1211 349 1211 347 1211 300 1215 232 1222 177 1221 169 1215 165 1211 163 1211 162 1211 161 1211 119 1214 120 1253"/></Shape>
	    <String CONTENT="l&#x27;ennemy le voyant marchander l’abbord, au lieu"
                    HPOS="119.0"
                    VPOS="1210.0"
                    WIDTH="1034.0"
                    HEIGHT="55.0"
                    WC="0.9939023725529934"></String>
          </TextLine>
          <TextLine ID="line_21"
                    TAGREFS="LT8"
                    BASELINE="120 1308 1143 1311" 
                    HPOS="120.0"
                    VPOS="1271.0"
                    WIDTH="1023.0"
                    HEIGHT="58.0">
            <Shape><Polygon POINTS="120 1308 120 1322 862 1322 878 1329 879 1329 881 1329 927 1322 928 1322 956 1329 958 1329 959 1329 960 1329 962 1329 971 1322 1142 1322 1143 1311 1141 1277 1076 1281 1066 1277 1055 1272 1054 1272 1053 1272 1027 1277 1016 1279 1007 1277 978 1272 977 1272 975 1272 974 1272 969 1277 962 1283 854 1283 836 1277 814 1272 813 1272 812 1272 810 1272 809 1272 802 1277 797 1283 652 1283 629 1279 584 1271 583 1271 582 1271 580 1271 571 1279 568 1281 257 1281 254 1279 238 1271 236 1271 177 1271 175 1271 120 1279 120 1308"/></Shape>
	    <String CONTENT="qu’à la premiere veue, ſon armee de mer, &amp; de ter"
                    HPOS="120.0"
                    VPOS="1271.0"
                    WIDTH="1023.0"
                    HEIGHT="58.0"
                    WC="0.9967994606494903"></String>
          </TextLine>
          <TextLine ID="line_22"
                    TAGREFS="LT8"
                    BASELINE="117 1371 1149 1368" 
                    HPOS="116.0"
                    VPOS="1329.0"
                    WIDTH="1033.0"
                    HEIGHT="52.0">
            <Shape><Polygon POINTS="117 1371 117 1381 1147 1381 1149 1368 1145 1340 877 1340 873 1340 812 1329 810 1329 809 1329 783 1340 782 1340 709 1329 707 1329 706 1329 669 1340 633 1329 632 1329 630 1329 594 1330 592 1330 591 1330 579 1341 577 1342 376 1342 374 1341 350 1330 349 1330 347 1330 346 1330 345 1330 331 1341 319 1334 318 1334 316 1334 315 1334 295 1341 270 1330 269 1330 192 1330 190 1330 189 1330 188 1330 175 1340 167 1333 166 1333 165 1333 163 1333 116 1341 117 1371"/></Shape>
	    <String CONTENT="re s’eſtoit (comme on dit) esbranlee, commença"
                    HPOS="116.0"
                    VPOS="1329.0"
                    WIDTH="1033.0"
                    HEIGHT="52.0"
                    WC="0.9993613095993691"></String>
          </TextLine>
          <TextLine ID="line_23"
                    TAGREFS="LT8"
                    BASELINE="117 1429 1150 1429" 
                    HPOS="117.0"
                    VPOS="1386.0"
                    WIDTH="1033.0"
                    HEIGHT="55.0">
            <Shape><Polygon POINTS="117 1429 117 1441 1150 1441 1150 1429 1150 1399 1113 1391 1112 1391 1050 1398 1046 1398 1044 1398 1015 1386 1013 1386 937 1386 936 1386 935 1386 933 1386 920 1396 917 1399 655 1399 651 1395 640 1386 638 1386 637 1386 636 1386 599 1394 583 1399 541 1399 535 1394 526 1386 525 1386 523 1386 522 1386 521 1386 491 1394 488 1394 485 1394 462 1386 461 1386 460 1386 458 1386 457 1386 449 1392 446 1395 439 1392 420 1387 419 1387 418 1387 416 1387 415 1387 408 1392 401 1399 318 1399 305 1392 293 1386 292 1386 291 1386 263 1391 234 1399 209 1399 200 1391 193 1386 192 1386 190 1386 189 1386 117 1390 117 1429"/></Shape>
	    <String CONTENT="à ſe raſſeurer, &amp; à ſe renforcer par mer, faiſant em"
                    HPOS="117.0"
                    VPOS="1386.0"
                    WIDTH="1033.0"
                    HEIGHT="55.0"
                    WC="0.9873775762540323"></String>
          </TextLine>
          <TextLine ID="line_24"
                    TAGREFS="LT8"
                    BASELINE="117 1487 1147 1484" 
                    HPOS="116.0"
                    VPOS="1445.0"
                    WIDTH="1031.0"
                    HEIGHT="53.0">
            <Shape><Polygon POINTS="117 1487 117 1498 1146 1496 1147 1484 1146 1456 1119 1445 1117 1445 1090 1445 1089 1445 1088 1445 1086 1445 1074 1454 1073 1456 1069 1454 1031 1445 1030 1445 997 1445 996 1445 994 1445 993 1445 978 1454 974 1457 940 1457 935 1454 919 1445 917 1445 916 1445 914 1445 891 1453 885 1457 752 1457 745 1453 734 1445 733 1445 732 1445 683 1445 682 1445 680 1445 679 1445 671 1452 665 1457 629 1459 481 1459 466 1450 457 1446 456 1446 427 1446 426 1446 425 1446 423 1446 419 1450 410 1459 355 1459 343 1450 338 1446 337 1446 335 1446 334 1446 332 1446 323 1450 301 1457 116 1449 117 1487"/></Shape>
	    <String CONTENT="barquer dans ſes nauires, à la veue de celles du"
                    HPOS="116.0"
                    VPOS="1445.0"
                    WIDTH="1031.0"
                    HEIGHT="53.0"
                    WC="0.9893536543359562"></String>
          </TextLine>
          <TextLine ID="line_25"
                    TAGREFS="LT8"
                    BASELINE="112 1546 1149 1546" 
                    HPOS="112.0"
                    VPOS="1505.0"
                    WIDTH="1037.0"
                    HEIGHT="62.0">
            <Shape><Polygon POINTS="112 1546 112 1556 262 1557 281 1565 282 1565 284 1565 410 1557 688 1557 729 1565 730 1567 772 1567 772 1565 774 1565 775 1565 789 1557 969 1557 988 1565 989 1565 990 1567 1047 1567 1047 1565 1149 1556 1149 1546 1149 1515 1116 1505 1115 1505 1062 1505 1061 1505 1059 1505 1058 1505 1043 1517 844 1517 808 1505 806 1505 805 1505 803 1505 802 1505 787 1517 711 1517 679 1505 678 1505 676 1505 640 1513 630 1505 629 1505 628 1505 587 1505 586 1505 584 1505 583 1505 567 1517 531 1517 502 1505 500 1505 499 1505 498 1505 496 1505 481 1517 414 1517 384 1505 383 1505 381 1505 380 1505 378 1505 361 1517 197 1517 135 1505 133 1505 132 1505 112 1514 112 1546"/></Shape>
	    <String CONTENT="Comte, enuiron de mille harquebouziers, qui ſut"
                    HPOS="112.0"
                    VPOS="1505.0"
                    WIDTH="1037.0"
                    HEIGHT="62.0"
                    WC="0.9902497491938003"></String>
          </TextLine>
          <TextLine ID="line_26"
                    TAGREFS="LT8"
                    BASELINE="116 1605 1143 1602" 
                    HPOS="115.0"
                    VPOS="1563.0"
                    WIDTH="1028.0"
                    HEIGHT="65.0">
            <Shape><Polygon POINTS="116 1605 116 1615 219 1615 223 1617 240 1626 242 1626 243 1628 307 1628 307 1626 308 1626 328 1617 332 1615 563 1615 575 1618 610 1626 611 1626 613 1626 614 1626 626 1618 633 1614 676 1614 958 1615 962 1619 969 1625 970 1625 971 1625 973 1626 1011 1626 1011 1625 1012 1625 1023 1619 1030 1615 1035 1619 1038 1622 1039 1622 1040 1622 1042 1622 1142 1619 1143 1602 1139 1567 977 1573 966 1568 958 1563 956 1563 955 1563 886 1563 885 1563 883 1563 882 1563 875 1569 873 1571 864 1569 841 1563 840 1563 839 1563 837 1563 836 1563 828 1569 821 1575 668 1575 661 1571 640 1563 638 1563 637 1563 636 1563 634 1563 625 1572 619 1575 606 1572 571 1564 569 1564 568 1564 550 1572 544 1576 499 1576 491 1573 462 1564 461 1564 460 1564 458 1564 427 1573 423 1575 420 1573 406 1564 404 1564 403 1564 401 1564 400 1564 374 1572 335 1564 334 1564 332 1564 311 1575 250 1575 236 1564 235 1564 234 1564 203 1564 201 1564 115 1576 116 1605"/></Shape>
	    <String CONTENT="cauſe, que le lendemain, le comte de Mõtgomery"
                    HPOS="115.0"
                    VPOS="1563.0"
                    WIDTH="1028.0"
                    HEIGHT="65.0"
                    WC="0.9957691215454264"></String>
          </TextLine>
          <TextLine ID="line_27"
                    TAGREFS="LT8"
                    BASELINE="117 1663 1142 1663" 
                    HPOS="117.0"
                    VPOS="1622.0"
                    WIDTH="1025.0"
                    HEIGHT="65.0">
            <Shape><Polygon POINTS="117 1663 117 1679 124 1686 125 1686 127 1686 128 1687 190 1687 190 1686 192 1686 193 1686 204 1676 205 1675 243 1674 354 1674 362 1676 378 1686 380 1686 381 1686 468 1678 496 1675 502 1678 512 1686 514 1686 515 1686 517 1686 550 1678 569 1674 580 1678 586 1680 587 1680 588 1680 606 1678 641 1674 711 1679 771 1683 772 1683 774 1683 783 1679 798 1674 1141 1680 1142 1663 1142 1634 1101 1622 1100 1622 1058 1622 1057 1622 1055 1622 1054 1622 1035 1636 1000 1636 983 1622 982 1622 981 1622 979 1622 978 1622 929 1634 858 1634 810 1622 809 1622 808 1622 806 1622 790 1636 762 1636 716 1622 714 1622 713 1622 711 1622 686 1636 600 1636 560 1622 558 1622 557 1622 556 1622 525 1634 468 1622 466 1622 465 1622 441 1636 384 1636 372 1625 370 1625 369 1625 308 1622 307 1622 305 1622 304 1622 282 1636 117 1636 117 1663"/></Shape>
	    <String CONTENT="apres s’eſtre preſenté au meſme lieu en bataille,"
                    HPOS="117.0"
                    VPOS="1622.0"
                    WIDTH="1025.0"
                    HEIGHT="65.0"
                    WC="0.9991509151458741"></String>
          </TextLine>
          <TextLine ID="line_28"
                    TAGREFS="LT8"
                    BASELINE="116 1722 1145 1720" 
                    HPOS="115.0"
                    VPOS="1680.0"
                    WIDTH="1030.0"
                    HEIGHT="63.0">
            <Shape><Polygon POINTS="116 1722 116 1733 322 1733 326 1733 362 1741 364 1741 416 1733 418 1733 419 1733 429 1741 430 1741 431 1741 433 1743 468 1743 468 1741 572 1733 573 1733 575 1733 628 1741 629 1741 753 1732 767 1732 779 1732 882 1738 883 1738 885 1738 909 1732 912 1732 914 1732 962 1740 963 1740 1143 1730 1145 1720 1142 1695 906 1695 866 1680 864 1680 839 1680 837 1680 836 1680 835 1680 822 1691 786 1680 785 1680 783 1680 782 1680 780 1680 766 1692 732 1680 730 1680 729 1680 728 1680 687 1695 607 1695 527 1682 526 1682 525 1682 523 1682 507 1695 414 1695 338 1682 337 1682 244 1691 230 1682 228 1682 227 1682 190 1682 189 1682 188 1682 162 1695 131 1686 129 1686 128 1686 127 1686 125 1686 115 1692 116 1722"/></Shape>
	    <String CONTENT="n’eſtant ſuyui que d’vne partie de ſon armee, re¬"
                    HPOS="115.0"
                    VPOS="1680.0"
                    WIDTH="1030.0"
                    HEIGHT="63.0"
                    WC="0.9950503804245774"></String>
          </TextLine>
          <TextLine ID="line_29"
                    TAGREFS="LT8"
                    BASELINE="116 1778 1149 1780" 
                    HPOS="115.0"
                    VPOS="1736.0"
                    WIDTH="1034.0"
                    HEIGHT="62.0">
            <Shape><Polygon POINTS="116 1778 115 1787 132 1797 133 1797 135 1797 173 1790 184 1797 185 1797 186 1797 188 1797 544 1790 633 1798 634 1798 1147 1790 1149 1780 1149 1753 1078 1752 1057 1737 1055 1737 1054 1737 1053 1737 1051 1737 1012 1749 998 1737 997 1737 996 1737 994 1737 993 1737 965 1744 935 1737 933 1737 932 1737 931 1737 908 1749 904 1752 810 1752 806 1748 791 1737 790 1737 789 1737 749 1737 748 1737 747 1737 745 1737 733 1748 729 1751 724 1747 705 1737 703 1737 682 1737 680 1737 679 1737 678 1737 667 1747 664 1749 657 1747 637 1737 636 1737 634 1737 633 1737 614 1745 605 1751 507 1751 494 1744 477 1737 476 1737 475 1737 473 1737 448 1744 425 1749 408 1743 391 1736 389 1736 388 1736 387 1736 370 1743 354 1751 316 1751 305 1741 299 1736 297 1736 296 1736 295 1736 293 1736 276 1741 261 1747 254 1741 247 1736 246 1736 244 1736 217 1736 216 1736 215 1736 213 1736 208 1740 196 1749 157 1749 146 1740 142 1736 140 1736 139 1736 138 1736 116 1738 116 1778"/></Shape>
	    <String CONTENT="broſſa ſon chemin vers Belle-iſle, qui eſt ſur la co"
                    HPOS="115.0"
                    VPOS="1736.0"
                    WIDTH="1034.0"
                    HEIGHT="62.0"
                    WC="0.9921141702395219"></String>
          </TextLine>
          <TextLine ID="line_30"
                    TAGREFS="LT8"
                    BASELINE="116 1840 1143 1837" 
                    HPOS="115.0"
                    VPOS="1795.0"
                    WIDTH="1028.0"
                    HEIGHT="64.0">
            <Shape><Polygon POINTS="116 1840 116 1849 512 1859 514 1859 641 1849 659 1856 660 1856 661 1856 778 1851 836 1857 837 1857 839 1857 863 1851 981 1857 982 1857 1051 1849 1065 1857 1066 1857 1067 1857 1069 1857 1143 1847 1143 1837 1141 1810 1077 1810 1055 1795 1054 1795 1053 1795 1030 1795 1028 1795 1027 1795 1025 1795 1009 1809 982 1795 981 1795 920 1795 919 1795 917 1795 916 1795 898 1807 879 1797 878 1797 877 1797 875 1797 874 1797 858 1810 782 1810 762 1795 760 1795 759 1795 732 1795 730 1795 729 1795 728 1795 710 1809 690 1795 688 1795 687 1795 686 1795 684 1795 653 1809 615 1797 614 1797 613 1797 611 1797 576 1810 573 1811 487 1811 485 1810 469 1797 468 1797 466 1797 465 1797 464 1797 462 1797 441 1810 439 1810 435 1810 401 1802 400 1802 399 1802 374 1810 370 1810 342 1810 311 1809 285 1797 284 1797 255 1797 254 1797 253 1797 251 1797 240 1806 208 1797 207 1797 205 1797 204 1797 203 1797 186 1810 165 1797 163 1797 162 1797 128 1797 127 1797 125 1797 124 1797 124 1798 115 1805 116 1840"/></Shape>
	    <String CONTENT="ſte de Bretaigné, print le chaſteau, &amp; l’iſle d’em¬"
                    HPOS="115.0"
                    VPOS="1795.0"
                    WIDTH="1028.0"
                    HEIGHT="64.0"
                    WC="0.9803568090383823"></String>
          </TextLine>
          <TextLine ID="line_31"
                    TAGREFS="LT8"
                    BASELINE="115 1898 1142 1898" 
                    HPOS="115.0"
                    VPOS="1857.0"
                    WIDTH="1027.0"
                    HEIGHT="61.0">
            <Shape><Polygon POINTS="115 1898 115 1910 194 1910 219 1918 220 1918 221 1918 278 1910 507 1910 518 1918 519 1918 521 1918 522 1918 706 1910 1023 1918 1024 1918 1142 1909 1142 1898 1142 1870 965 1870 962 1867 947 1857 946 1857 944 1857 943 1857 942 1857 916 1867 912 1868 906 1867 881 1857 879 1857 841 1857 840 1857 839 1857 837 1857 828 1866 824 1870 629 1870 623 1864 615 1857 614 1857 613 1857 611 1857 610 1857 591 1864 576 1870 403 1870 392 1862 385 1857 384 1857 383 1857 289 1857 288 1857 286 1857 285 1857 281 1862 273 1867 255 1860 246 1857 244 1857 243 1857 242 1857 240 1857 236 1860 226 1870 197 1870 181 1860 175 1857 174 1857 173 1857 115 1859 115 1898"/></Shape>
	    <String CONTENT="blee, &amp; là ſeiourna quelques iours. Vn des pareni"
                    HPOS="115.0"
                    VPOS="1857.0"
                    WIDTH="1027.0"
                    HEIGHT="61.0"
                    WC="0.9897993433475495"></String>
          </TextLine>
          <TextLine ID="line_32"
                    TAGREFS="LT8"
                    BASELINE="113 1958 1141 1955" 
                    HPOS="112.0"
                    VPOS="1914.0"
                    WIDTH="1029.0"
                    HEIGHT="64.0">
            <Shape><Polygon POINTS="113 1958 113 1967 488 1968 499 1978 500 1978 502 1978 503 1978 504 1978 523 1970 552 1978 553 1978 554 1978 605 1967 748 1967 850 1976 851 1976 948 1974 950 1974 951 1974 959 1967 989 1975 990 1975 992 1975 1032 1967 1115 1972 1116 1972 1117 1972 1141 1964 1141 1955 1138 1929 1103 1926 1088 1914 1086 1914 1085 1914 1066 1914 1065 1914 1063 1914 1062 1914 1046 1928 988 1914 986 1914 985 1914 983 1914 966 1929 924 1929 904 1916 902 1916 901 1916 900 1916 898 1916 868 1926 841 1914 840 1914 839 1914 837 1914 808 1928 782 1914 780 1914 755 1914 753 1914 752 1914 751 1914 734 1928 717 1914 716 1914 714 1914 713 1914 711 1914 687 1926 672 1914 671 1914 669 1914 645 1914 644 1914 642 1914 641 1914 619 1929 552 1918 550 1918 549 1918 527 1930 475 1930 439 1928 426 1916 425 1916 423 1916 422 1916 372 1924 347 1916 346 1916 345 1916 343 1916 342 1916 326 1928 205 1922 204 1922 203 1922 186 1929 161 1916 159 1916 132 1916 131 1916 129 1916 128 1916 112 1926 113 1958"/></Shape>
	    <String CONTENT="du comte de Rets, qui eſtoit Capitaine du cha¬"
                    HPOS="112.0"
                    VPOS="1914.0"
                    WIDTH="1029.0"
                    HEIGHT="64.0"
                    WC="0.9909233165823895"></String>
          </TextLine>
          <TextLine ID="line_33"
                    TAGREFS="LT8"
                    BASELINE="115 2016 1136 2018" 
                    HPOS="113.0"
                    VPOS="1972.0"
                    WIDTH="1023.0"
                    HEIGHT="67.0">
            <Shape><Polygon POINTS="115 2016 113 2028 489 2037 491 2037 583 2031 598 2031 607 2031 665 2039 667 2039 1135 2033 1136 2018 1135 1987 1066 1987 1066 1986 1005 1974 1004 1974 1002 1974 956 1986 955 1986 897 1975 896 1975 894 1975 893 1975 879 1986 879 1987 809 1987 809 1986 780 1974 779 1974 730 1974 729 1974 728 1974 726 1974 711 1986 710 1987 672 1987 671 1986 656 1974 655 1974 653 1974 625 1972 623 1972 622 1972 591 1986 494 1986 476 1972 475 1972 473 1972 435 1972 434 1972 433 1972 431 1972 418 1985 391 1972 389 1972 362 1972 361 1972 360 1972 358 1972 346 1983 308 1972 307 1972 305 1972 304 1972 303 1972 282 1985 257 1972 255 1972 254 1972 253 1972 251 1972 235 1985 235 1986 184 1986 184 1985 131 1972 129 1972 128 1972 127 1972 115 1981 115 2016"/></Shape>
	    <String CONTENT="ſteau de Belle-iſle y fut fait priſõnier, &amp; ainſi pris,"
                    HPOS="113.0"
                    VPOS="1972.0"
                    WIDTH="1023.0"
                    HEIGHT="67.0"
                    WC="0.9771817794867924"></String>
          </TextLine>
        </TextBlock>
        <TextBlock HPOS="1099.0"
                   VPOS="80.0"
                   WIDTH="62.0"
                   HEIGHT="60.0"
                   ID="block_5"
                   TAGREFS="BT15">
          <Shape><Polygon POINTS="1161 80 1161 140 1099 140 1099 80"/></Shape>
          <TextLine ID="line_1"
                    TAGREFS="LT8"
                    BASELINE="1096 120 1146 124" 
                    HPOS="1094.0"
                    VPOS="102.0"
                    WIDTH="52.0"
                    HEIGHT="37.0">
            <Shape><Polygon POINTS="1096 120 1094 128 1143 139 1146 124 1146 106 1096 102 1096 120"/></Shape>
	    <String CONTENT="S1"
                    HPOS="1094.0"
                    VPOS="102.0"
                    WIDTH="52.0"
                    HEIGHT="37.0"
                    WC="0.9999925494194031"></String>
          </TextLine>
        </TextBlock>
        <TextBlock HPOS="942.0"
                   VPOS="2052.0"
                   WIDTH="48.0"
                   HEIGHT="48.0"
                   ID="eSc_textblock_6acd1234"
                   TAGREFS="BT17">
          <Shape><Polygon POINTS="990 2100 990 2052 942 2052 942 2100"/></Shape>
          <TextLine ID="eSc_line_b94108e1"
                    TAGREFS="LT8"
                    BASELINE="949 2078 979 2077" 
                    HPOS="946"
                    VPOS="2052"
                    WIDTH="32"
                    HEIGHT="35">
            <Shape><Polygon POINTS="966 2052 946 2052 948 2077 948 2087 978 2087 978 2074 972 2052 966 2052"/></Shape>
	    <String CONTENT="e"
                    HPOS="946"
                    VPOS="2052"
                    WIDTH="32"
                    HEIGHT="35"></String>
          </TextLine>
        </TextBlock>
        <TextBlock HPOS="524.0"
                   VPOS="2308.0"
                   WIDTH="313.0"
                   HEIGHT="91.0"
                   ID="eSc_textblock_3ee00f03"
                   TAGREFS="BT9">
          <Shape><Polygon POINTS="524 2308 524 2399 837 2399 837 2308"/></Shape>
        </TextBlock>
      </PrintSpace>
    </Page>
  </Layout>
</alto>
