1418 2439
1135 81 38 51 (

334 82 609 49 DIALOGVE II.

142 140 1027 67 pleureront & ſe lamenteront à cauſe d’elle, quand

142 203 1023 58 ils verront la fumee de ſon bruſlement: Lors dy¬

136 261 1028 60 ie, qu’il n’y aura plus nuls Chananeens en la mai¬

138 321 1025 61 ſon du Seigneur des armees. Et que tous ceux qui

139 376 1029 63 ſeront demeurez de reſte, de toutes les natiõs qui

136 434 1029 64 auront fait la guerre à l’Egliſe de Dieu, adorerõt

136 494 1023 64 le Roy le Seigneur des armees. Ainſi que la pre¬

139 551 637 62 dict Zacharie en ſa Prophetie.

139 611 1024 63 L’hiſt. Ie l’eſpere auſsi tout ainſi. Cependant no

136 670 1021 61 ſtre deuoir eſt, de marcher en tout prudemment,

136 731 1029 61 & d’attendre en toute patience ce temps là que le

138 785 556 64 Pere a mis en ſa puiſſance.

153 844 1008 66 Bien le pouuons nous prier qu’il abbrege ces

135 902 973 55 iours-là, & qu’il haſte la vocation de ſes eſleus.

135 963 1024 62 Le pol. Tu dis vray. Or le prions donc à genoux,

138 1021 1022 64 s’il te plaiſt de faire les prieres ie te ſuyuray de

139 1086 350 56 tout mon cœur.

135 1138 639 61 L'hi. Ie le veux bien. Prions,

192 1196 965 62 Seigneur Dieu Pere eternel & tout puiſſant,

139 1254 1025 64 Nous tes poures ſeruiteurs, ayans eſté tranſpor¬

136 1315 1025 64 tez par ta grace, du Royaume tenebreux, au Roy¬

136 1376 1024 58 aume de lumiere, & toſt apres employez par ton

136 1430 1023 64 Egliſe en des charges importantes à ton ſeruice?

140 1493 1021 57 Te rendons graces, nous te louons, nous te ma¬

136 1548 1031 64 gnifions Seigneur, pour les biens infinis (& qui, à

135 1612 1026 58 dire vray, nous ſont incomprehenſibles) que tu

135 1666 1026 56 nous diſtribues iournellement de ta liberà le & in

134 1724 1026 63 fatigable main, de ce que par ton bras fauorable

136 1789 1025 48 tu nous as conduits & ramenez nous ayant admi¬

135 1841 1026 62 niſtré les choſes neceſſaires à noſtre voyage, &

134 1902 1029 61 nous deliurãt des dangers auſquels nous ſommes

135 1962 1025 65 expoſez le plus ſouuent pour nos pechez. Nous

878 2028 110 45 a.iii.
