1460 2437
268.0 83.0 67.0 71.0 30

266.0 151.0 1036.0 68.0 choſe pleine de ialouſie que la ſouueraineté, qui

264.0 227.0 1037.0 49.0 ne ſe communique iamais à autruy, de ſorte que

268.0 274.0 1034.0 60.0 toutes les raiſons que la royned’Eſcoſſe pourroit

265.0 330.0 1036.0 62.0 alleguer en ceſt endroit font contre elle. Car fi

268.0 399.0 1029.0 54.0 pour eſtre ſouueraine elle pretẽd que nul ne peut

264.0 453.0 1037.0 61.0 ny doit attenter ſur ſa perſonne, par ce que ce

264.0 510.0 1037.0 58.0 ſeroit entreprendre ſur la perſonne & eſtat d’vn

261.0 569.0 1036.0 60.0 ſouuerain. Pourquoy eſt-ce qu’elle a entreprins

264.0 630.0 1036.0 56.0 & coniuré contre la perſonne de la royne d’An¬

264.0 686.0 1034.0 59.0 gleterre & ſon eſtat meſmes en ſon Royaume?

262.0 747.0 1032.0 59.0 Et tout ce qu’elle peut dire pour extoller la ſou¬

260.0 804.0 1037.0 58.0 ueraineté & exemption des Rois fait contre elle.

262.0 866.0 1039.0 60.0 Par ce que c’eſt la premiere qui l’a violee, par ain

258.0 923.0 1044.0 63.0 ſi ellene s’en peut plus ſeruir, non plus que celuy

260.0 982.0 1034.0 63.0 qui enfreint vn priuilege, ne s’en peut plus aider,

260.0 1041.0 1034.0 57.0 meſmes enuers celuy enuers lequel il l’a rompu,

262.0 1095.0 1035.0 65.0 Celuy qui n’eſtoit reſpecté par le Conſul comme

262.0 1157.0 1038.0 60.0 Senateur, diſoit qu’il ne le reſpecteroit auſsi com

261.0 1215.0 1036.0 60.0 me Cõſu l. Ie ne veux pas debatre ſi eile eſt pareil

258.0 1272.0 1036.0 56.0 le, ou ſubalterne à l’Anpleterre: ſi elle eſt encores

260.0 1333.0 1034.0 61.0 Royne ou priuee de ſon Royaume, cela eſt certaĩ

260.0 1393.0 1036.0 63.0 que les eſtats l’en ont peu deſmettre. Mais quãd

257.0 1452.0 1039.0 63.0 elle ſeroit plus aſſeuree royne ou monarque, quel

258.0 1510.0 1036.0 60.0 le n’eſt, puis qu’elle ne craint en la terre d’vn au¬

258.0 1569.0 1035.0 62.0 tre Roy faire des entreprinſes pour luy oſter la

260.0 1628.0 1030.0 60.0 vie & la Couronne, ne peut il pas iuſtementdire?

258.0 1686.0 1032.0 67.0 Pourquoy voulez vous que ie ieſpecte la ſouue¬

255.0 1749.0 1035.0 61.0 raineté que vous auez hors d’icy, que vous ne re¬

254.0 1806.0 867.0 63.0 ſpectez pas la miene en ma terre propre?

522.0 79.0 594.0 65.0 DIALOGVE II.

318.0 1861.0 972.0 61.0 S’il n’eſtoit permis à vn Roy de cognoiſtre de

255.0 1919.0 1035.0 63.0 tels faits ſur les eſtrangers Rois, le meſchãt ſeroit

255.0 1982.0 1034.0 62.0 de meilleure condition que l’innocẽt. Il ſeroit loi

1168.0 2032.0 117.0 73.0 ſible
