1448 2419
267.0 100.0 63.0 57.0 70

258.0 159.0 1028.0 68.0 en diſsipant les orgueilleux en la penſee de leur

255.0 228.0 1035.0 59.0 cœur. Il a mis bas les puiſſans de leurs ſieges, & æ

256.0 282.0 1025.0 64.0 eſleué les petits, il a rẽply de biens ceux qui auoy¬

258.0 341.0 1031.0 54.0 ent faim, & a enuoyé les riches vuides. Il a releué

259.0 397.0 1030.0 57.0 Iſrael ſon ſeruiteur, en ayant ſouuenance de ſa mi

260.0 459.0 1026.0 61.0 ſericorde. Tu cognoiſtras cecy plus clerement,

259.0 516.0 1031.0 65.0 l’amy, quand ie te reciteray ce qui s’eſt paſſé de¬

258.0 576.0 1030.0 54.0 dans, & deuant la Rochelle & Sancerre pendant

259.0 635.0 1029.0 62.0 que l’ennemy les tenoit aſsiegez, & que tu enten¬

259.0 693.0 1030.0 60.0 dras la deliurance miraculeuſe que le Seigneur a

258.0 751.0 1031.0 60.0 fait de ces deux villes & de nos freres qui eſtoyẽt

259.0 810.0 1027.0 60.0 dans Sancerre. Mais ie te prie pourſuy, & te deſ¬

264.0 869.0 1022.0 65.0 peche de peur que queleun ſuruenant, n’interrõ¬

267.0 928.0 434.0 59.0 pe nos ſaincts deuis.

514.0 92.0 581.0 61.0 DIALOGVE II.

258.0 983.0 1031.0 58.0 L'hi, I’en ſuis cõtẽt: i’auray fait en deux mots. Ain

259.0 1045.0 1029.0 61.0 ſi dõc, quãd ie vey ceſte petite armee qui auoit e¬

258.0 1103.0 1031.0 62.0 ſté dreſſee, cõme tu as peu cõprendre, auec tãt de

262.0 1161.0 1026.0 61.0 difficultez, que le Tyrã meſme auoit eſſayé de rõ¬

262.0 1221.0 1026.0 65.0 pre auparauãt, ayãt enuoyé à ceſt effet par diuers

260.0 1279.0 1030.0 55.0 iours ẽ Angleterre la Mauuiſsiere, Chaſteauneuf

263.0 1339.0 1027.0 59.0 de Bretagne, & Sainct Iean frere du cõte de Mont

266.0 1400.0 1020.0 60.0 gomery, pour le deſtourner, mais en vain: voyant

260.0 1456.0 1028.0 63.0 (dis-ie) ceſte partie la rõpue de tout poĩt, ſans eſpe

258.0 1514.0 1031.0 65.0 rãcè d’aucune reſſource, & quoy que ie m’eſſayaſ¬

259.0 1575.0 1027.0 60.0 ſe de la faire renouer, & de perſuader à la Royne,

259.0 1632.0 1033.0 59.0 d’enuoyer des forces au double, luy remõſtrant

259.0 1691.0 1031.0 61.0 qu’autãt valoit, cõme diſoit l’autre, bien batu, que

255.0 1749.0 1034.0 62.0 mal batu: & que touſiours l’Anglois auoit meil¬

259.0 1808.0 1034.0 54.0 leur marché du Traiſtre, l’allant cercher ſut ſes

258.0 1869.0 1035.0 58.0 terres auec l’aide des offenſez, que de l’attendre

254.0 1927.0 1039.0 52.0 ſur les ſienes apres la desfaite des bons. Qu’il e¬

252.0 1987.0 1040.0 63.0 ſtoit à crainére que l’Anglois, qui n’auoit bõne¬

1152.0 2049.0 134.0 48.0 ment
