1444 2440
275.0 70.0 77.0 62.0 82

277.0 145.0 1032.0 65.0 ſur ſes eſpaules, auquel il ait donné puiſſance &

276.0 204.0 1031.0 56.0 authorité abſolue de commander indifferemmẽt

277.0 267.0 1031.0 62.0 tout ce qu’il voudroit au peuple, qui l’auoit eſleu.

276.0 323.0 1031.0 56.0 Au contraire touſiours le peuple en ſe ſoumet¬

273.0 380.0 1034.0 63.0 tant au magiſtrat, la auſsi lié & comme attaché à

279.0 441.0 1028.0 61.0 certaines loix & conditions, leſquelles il ne luy eſt

280.0 500.0 765.0 63.0 permis d’enfreindre ny outre paſſer.

500.0 73.0 604.0 63.0 DIALOGVE II.

332.0 557.0 972.0 59.0 On voit encores auiourdhuy cela aux eſtabliſ¬

277.0 619.0 1027.0 52.0 ſemens & couronnemens des Rois: où l’on leur

275.0 676.0 1032.0 56.0 offre certaine forme de iurement, qu’ils preſtent

279.0 752.0 1022.0 45.0 deuant qu’eme chaons, s anicignans par iceiny

277.0 794.0 790.0 57.0 aux conditions qui leur ſont offertes.

334.0 851.0 974.0 62.0 Sous telles couditions le Magiſtrat regne, &

277.0 912.0 1028.0 59.0 ſous telles conditions luy doit le peuple obeir,

276.0 967.0 1028.0 59.0 n’eſtant en rien honeſte d’eſtendre le commande

275.0 1026.0 1032.0 63.0 ment ny l’obeiſſance hors ou par deſſus icelles

279.0 1091.0 1025.0 59.0 conditions, que nous pouuons appeller, vltro ci¬

279.0 1150.0 882.0 63.0 toque & reciproquement obligatoires.

338.0 1206.0 967.0 60.0 Nous auons vn ancien eremple de ceçy aſſez à

277.0 1262.0 1030.0 66.0 propros au regne d’Iſtael. Dieu eſlit Dauid &

276.0 1321.0 1028.0 67.0 ſa poſterité pour regir & gouuerner les Iſraeli¬

276.0 1379.0 1026.0 61.0 tes. Ils ſe ſoumettent à ſon Empire, ſous certai¬

277.0 1440.0 1028.0 61.0 nes conditions & formule de iurement, que l’on

279.0 1493.0 1026.0 68.0 peut recueillir des paſſages de l’Eſcriture, où l'hi

275.0 1556.0 1033.0 62.0 ſtoire du regne du roy Ioas eſt traitee: Là il eſt

275.0 1614.0 1034.0 60.0 dit que Ioiada ſacrificuteur ſtipulant, l’alliance,

275.0 1676.0 1033.0 61.0 fut faite comme de nouueau entre Dieu, le Roy.

280.0 1730.0 258.0 69.0 & le peuple.

286.0 1790.0 1025.0 65.0 Dieu teſmoignoit par la bouche du Sacrifica¬

276.0 1853.0 1033.0 65.0 teur, qu’il recognoiſſoit ce peuplelà pour ſon peu

279.0 1912.0 1030.0 64.0 ple: & le peuple de ſa part reclamoit Dieu pour

278.0 1964.0 220.0 77.0 ſon Dien.

1167.0 2030.0 140.0 53.0 Item
