1413 2424
125.0 133.0 1003.0 64.0 lamiſerable eſtat quo noa Pateiptos & tous nos

126.0 195.0 1004.0 66.0 voiſins nous aneſcognoilloyene ea plain iour:u

126.0 255.0 1001.0 62.0 que nuldl cuin ners uſoit entrsmettre d’en dite

126.0 309.0 1000.0 70.0 vn ſeul petit mot, ou s’il le faiſoit à l’aduenture,

122.0 371.0 1009.0 66.0 r’eſtoit par maniere d’acquit, Man ie te prie cun

125.0 430.0 1009.0 68.0 te moy un peu ce qui sieſt apres enſuyui de la

125.0 484.0 501.0 71.0 pourtuite des Polonois.

307.0 76.0 603.0 54.0 DIAMOMMARA

185.0 547.0 944.0 67.0 Le paldɇ te diray ce que i'enſcay. Apres que

122.0 604.0 1012.0 67.0 la compoſition de nos fretes de bancerre fut ſi¬

126.0 665.0 1005.0 64.0 gnee par le tyran, ſa mere ht sptendre aux Polo¬

121.0 733.0 1011.0 56.0 nois que les Sancesrois eſtoyant contens & qu’un

119.0 782.0 1011.0 62.0 auoyẽt ce qu’ils anoyent demãdé. Et au reſte que

122.0 840.0 1010.0 62.0 quand les Polonols en ſeroyẽt d’aduis elle ſeroit

119.0 898.0 1015.0 64.0 bien aiſe de, voir leur chargt, touchant les afſai¬

119.0 958.0 806.0 62.0 res de Pologne parfaite & accomplie.

177.0 1020.0 952.0 56.0 Les Polonois bien aiſes penſans que nos fre¬

117.0 1074.0 1014.0 62.0 res de Sant erre euſſent eſte bien traitez, mou¬

114.0 1133.0 1017.0 65.0 ſtrerent d’auoir enuie de deſpecher le ſurplu¬

114.0 1190.0 1014.0 66.0 de leurs aſſaires; Mais deuant que d’eatrer plu¬

114.0 1252.0 1028.0 59.0 auant ayant examinè & conſeré I'ędit du tyrap.

115.0 1308.0 1017.0 64.0 auec les articles que l’Eueſque? &. Lanſac leur

113.0 1373.0 1022.0 59.0 auoyeno iura & promis, & aroiint que l'o,

111.0 1422.0 1021.0 70.0 dit eſtoit bica furt eſloigné deſdits articles: en,

111.0 1485.0 1024.0 65.0 ce priacipalalem qu’ila, pranettent vne idilil,

113.0 1543.0 1022.0 66.0 penli ihquiſjuciu, &, ſeueraluriion des maſſa,

110.0 1599.0 1026.0 70.0 creurs, deſquela te hel edir deſend de, parler ſęu,

110.0 1663.0 1025.0 62.0 lemont, Rl ex renouuell arla memoire:ils ſe re¬

110.0 1722.0 1025.0 65.0 ſoluram diencumrir propaimu tyranEt de ſaide

110.0 1780.0 1024.0 63.0 I allaus aillí, prountr, ils dun brent vne roide &,

107.0 1838.0 1025.0 66.0 ferme iaſtante ſur laxccuuon, deſdits articles,

110.0 1897.0 1016.0 66.0 que ſes ambaſſadeurs leur auoyẽt promis en ſon

105.0 1963.0 117.0 54.0 ixam

1047.0 92.0 80.0 46.0 55
