1452 2420
246.0 75.0 59.0 54.0 10

451.0 75.0 617.0 52.0 DIALOGVE TI.

242.0 142.0 1029.0 62.0 quel remede quand les principaux d’entre les gẽs

239.0 211.0 1036.0 55.0 d’Eglile qu'on appeſle, qui deuſſent porter le mam

243.0 262.0 1030.0 51.0 beau deuant les autres, ſe contentans d’auoir re¬

242.0 317.0 1031.0 59.0 ceu la doctrine, n’ont cure de reformatiõ. Et quel

244.0 377.0 1031.0 59.0 que bon exemple que leurs voiſins Eſcoſſois &

243.0 436.0 1031.0 58.0 autres peuples qui l’ont receuë, leur en ſachent

243.0 494.0 1028.0 53.0 dõner,n’ont pas honte de ſe monſtrer ennemis ou

243.0 548.0 1024.0 65.0 uerts de toute diſcipline, cependant la feinte ſim¬

246.0 609.0 1029.0 63.0 plicité du ſurpelis plié menu comme celuy d’vn

246.0 665.0 1028.0 65.0 preſtre, la ſotte & ſuperflue clarté des chandeles

247.0 728.0 1020.0 62.0 en plein midy, le ſon ſans iutelligence des Orgues,

247.0 787.0 1024.0 65.0 La gaye muſique gringotee ne manque point de¬

247.0 847.0 1034.0 51.0 dans leurs temples, en leurs ſeruices ordinaires.

247.0 900.0 1038.0 57.0 Là deſſus Monſieur l’Archeueſque, Monſieur le

247.0 957.0 1028.0 63.0 Primat, Mõſieur l’Eueſque, &autres tels officiers

247.0 1020.0 1034.0 66.0 accompagnez de pages, laquets, eſtaffiers, & au¬

247.0 1079.0 1032.0 62.0 tres falots, iuſques à 2030 4o 1oo, & tel y en a iuf

250.0 1141.0 431.0 50.0 ques à 200 cheuaux.

250.0 1193.0 1033.0 68.0 Le pol. O Seigneur, iuſques à quand y aura-il de

250.0 1251.0 1027.0 63.0 tels Maiſtre d’hoſtels en ta maiſon! Quels vigne¬

247.0 1313.0 1027.0 63.0 rons, quels moiſſonneurs! ils ont prins l’Euangi¬

251.0 1371.0 975.0 54.0 le en vain les paillards, & s’en ſont fait riches.

251.0 1427.0 1024.0 66.0 L'hi.Bellement ie te ſupplie, tu es trop prodigue

251.0 1489.0 1028.0 54.0 cenſeur, ils ne ſont pas tous ainſi. Dieu mercy, &

255.0 1550.0 944.0 61.0 pour le moins la doctrine eſt pure parmi eux.

254.0 1599.0 1027.0 69.0 Le pol. Voire dea! Mais où ſont les fruicts de la vi

256.0 1663.0 1026.0 65.0 gne du grand Seigneur? Ne ſont-ce pluſtoſt des

255.0 1722.0 1020.0 62.0 lambruſches que bons raiſins? Et ne craignent¬

255.0 1781.0 1024.0 63.0 ils pas, ie parle à ceux que le Seigneur a eſtablis

256.0 1840.0 1025.0 65.0 guettes ſurIſrael, que le Seigneur leur redemande

255.0 1898.0 1028.0 66.0 les brebis qui periſſent par leur faute: Voire &les

256.0 1958.0 1025.0 66.0 vns & les autres ne craignẽt-il pas que le Seigneur

1185.0 2011.0 97.0 62.0 oſte
