1424 2420
122.0 143.0 1047.0 58.0 ment oſé faire ſemblãt de s’en meſler, en fuſt à la.

125.0 208.0 1040.0 60.0 fin recerché à plein ſonds: & que ce n’eſtoit pas

125.0 263.0 1038.0 63.0 oſter la guerre de deſſus ſes bras, ains ſeulement

125.0 325.0 1038.0 60.0 la differer. Voyant que tout cela ny ſeruoit de riẽ

126.0 381.0 1046.0 66.0 qu’à les faſcher, qu’à troubler le repos de ceux qui

129.0 443.0 1040.0 57.0 aiment mieux ouyr vn diſeur de bonnes nouuel¬

126.0 501.0 1039.0 63.0 les, qu’vn Michee, qui leur annonce leur ruine, a¬

131.0 560.0 1038.0 63.0 fin qu’ils auiſent à eux. Apres que i’eu recom¬

130.0 622.0 1041.0 58.0 mãdé au Seigneur auec nosfreres refugiez, nos fre.

130.0 677.0 1034.0 63.0 res aſsiegez: ie partis de ceſte Iſle-la pour m’en

131.0 739.0 862.0 59.0 venir par deuers les Seigneura des ligues.

305.0 90.0 599.0 47.0 DIALOGVE II.

177.0 791.0 980.0 66.0 Là eſtant apres auoir fait entendre bien au lõg

131.0 855.0 1037.0 61.0 à quelques Seigneurs principaux nos affaires, &

135.0 912.0 1033.0 64.0 par conſequent, ce me ſembloit, les leurs, ie pen¬

131.0 968.0 1034.0 67.0 ſois pour la conformité de la Religion, qui eſt en

134.0 1056.0 1038.0 35.0 dle quuen daprue pauaue Gumcons ce dada; pe¬

135.0 1084.0 1030.0 68.0 pour la neceſsité de leur eſtat, qui à bon droict

139.0 1146.0 1028.0 64.0 peut craindre l’entrepriſe d’vn Prince tyran &

137.0 1203.0 1026.0 67.0 perfide, ennemy de toute liberté ciuile & ſpiri¬

135.0 1265.0 1033.0 59.0 tuelle: & pour le deuoir auſsi que les Seigneurs

135.0 1322.0 1029.0 61.0 des ligues ont à conſeruer & maintenir les Frau¬

137.0 1380.0 1035.0 66.0 çois, comme leurs alliez & conſederez: ie penſois

137.0 1443.0 1031.0 60.0 dis-ie, bien proſiter de tant enuers eux tous que

138.0 1499.0 1026.0 63.0 d’en arracher quelque braue & puiſſant ſecours

141.0 1560.0 638.0 61.0 contre l’oppreſsion du Tyran.

1108.0 106.0 48.0 37.0 74

173.0 1614.0 988.0 63.0 Mais ie trouuay tout au rebours, que deſia les

145.0 1673.0 1024.0 64.0 Cantons Carholiques auoyent enuoyé au grand

143.0 1732.0 1036.0 62.0 Boucher ſix mille de leurs poures hommes, pour.

143.0 1789.0 1026.0 66.0 luy aider à eſgorger & maſſacrer le reſte des bre¬

146.0 1849.0 334.0 62.0 bis Françoiſes.

143.0 1911.0 1033.0 63.0 Le pol. Qui iamais euſt creu que ces gens euſ¬

145.0 1968.0 1026.0 66.0 ſent fait vne ſi grande faute de fauoriſer le parcy

900.0 2023.0 39.0 25.0 ...

848.0 2036.0 125.0 45.0 e.iiii.
