1415 2435
123 156 275 56 né à la mort.

171 215 974 55 Ainſi auſsi Abdias, qui non ſeulement ne tua

120 284 1025 52 point, ains nourrit & ſuſtenta les Prophetes du

120 335 1025 61 Seigneur. Pareillemẽt les Apoſtres, qui tant s’en

119 392 1022 61 ſaut qu’ils ſe teuſſent, qu’au contraire ils annon¬

119 451 1029 64 cerent plus librement la parole du Seigneur. Auſ

119 509 1022 60 ſi eſtoit ce leur vocation particuliere, à laquelle

119 569 1025 62 ils ne pouuoyent autrement ſatisfaire qu’en ce fai

117 627 115 54 ſant.

308.0 97.0 582.0 47.0 DIALOGVE II.

167 684 975 61 Et partant auiourdhuy és terres des Princes

117 742 1024 64 prophanes, ſuperſtitieux & tyrans, deſquels le nõ

117 800 1024 65 bre n’eſt que trop grand, qui deffendẽt d’annõcer

116 859 1026 56 la Parole de Dieu, & commandent d’aſsiſter aux

115 923 1027 53 ſeruires des faux dieux cõtrouuez dans le cerueau

115 978 1025 60 des hommes: s’il s’y trouue quelque Chreſtien,

115 1040 1025 59 (comme Dieu mercy il y en a bon nombre) nous

116 1097 1021 59 ne dirons pas qu’il ſe ſoit acquitté de ſon deuoit,

117 1155 1021 61 quand ſeulement il ſe ſera abſtenu de communi¬

117 1213 1024 55 quer aux faux ſeruices, ſi quand & quand il ne fait

117 1272 1021 61 tout ce qu’il luy ſera poſsible pour ſe trouuer és

113 1328 1024 64 aſſemblees Chreſtienes, ouyr la parole de Dieu,

115 1390 1022 58 & communiquer aux prieres & ſacremens de l’E¬

116 1443 378 66 gliſe Chreſtiene.

1088 95 44 57 79

158 1504 983 63 Le roy Ozias ayant voulu vſurper l’office de

119 1563 1021 63 Sacrificateur, fut dechaſſé hors du Temple par

117 1627 1024 53 Azarias, & octante autres Sacrificateurs ſes com

119 1681 1018 66 pagnons: deſquels le fait fut approuué de Dieu,

115 1742 1026 58 & celuy d’Ozias condamné: de ſorte qu’il en fut

120 1800 1020 65 frappé de lepre de la main du Seigneur, & con¬

119 1860 1019 58 traint de finir ſa vie tout lepreux, & miſerable, en

121 1919 673 64 vne maiſon ſequeſtree & à part¬
