1422 2437
134.0 138.0 1027.0 62.0 de viure longuement: tout bon fidele le doit ſou¬

144.0 199.0 1015.0 67.0 haiter : mais c’eſtoit le prouerbe des enfans d’Iſ¬

135.0 262.0 1025.0 60.0 rael,duquel le Prophete erie tant, vous auez dit,

134.0 318.0 1029.0 66.0 la prophetie eſt prolõgee, ou ſera d’icy à pluſieurs

132.0 379.0 1029.0 66.0 iours, & apres long temps? Non, dit le Seigneur:

131.0 437.0 1032.0 63.0 I'auanceray le iour, & ma Prophetie ſera auan¬

131.0 499.0 1032.0 62.0 cee, non pas prolongee. Dieu, vueille diuertir ce

130.0 556.0 1030.0 57.0 malheur,comme il monſtre bien le vouloir : veu

130.0 614.0 1030.0 62.0 qu’il en donne les moyens ſi iuſtes,honeſtes, vti¬

127.0 671.0 990.0 60.0 les, profitables, neceſſaires, aiſez, & faiſables.

128.0 737.0 169.0 50.0 Amen.

302 60 591 68 DIALOGVEII.

195.0 789.0 962.0 66.0 Voila l’amy en ſomme, ce que ie penſe qu’on

127.0 847.0 1032.0 64.0 peut dire ſur ce faict, pour l’eſclarcir, & pout re¬

123.0 905.0 1036.0 63.0 ſoudre, & deſueloper les nœuds de toute la ma¬

123.0 965.0 1034.0 59.0 tiere. C'eſt à toy maintenant, ſi tu le trouues bon

123.0 1026.0 1032.0 57.0 d’en aduertir les grands de ta cognoiſſance: aſin

123.0 1084.0 1034.0 58.0 que rien ne les empeſche, de demander iuſtice à

121.0 1145.0 1031.0 64.0 haute voix, & crier tant, que les plus ſourds l’en¬

127.0 1204.0 196.0 53.0 tendent.

1106.0 86.0 47.0 57.0 49

120.0 1259.0 1032.0 62.0 L'hi. Ie ſuis tant ſatisfaict en ton diſcours graue¬

119.0 1318.0 1036.0 65.0 & prudent: Ie l’ay tellement imprimé au liure de

120.0 1380.0 1035.0 61.0 ma memoire: i’ay ſi bonne enuie qu’il ſoit veu, &

119.0 1439.0 1036.0 61.0 entendu, de tous les zelateurs du bien public de

120.0 1497.0 1035.0 64.0 l'Egliſe de Dieu, & ay de ſi bons moyens, Dieu

117.0 1559.0 1036.0 60.0 mercy, pour les en aduertir, que ie ne voudrois

121.0 1616.0 1031.0 62.0 pour rien, que nous euſsions employé ceſte heu¬

117.0 1674.0 1034.0 64.0 re, à autre deuis quel qu’il ſoit. Ma intenant, ie te

117.0 1734.0 1031.0 63.0 diray plus gayement comme il me ſemble, tout le

116.0 1796.0 509.0 60.0 ſuccez de mes voyages.

119.0 1850.0 1028.0 64.0 Le pol. Ie t’en prie beau ſire, mais que ce ſoit ſans

117.0 1911.0 1027.0 62.0 digreſsion, le temps me dure, que ie ne ſache cõ¬

120.0 1969.0 945.0 65.0 me c’eſt que Dieu a beny tea ſaincts labeurs.

924.0 2020.0 40.0 67.0 d
