1420 2445
161.0 142.0 984.0 60.0 Ie leur ay fait entẽdre, autant comme i’ay peu,

125.0 230.0 1025.0 26.0 leſ farplas ds la per due de Charles de ya

123.0 259.0 1023.0 61.0 lois, & des ſiens, leurs deſſeins, leurs entrepriſes,

122.0 313.0 1031.0 68.0 la calamité de l’Egliſe Françoiſe, le beſoin qu’el¬

122.0 376.0 1030.0 57.0 le a d’aide, le deuoir qu’ils ont de la ſecourir en ſa

125.0 433.0 1031.0 65.0 neceſsité, comme membres de l’Egliſe Catholi¬

122.0 501.0 1035.0 59.0 que, que nous croyons tous n’ayant qu’vn ſeul

125.0 551.0 1031.0 58.0 chef Ieſus Chriſt: ie leur ay remonſtré le bien

123.0 613.0 1040.0 62.0 qu’il leur en reuiendra, s’ils le font, & le mal ne le¬

120.0 669.0 1041.0 67.0 ſaiſant pas: ie leur ay dit là deſfus, ce que Daniel

120.0 732.0 1039.0 65.0 en auoit prononcé en l’arreſt que tu ſcay, i’ay ac¬

125.0 789.0 1036.0 64.0 compagné mon dire d’authoritez de l’Eſcrirure,

122.0 848.0 1039.0 60.0 des ſaincts Docteurs, d’exemples anciens, & mo¬

125.0 906.0 1036.0 65.0 dernes, de la raiſon diuine, & humainetie l’ay mel

126.0 964.0 1034.0 65.0 mes entrelardé de quelques fahles ſeruãs à ce pro

129.0 1026.0 1031.0 63.0 pos:entre autres,ie leur ay recité bien à point (cõ¬

125.0 1083.0 1032.0 64.0 me ils me l’ont par apres conſeſſé) la fable que tu

125.0 1143.0 629.0 61.0 ſcay du bon homme Mercier.

298 80 602 53 DIALOGVE TI.

1095.0 67.0 53.0 81.0 n

127.0 1198.0 1037.0 67.0 Le pél.Ie ne ſcay quelle fable tu veux dire, ie l’or¬

126.0 1259.0 1041.0 65.0 rois volõtiers dire, s’il te plaiſt en prẽdre la peine,

126.0 1318.0 1039.0 60.0 L'hi. Ie penſois que tu la ſceuſſes mieux que moye

127.0 1377.0 1042.0 64.0 elle eſt aſſez vulgaire, mais fort conuenable à no¬¬

129.0 1435.0 1043.0 64.0 ſtre fait. Eſcoute. Il y auoit, vne fois vn bon:

131.0 1496.0 1033.0 63.0 homme de Mercier, trafiquant, & ſrequentant

131.0 1553.0 1037.0 66.0 les foires, monté d’vn bon & beau courtaut, qui

131.0 1630.0 1033.0 48.0 menoit apres ſoy vn aſne, chargé des balles de ſa

138.0 1673.0 1022.0 62.0 marchandiſe: Auint vn iour, ou pource que l’aſ¬

131.0 1730.0 1032.0 68.0 ne eſtoit trop dru, frais, & gaillard, qu’il s’eſga¬

133.0 1793.0 1035.0 61.0 roit à trauers chãps, ne ſe ſouuenãt plus des coups

134.0 1851.0 1031.0 61.0 de baſtõ qu’il en auoit receu au parauãt, ou pour

137.0 1911.0 1034.0 61.0 quelque autre occaſiõ ſecrete, qu'auoit le maiſtre

137.0 1965.0 1027.0 71.0 d’ainſi faire:il auint dis-ie, qu’il s’aui ſa de charger

910.0 2021.0 106.0 64.0 d.ii.
