1440 2433
275.0 81.0 69.0 71.0 15

277.0 152.0 1012.0 57.0 entendre comment ce peut eſtte que les Po¬

274.0 206.0 1015.0 67.0 lonois ayent ſeruy à faire deliurer les San¬

279.0 273.0 183.0 49.0 verrois.

320.0 324.0 968.0 63.0 Li pol.Ie te diray comment. Les Polonois a¬

277.0 382.0 1012.0 64.0 pres la moit de leur Roy Sigiſinond dernier de¬

277.0 440.0 1012.0 65.0 cedé ſolliritez par l’Eueſque de Valence, & le

273.0 498.0 1015.0 65.0 ueune Lanſat, leſquels comme tu ſcay, leur fu¬

273.0 558.0 1012.0 62.0 irent enuoyez en-ambaſſade, d’elire à leur Roy¬

274.0 617.0 1018.0 68.0 aume vaquant, le Duc d’Anioir apres quelques

273.0 677.0 1016.0 63.0 remiſee, ne firent que bien peu, ou point de diſ¬

273.0 733.0 1015.0 63.0 ſieulté d’en faire election pour des conſidera¬

278.0 796.0 1010.0 54.0 cions partieulieres, reuenans,comme il leut ſem¬

274.0 850.0 579.0 58.0 bloit. au bien de leur eſtat.

523.0 77.0 582.0 62.0 DIALOGVE'II.

338.0 911.0 951.0 62.0 Mais ayans toſt apres entendu les nouuelles

269.0 966.0 1020.0 65.0 des trahiſons de ceux de Valoys & des maſſa¬

273.0 1028.0 1015.0 62.0 cres qu’ils auoyent fait faire en la France ſur les

275.0 1086.0 1013.0 56.0 fideles, indignez extremement contre ceſte mai¬

273.0 1142.0 1018.0 60.0 ſon, ils ſurent bien fort marris, d’auoir fait vn ſi

270.0 1230.0 1021.0 29.0 aaicicnaut eioias ce icuuenc pou ilel (uld a

273.0 1262.0 1018.0 61.0 uoir eleu d’vne ſi trayſtreſſe race; homme qui

271.0 1319.0 1016.0 65.0 leur deuſt commander, craignant qu’il ne leur

274.0 1381.0 1014.0 53.0 miſt vn iour leur Patrie en pareille combuſtion

273.0 1436.0 1014.0 64.0 que la France. Tellement que volontiets ſe fuſ¬

267.0 1496.0 1017.0 65.0 dent departis de ceſte election, pour preceder à

271.0 1551.0 1014.0 69.0 Election nouuelle, n'euſt eſté quc deſia, ils auos

271.0 1617.0 1012.0 60.0 yent irrité tous les autpes competiteurs, qui pre¬

270.0 1674.0 1014.0 62.0 tendyent de paruenir au Royaume de Pologne,

273.0 1730.0 1016.0 67.0 en ce principalemẽt qu'ils les auoyent poſtpoſez

269.0 1790.0 1016.0 61.0 au Duc d’Aniou! Contrains donques & forcez

274.0 1849.0 1010.0 63.0 de s’y tenir, d’autant meſme que le Turc allié de

270.0 1905.0 1013.0 64.0 ſa maiſon de Valoys les en ſollit itoit auec des

271.0 1964.0 883.0 75.0 conditions auantageuſte pour la Pologne:

1147.0 2024.0 134.0 64.0 Ceux
