1394 2438
131.0 157.0 1039.0 67.0 des autres Huguenots quelque part qu'ils ſe re¬

128.0 226.0 1030.0 50.0 tiraſſent. Quant à la couuerture du ſait,lors qu’il

130.0 280.0 1026.0 59.0 ſeroit executé, qu'on trouueroit aſtez de pretexte,

128.0 334.0 1031.0 69.0 qu’il n’y auoit pas faute de quelque groſſe conſpi

125.0 398.0 1031.0 58.0 ratiõ, dont on les prouueroit autheurs, pour lent

125.0 453.0 553.0 54.0 ietter le chat aux iambes.

291 100 609 44 DIALOOVE, II.

176.0 507.0 978.0 65.0 Apres que Birague ſe fut reſolu de la ſorte, hiy

123.0 570.0 1033.0 62.0 ſemblant qu’on ne pouuoit mieux, il fit entenidre

120.0 629.0 1034.0 61.0 'au tyran & à ſa mere tout ce qu’il en auoit tracé.

123.0 694.0 1032.0 49.0 Eux conſiderans que l’affaire ſeroit aſſez bien ei

124.0 749.0 1034.0 55.0 duit, s’on le demenoit de la ſorte, apres auoir fait

124.0 805.0 1031.0 65.0 à Birague quelques difficultez ſur la forme, & ſur

121.0 865.0 1033.0 54.0 la matiere: & le moyen de l’exploicter, ſe reſolu¬

123.0 923.0 1032.0 56.0 rent à la fin de ſuyure ce chemin là & ces briſees

123.0 983.0 1029.0 62.0 par l’auis meſme du comte de Rets, à qui ils le cõ

120.0 1044.0 1036.0 61.0 muniquerent, qui s’y accorda de tout point. v mi

117.0 1103.0 1035.0 61.0 rent le mariage ſur les rengs, & firent tout ce, que

120.0 1164.0 812.0 56.0 tu ſcay, pour tirer les noſtres en cour.

1112.0 117.0 31.0 42.0 7.

177.0 1220.0 977.0 59.0 Quelques iours apres ceſte ceſolution le tyran

116.0 1277.0 1038.0 55.0 la voulant faire entendre à ſon ſtere le duc d’An¬

113.0 1334.0 1035.0 55.0 iou, le fit coucher auec luy, comme il a de cõnſtu¬

112.0 1396.0 1039.0 61.0 me, quand il le veut entretenir de quelque choſe

113.0 1454.0 1038.0 64.0 d’importance. Et luy ayant communiqué tout, le

109.0 1512.0 1038.0 63.0 fit iurer & promettre de n’en iamais rien reueler,

112.0 1569.0 1038.0 75.0 d’auoir ſeulement bon courage, qu’il s’aſſeuroit

113.0 1657.0 388.0 26.0 e en yoi le boute

158.0 1688.0 989.0 61.0 Le duc d’Aniou trouuant ceſte entreprinſe biẽ

109.0 1744.0 1037.0 69.0 diffic ile à digerer,ſe diſpenſa de la communiquer

116.0 1806.0 1028.0 69.0 à Lignerolles ſous vn grand & proſond ſilẽce, que

117.0 1867.0 442.0 65.0 Lignerolles luy iura.

177.0 1924.0 966.0 69.0 Afin que Lignerolles qui eſtoit ſon plus grand

119.0 1986.0 1017.0 68.0 mignõ, ſelon le iugemẽt &diſcours qu’il en pour¬
