1449 2440
151.0 151.0 1040.0 56.0 Angleterre: chacũ ſcait cõme elle y eſt venue à re

149.0 222.0 1049.0 51.0 ſuge apres la deſroute d’vne bataille, cõme elle y.

147.0 269.0 1044.0 63.0 a eſté receue à refuge & ſeure té de ſa vie: à ceſte

150.0 329.0 1045.0 61.0 heure la faire mourir, on dira que c’eſt l’acte le

153.0 389.0 1046.0 63.0 plus indigne d’vn Prince qui ait eſté fait iamais à.

150.0 452.0 1048.0 56.0 autre Prince. Les plus barbares Princes ont eu ce

147.0 506.0 1045.0 55.0 ſte humanité de receuoir, les rois deiectez de leurs

150.0 566.0 1039.0 53.0 thrones, & les maintenir en toute ſeureté, les trai¬

150.0 626.0 1041.0 59.0 ter auec honneur & dignité: & ont penſé que c’e¬

151.0 691.0 1041.0 57.0 ſtoit leur propre grandeur de ſecourir, ou pour le

150.0 744.0 1038.0 58.0 moins retirer les rois expoliez de leurs eſtats, ſoit

154.0 802.0 1042.0 62.0 par leurs ſuiets ou par autres Princes. Et n’y a eu

150.0 859.0 1041.0 62.0 iamais difterence de religiõ, inimitié paſſee, ny au

151.0 920.0 1040.0 58.0 tre occaſion qui ait empeſché ce reſpect deu à la

153.0 978.0 1043.0 56.0 maieſté des Hois & Princes ſouuerains, & à ceux

151.0 1035.0 1034.0 63.0 qui leur appartienẽt. On lit de Chilperic 4. roy

151.0 1091.0 1029.0 66.0 de Frãce, que les François chaſſerent de ſon roy¬

150.0 1153.0 1041.0 64.0 aume qu’il fut receu à refuge par le roy de Lorrai

149.0 1210.0 1046.0 65.0 ne Loys. Alphõſe roy de Portugal chaſſé par ſõ

151.0 1272.0 1038.0 59.0 frere Sancho roy de Caſtille fut receu par le roy

151.0 1325.0 1045.0 65.0 de Grenade Tilleda, biẽ qu’il fut Sarrazin: & quoy

160.0 1385.0 1032.0 66.0 qu’il luy fuſt predit, qu’il ruineroit ſa poſterité:

154.0 1508.0 1038.0 57.0 ſon frere en ſon royaume. Les rois Loys II. &

154.0 1562.0 1035.0 55.0 Charles 8. receurẽt Tizim ou Gemes Turc deieté

153.0 1623.0 1038.0 61.0 de l’Empire par Baiazet ſon frere, voire meſmes

154.0 1682.0 1038.0 62.0 le pape Innocẽt le receut Il eſt vray qu’Alexãdre

154.0 1739.0 1039.0 61.0 o.ſõ ſucceſſeur luy fit en fin vn trait de Pape. The

154.0 1798.0 1034.0 59.0 miſtocles fut receu par le roy des Perſes, & quoy

158.0 1859.0 1035.0 57.0 que ſa ſœur luy demãdaſt punitiõ, de ce qu’il luy

156.0 1918.0 1039.0 52.0 auoit tué ſes eufans à Salamine, iamais ne voulut

158.0 1972.0 1033.0 70.0 violer l’Azyle & refuge, qui eſt és maiſõs des Rois

162.0 2034.0 637.0 68.0 pour tous les Princes affligez.

352.0 94.0 611.0 49.0 DIAEOGVE II.

1138.0 115.0 53.0 42.0 147

1025.0 2029.0 40.0 28.0 ..

963.0 2041.0 125.0 50.0 b.iihi.
