1420 2428
143.0 141.0 1034.0 64.0 nel, & faiſoyent aller en fumee tout iugement &

143.0 202.0 1034.0 61.0 condemnation. Dont il aduenoit que le conda¬

144.0 258.0 1033.0 67.0 mné au lieu de s’amender alloit multipliant ſes

141.0 318.0 1034.0 65.0 ſautes, cuidant que tout luy ſuſt permis ſous cou¬

141.0 374.0 1033.0 72.0 leur qu’on le penſoit eſtre braue, gaillard & bien

140.0 435.0 308.0 57.0 adroit ſoldat.

306.0 79.0 615.0 50.0 D.PALOGVE TI.

139.0 492.0 1031.0 61.0 L'hi Cela eſt bien ſort dangereux: il n’y a celur

140.0 554.0 1041.0 61.0 qui ne condamne le fait des Romains en ſembla¬

139.0 615.0 1033.0 62.0 ble cas, quand pour les merites d’Horace, qui par

136.0 671.0 1038.0 56.0 ſa vaillance auoit vaincu les Curiaces, & rendu

140.0 729.0 1028.0 65.0 par ce moyen là Rome maiſtre ſſe des Albains,

134.0 789.0 1037.0 56.0 ils luy remirent la fratricide qu’il auoit commis

137.0 849.0 1034.0 60.0 enuers ſa ſœur, laquelle il meurtrit au retour de

136.0 907.0 1032.0 64.0 ſa victoire, pourle regret qu’elle portoit d’y auoir

137.0 965.0 1035.0 62.0 perdu ſon mary. Au lieu qu’Horace deuoit eſtre

136.0 1025.0 1036.0 62.0 chaſtié par ſupplice de mort, cõme il le meritoit

136.0 1084.0 236.0 51.0 tresbien..

1086.0 89.0 81.0 47.0 125

187.0 1142.0 983.0 63.0 Il vaut beaucoup mieux pratiquer ce que les

133.0 1204.0 1035.0 58.0 Romains plus auiſez ſirent par apres enuers leurs

130.0 1258.0 1040.0 62.0 citoyens & ſoldats en remunerant les bienfaits &

133.0 1316.0 1037.0 65.0 bons ſeruices de quelque honneſte petit guerdon

130.0 1374.0 1038.0 66.0 ſelon la portee de la republique & diſpenſation

130.0 1435.0 1037.0 59.0 du temps: & en chaſtiant rudement, les vices &

130.0 1493.0 1034.0 55.0 les laſchetez, cõme ils firent enuers Manlius Ca¬

132.0 1549.0 1024.0 69.0 pitolinus. Auquel pour auoir ſauué le Capitole,

129.0 1610.0 1038.0 63.0 comme ie te diſois n’agueres, ils donnerent vne

133.0 1669.0 1030.0 62.0 petite meſure de farine (pre ſent aſſez conuenable

132.0 1730.0 1022.0 62.0 pour ce temps-là) en recognoiſſance de ſa vertu,

128.0 1787.0 1035.0 59.0 & ne laiſſerent pas pourtant de le condamner &

128.0 1843.0 1034.0 62.0 ietter apres du haut en bas du meſme Capitole

128.0 1899.0 1031.0 71.0 qu’il auoit peu deuant gardé, à cauſe de la ſeditiõ

130.0 1958.0 1025.0 73.0 qu’il auoit cuidé faire naiſtre dedant Rome par
