1420 2429
141.0 148.0 1003.0 71.0 Ahtrement ile tu nuyoyent point que l’alliance

136.0 225.0 1009.0 48.0 quec le Fraçois peait ſesun aux Polonois pennat

140.0 267.0 1005.0 67.0 que la France ſeroit en vn tel galhuge & en vn ſi

136.0 326.0 1012.0 69.0 plais meſnage,Surquoy le tyran leu r ayãt rel

140.0 384.0 1005.0 66.0 pondu qu’il auoit deſia tour pacifié par ſon elit,

133.0 441.0 1003.0 63.0 leur en he mõſtrer vne copie, laquelle ayãt veue

132.0 499.0 1016.0 67.0 u biẽ cõliderd les mors de l'edict le trouuãt çourt

137.0 562.0 1008.0 66.0 & captieux en tout & par tout, ny vorãt riẽ auſſi

133.0 619.0 1014.0 65.0 dui fauoriſaſt ceux de Sãcerre, que les ambaſſ.Po

134.0 680.0 1009.0 63.0 lonois auoyẽt eutẽ du eſtre extrememẽt preſſez,

133.0 732.0 1011.0 68.0 eſmeus de la çõpaſhõ de leur fait, ils ſirẽt inſtãte

137.0 794.0 1006.0 66.0 requeſte à la mere du tyran pour leur deliurãce,

133.0 848.0 1014.0 70.0 Et trouuans la l’Eueſque de Valence, ils le ſom¬

134.0 910.0 1011.0 68.0 merent de ſa ſoy donnee en Pologne touchãt les

134.0 972.0 1011.0 57.0 articles de paixs Mais la mereddu tyrã qui ſauoit

133.0 1028.0 1010.0 65.0 bien l’eſtat des poures Sãcerrois, s’aſſurãt qu’aux

133.0 1086.0 1011.0 69.0 iourd’huy ou demain ils ſe rendroyent la hart au

133.0 1148.0 1012.0 63.0 col à toute mercy, reſpondit que Sãcerre eſtoit à

140.0 1203.0 1005.0 68.0 in Seigneur priué, qui auoit eſté offenſe par ſes

136.0 1263.0 1009.0 59.0 ſuiets.Et que le Roy luy auoit preſté, ſes forces

139.0 1321.0 1006.0 63.0 pour les chaſtier, & ne luy vouloit faire tort anti

132.0 1377.0 1015.0 69.0 cipant deſſus ſes drouts. L’Eueſque, anapr, auoue

136.0 1439.0 1008.0 66.0 ce quail auoit promis & iuré, ſaiſoit ſsmbiant ds

137.0 1500.0 1010.0 65.0 prier pour ceux de Sancerre, aſtetmant que ia¬

132.0 1555.0 1015.0 68.0 mais il ne fuſt venuà pout de ſa charge gnuers les

132.0 1615.0 1012.0 66.0 eſtats de Pologne ſans les voix, ſuffrages & ſaueur

132.0 1676.0 1012.0 66.0 des Soigneura, d qentils hommes de la Religion.

133.0 1731.0 1014.0 67.0 Cepandant iſpraoit les ambaſſideurs Polonois

132.0 1792.0 1012.0 64.0 de luy donner relaſche de deux ou trais jours,

137.0 1850.0 1011.0 67.0 pour ſe pomairacquiter de ſa promeſſe, & qu’ils

130.0 1906.0 1015.0 80.0 Le douraſſent hullement que les choſes iroyent

133.0 1965.0 582.0 99.0 mieur qu’ils ne renſoyent

303 91 606 53 PIAÆDOVE II.

1081.0 85.0 53.0 80.0 151
