1452 2420
258.0 94.0 70.0 57.0 118

258.0 161.0 1031.0 63.0 l'annee au parauant ils auoyent commandé en

258.0 217.0 130.0 62.0 chef.

259.0 276.0 1024.0 68.0 *Quintus Fabius ayant eſté Cõſul marcha gay¬

262.0 336.0 1025.0 56.0 ement ſous ſon frere Mareus Fabius. Et Man¬

263.0 397.0 1026.0 53.0 lius Conſul en vne armee contre les Thoſcans,

260.0 454.0 1027.0 55.0 nerefuſa de ſe trouuer en la bataille commandé

260.0 513.0 1029.0 62.0 de ceux qui luy auoyent obei. C’eſtoit vn ordinai

259.0 571.0 1030.0 67.0 re à Rome que celuy ne deſdaignoit pas d’acce¬

263.0 635.0 1027.0 62.0 pter la petite charge qui auoit exercé la plus

262.0 692.0 174.0 63.0 grande.

481.0 94.0 581.0 59.0 DIALOGVE II.

334.0 747.0 956.0 63.0 Et combien que cela ne ſemblaſt pas honora

262.0 806.0 1021.0 63.0 ble pour le priué, ſi eſtoit-il bien fort vtile pour

260.0 926.0 1027.0 63.0 doit beaucoup plus aſſeurer & eſperer d’auãtage

258.0 1000.0 1035.0 45.0 és deportemens d'vn citoyen qui d’vn grand de¬

260.0 1043.0 1030.0 60.0 gté deſcend volontiers au bas ou mediocre, que

259.0 1102.0 1034.0 62.0 non pas de celuy qui ne taſche qu’à monter & à

259.0 1161.0 1028.0 61.0 deuenir grand. A vn tel on ne ſe peut guere bien

260.0 1222.0 1029.0 56.0 raiſonnablement fier s’on ne l’accompagne tou¬

259.0 1278.0 1031.0 62.0 ſiours de gens de tel reſpect, de telle vertu &repu

263.0 1339.0 1024.0 60.0 tation qui peuſſent par vn graue & prudent Con

258.0 1392.0 1029.0 54.0 ſei I & par leur autorité moderer le deſir de nou¬

262.0 1453.0 1027.0 59.0 uelleté & de remuement qui ſe pourroit facile¬

259.0 1512.0 1034.0 59.0 ment loger dedans le cœur & cerueau d’vn tel

258.0 1570.0 200.0 50.0 homme.

256.0 1625.0 1034.0 62.0 Le pol. Il eſt ainſi. Et auſsi nos freres eſperent que

258.0 1687.0 1036.0 59.0 la Nobleſſe fille naturelle & legitime de la vertu

255.0 1746.0 1038.0 63.0 & prudence, qui a ſa vraye ſource de la crainte de

256.0 1802.0 1037.0 56.0 Dieu, ſe lairra tellement conduire au deſir qu’el¬

258.0 1860.0 1036.0 65.0 le a de voir le regne de Dieu auancé, & l’Egliſe

252.0 1922.0 1042.0 61.0 conſeruee, qu’elle fera fortaiſément tout ce qui

258.0 1981.0 1040.0 66.0 pourra appartenir au bien d’vn ſi precieux ſerui ¬

1175.0 2038.0 121.0 53.0 ce &
