1451 2410
253 74 50 82 3

258 145 1033 62 eſt bien conſider able pour auoir compaſsion de

261 215 1027 52 la royne d'Eſcoſſe. Auſsi vraye iuſtice doit e¬

259 267 1035 61 ſtre accompagnee de compaſsion, & vuide de

262 325 1029 59 toute cholere, malice & cruauté. Mais que pour

266 378 1036 65 vne pitié, il faille au lieu de iuſtice faire iniuſtice:

262 440 1032 60 & s’il faut auoir pitié, en auoir plus d’vne ſeule

266 499 1028 60 perſonne, que de tout l’eſtat vniuerſel, ce ſeroit

266 555 1028 63 meſurer à fauſſe meſure, & poiſer à faux poids la

263 615 1025 63 clemence, & l’humanité, car s’il faut eſtre pitoya¬

266 676 1028 61 ble, ce ſeroit pluſtoſt eſtre cruel, que humain,

269 736 1026 63 pour ſauuer vn particulier, que on n’aye point de

269 792 1027 62 pitié de tout vn peuple, de tant de nobleſſe, de tãt

266 851 1025 64 de familles, deſquels la mort, le pillage, la ruine,

267 911 1027 52 & la miſere eſtoit toute proiettee par ceſte con¬

269 972 1026 60 ſpiration, & ne ſcauroyent eſtre aſſeurez que par

270 1029 791 51 la punition du chef de la coniuration.

498 89 589 52 DIALOGVE II.

324 1087 971 60 Il y a eu des Empereurs qui ont pardonné les

267 1143 1024 63 conſpirations: Veſpaſien les meſpriſoit toutes,

271 1200 1023 66 par ce qu’il s’eſtoit perſuadé, qu’il ſcauoit le iour,

269 1262 593 58 heure, & eſpece de ſa mort.

328 1318 968 62 Ce ſont des exemples dãgereux à imiter: com¬

269 1380 1027 59 me de ce pere, qui ayant deſcouuert que ſon fils

269 1448 1018 43 le vouloit tuer, ie mena en neu ou neſtoit leuls

269 1491 1030 66 luy baille l’eſpee, luy dit qu’il le tuaſt, s’il vouloit.

270 1554 1032 62 Il y a plus de temerité en tels exemples, que de cle

270 1618 172 44 mence.

325 1668 975 61 Mais en ce fait: il y a vne conſideration plus

270 1729 1029 61 importante, que en tous les exemples qui ſe peu¬

271 1788 1031 59 uent propoſer: & qui met du tout la Royne hors

273 1844 1027 59 de puiſſance d’vſer de clemence en ceſt endroit,

267 1902 1031 63 ſans offenſer Dieu: Car il n’eſt pas icy queſtion,

269 1962 1029 67 d’vne conſpiration qui n’apportaſt autre change¬

1160 2033 131 42 ment
