1344 2446
216.0 160.0 948.0 66.0 Mais encore ie ne deſire pas en luy vne ſi grã¬

154.0 218.0 1011.0 67.0 de hardieſſe, ie luy permetz, qu’il aime mieux vne

152.0 277.0 1016.0 66.0 ie ne ſcay quelle ſeureté de viure miſerable¬

154.0 339.0 976.0 61.0 ment, qu’vne douteuſe eſperance de viure aiſe.

311.0 105.0 598.0 49.0 DIAEJOV ETE.

213.0 395.0 957.0 64.0 Quoy ſi pour auoir la liberté, il ne luy faut

150.0 453.0 1015.0 68.0 que la deſirer? S’il n’eſt beſoin, que d’vn ſim¬

152.0 516.0 1016.0 60.0 ple vouloir, ſe trouuera-il nation au monde,

150.0 573.0 1022.0 67.0 qui l’eſtime trop chere, la pouuant gaigner d’vn

146.0 633.0 1025.0 62.0 ſeul ſouhait? & qui pleigne ſa volonté à recou¬

149.0 690.0 1023.0 62.0 urer le bien, lequel on deuoit racheter au prix

148.0 747.0 1023.0 66.0 de ſon ſang, & lequel perdu tous les gens d’hon¬

149.0 807.0 1023.0 64.0 neur, doiuent eſtimer la vie deſplaiſante, & la

152.0 866.0 327.0 53.0 mort ſalutaire.

209.0 922.0 962.0 64.0 Certes tout ainſi, que le ſeu d’vne petite e¬

149.0 981.0 1025.0 62.0 ſtincelle, deuient grand, & touſiours ſe ren¬

149.0 1039.0 1026.0 64.0 force: & plus il trouue de bois, plus il eſt preſt

148.0 1099.0 1037.0 62.0 d’en bruler. Et ſans qu’on y mette de l’eau pour

148.0 1157.0 1019.0 63.0 l'eſteindre, ſeulement n'y mettant plus de bois,

148.0 1214.0 1020.0 66.0 n’ayant plus que conſumer, il ſe conſume ſoy¬

149.0 1275.0 1029.0 58.0 meſmes, & vient ſans force aucune, & n'eſt plus

148.0 1330.0 1026.0 65.0 feu. Pareillement les Tyrans plus ils pillent &

150.0 1392.0 1022.0 64.0 exigent, plus il ruynent & deſtruiſent, plus on

149.0 1448.0 1019.0 64.0 leur baille, plus on les ſert, de tant plus ils ſe for¬

152.0 1509.0 1018.0 64.0 tiſient, & deuienent touſiours plus forts, & plus

150.0 1569.0 1024.0 54.0 frais, pour aneantir & deſtruire tout, & ſi on ne

150.0 1626.0 1022.0 63.0 leur baille rien, ſi on ne leur obeyt point, fans cõ

152.0 1686.0 1016.0 64.0 batre, ſans frapper, ils demeurẽt nuds & desfaits,

149.0 1744.0 1015.0 63.0 & ne ſont plus rien, ſinon comme la racine e¬

152.0 1803.0 1016.0 54.0 ſtant ſans humeur, ou aliment, la branche de¬

154.0 1864.0 458.0 53.0 uient ſeche, & morte.

1077.0 126.0 84.0 41.0 7

192.0 1917.0 979.0 64.0 Les hardis, pour acquerir le bien qu’ils deman

152.0 1982.0 1016.0 69.0 dent, ne craignent point le danger, les auiſez ne
