1477 2420
252 74 54 69 (8

251 162 1043 46 le ſion aun paauos te les ay iuilee la ece ay pane do¬

251 208 1036 59 Emden en Angleterre, où i’ay trouué, les nou¬

252 264 1032 54 uelles que i’allois annoncer de la verité des Maſ¬

252 322 1036 67 ſacres, eſpãdues au long, & au large par toute l’iſ¬

254 380 1034 65 le: les Eccleſiaſtiques, les Nobles, & le peuple,

255 443 1035 59 tous eſchauffez à les vouloir venger, ne deman¬

254 502 1041 65 dans, que congé de la Royne, pour pouuoir gueer:

256 560 1038 54 leurs toſſez,: l’ay trouué, en ſomme, les choſes ſi

256 615 1034 66 bien diſpoſees, qu’il m’a ſemblé, de prime face.

259 678 1036 64 qu’il ne ſeroit ia beſoin de leut faire plus grande,

256 736 1035 62 inſtance, oy pourſuite de ſecours,que d’eux-meſ¬

256 794 1034 65 mes dans eſtre preſſez d’auantage, ils s’y achemi¬

256 859 419 56 neroyent aſſez.

490 72 601 63 DIALOGVE II.!

299 910 989 63 Ce neantmoins l’ay fait la reuerence à la Roy¬

259 970 1035 63 ne, & aux ſeigneurs de ſon Conſeil, ie leur ay fait

259 1031 1033 62 eutendre l’occaſiõ de ma venue: & la chatge que

258 1084 1036 69 l’Egliſe m'auoit domné: ie leur ay dit là deſſus que

259 1145 1035 58 qui voit bruiſlerda maiſon de ſonvoiſin, doit auoir

262 1226 1033 47 peur de la henerque ces folſez qui lepatet la grad

260 1259 1035 70 Bretagne, du reſte du mõde, ne ſont pas ſuffiſans

260 1321 1035 59 à empeſcher la flamme de la cruauté de la maiſon

260 1380 1035 66 de Valois, de voler ſur les Anglois. Qu’on a ac¬

260 1439 1036 58 couſtumé de porter de l’eau, à la maiſon du voi¬

262 1497 1034 69 ſin qui bruſle, encore que ce fut la maiſon de ſon

260 1560 1035 56 ennemy. Ie leur ay auſsi auãcé les meſmes autho

262 1616 1033 63 ritez de l’Eſcriture, les exemples & raiſons, alle¬

263 1680 1035 61 guees aux princes Proteſtans, ie leur ay remõſtré

267 1738 1031 62 qu’il ny eſcheoit qu’à bailler congé à quelques

263 1794 1032 66 Myllords, qui s’offroyent d’aller à leurs deſpens,

264 1856 1032 55 à vn nombre de nobleſſe, & de peuple volontaire,

267 1911 1033 69 pour voir bien toſt vengé, l’outrage fait à Dieu, &

263 1969 494 73 à ſon Egliſe Françoiſe.

1205 2030 93 55 Sur
