1442 2424
265.0 84.0 93.0 73.0 178

262.0 157.0 1010.0 67.0 che deſir,de prendre vn autre expedient par l’ad¬

265.0 219.0 1009.0 65.0 uis de ces premiers conſeilliers & du Duc d’Au¬

264.0 273.0 1012.0 67.0 male & de Neuers, auſquels il communica le

264.0 336.0 625.0 65.0 fait vn peu auant les nopces.

303.0 391.0 979.0 69.0 En ces entrefaites le Duc de Guiſe, qui doutoit

264.0 455.0 1017.0 63.0 que l’Amira lauquel il portoir particuliere inimi

266.0 526.0 1010.0 53.0 tié, ſuy eſcnappan & qu'’i ie reurait de la Cour,

261.0 570.0 1015.0 64.0 comme il en auoit enuie, luy fit tirer le coup

261.0 627.0 1020.0 66.0 d’arquebouſade que tu ſcay le vendredy deuant

261.0 686.0 1023.0 69.0 le maſſacre. Qut fut cauſé qu’ils changerent en¬

268.0 743.0 1014.0 70.0 cores leur proiect, faiſans à l’œil & ſelon l’oc¬

270.0 797.0 13.0 28.0 2

260.0 803.0 1022.0 64.0 currence (au deſceu de ceux à qui ils auoyent cil¬

261.0 859.0 1021.0 72.0 lé les yeux auec leurs careſſes de Cou plleur trai¬

305.0 918.0 971.0 74.0 reſſe & deſloyalle guerre ſur les gens de bien,

268.0 964.0 47.0 39.0 34

262.0 984.0 1019.0 71.0 male auilez. Voila ce qu’en i’en ay peu approndre

264.0 1038.0 638.0 67.0 de plus veritable en la Gour.

495 88 587 69 DIA LOGVE II.

326.0 1094.0 955.0 74.0 Hiſtoriog.. Ce fait eſt aitant remarquable

268.0 1158.0 1013.0 70.0 que nul aurre de ceux queitu m'as recité aſin que

264.0 1213.0 1018.0 71.0 vn chaſcun cognoiſſe la deſloyauté des tyrans;

261.0 1273.0 1023.0 70.0 & que les; Courtiſans apprennent ce qu’ils en

269.0 1333.0 385.0 68.0 doyuent eſperer.

669.0 1361.0 30.0 43.0 8

278.0 1385.0 1003.0 78.0 Le pol. C’eſf merueille qu’en voyanttant d’e¬

260.0 1470.0 1020.0 54.0 cemple, appatens, ayyqi le danger mumits

272.0 1508.0 1012.0 71.0 perſonne ne ſe veut faïre ſage au moins aux deſ¬

268.0 1568.0 1014.0 69.0 pens d’autruy : & que de tant de gens qui S’ap¬

269.0 1626.0 1015.0 70.0 prochent ſi volontiers, des tyrans, il n'y a-pas

265.0 1681.0 1016.0 68.0 vn qui ait l’auiſement & la hardieſſe de deur di¬

264.0 1738.0 1020.0 78.0 rè, ce que dit le regna rd au lion (qu’on dit eſtre

261.0 1796.0 1027.0 73.0 le Roy des beſtes, qui faiſoit, comme dit le

262.0 1871.0 1023.0 52.0 conte, le malade dans ſa taſniere Jie tirois voir

264.0 1917.0 1021.0 70.0 luy dit il (bire) & bien ſouuent de bon cœur:

261.0 1978.0 1027.0 66.0 mais ie voy tant de traces de beſtes qui yont en

1144.0 2041.0 138.0 49.0 auant
