<?xml version="1.0" encoding="UTF-8"?>
<alto xmlns:xsi="http://www.w3.org/2001/XMLSchema-instance"
      xmlns="http://www.loc.gov/standards/alto/ns-v4#"
      xsi:schemaLocation="http://www.loc.gov/standards/alto/ns-v4# http://www.loc.gov/standards/alto/v4/alto-4-2.xsd">
  <Description>
    <MeasurementUnit>pixel</MeasurementUnit>
    <sourceImageInformation>
      <fileName>page_00366.png</fileName>
      <fileIdentifier>mets//page_00205.zip/page_00366.png</fileIdentifier>
    </sourceImageInformation>
  </Description>
  <Tags>
    <OtherTag ID="BT7" LABEL="CustomZone" DESCRIPTION="block type CustomZone"/><OtherTag ID="BT8" LABEL="DamageZone" DESCRIPTION="block type DamageZone"/><OtherTag ID="BT9" LABEL="DigitizationArtefactZone" DESCRIPTION="block type DigitizationArtefactZone"/><OtherTag ID="BT10" LABEL="DropCapitalZone" DESCRIPTION="block type DropCapitalZone"/><OtherTag ID="BT11" LABEL="GraphicZone" DESCRIPTION="block type GraphicZone"/><OtherTag ID="BT12" LABEL="MainZone" DESCRIPTION="block type MainZone"/><OtherTag ID="BT13" LABEL="MarginTextZone" DESCRIPTION="block type MarginTextZone"/><OtherTag ID="BT14" LABEL="MusicZone" DESCRIPTION="block type MusicZone"/><OtherTag ID="BT15" LABEL="NumberingZone" DESCRIPTION="block type NumberingZone"/><OtherTag ID="BT17" LABEL="QuireMarksZone" DESCRIPTION="block type QuireMarksZone"/><OtherTag ID="BT18" LABEL="RunningTitleZone" DESCRIPTION="block type RunningTitleZone"/><OtherTag ID="BT19" LABEL="SealZone" DESCRIPTION="block type SealZone"/><OtherTag ID="BT20" LABEL="StampZone" DESCRIPTION="block type StampZone"/><OtherTag ID="BT21" LABEL="TableZone" DESCRIPTION="block type TableZone"/><OtherTag ID="BT22" LABEL="TitlePageZone" DESCRIPTION="block type TitlePageZone"/><OtherTag ID="BT100001" LABEL="MainZone-Head" DESCRIPTION="block type MainZone-Head"/><OtherTag ID="BT100005" LABEL="MainZone-P" DESCRIPTION="block type MainZone-P"/><OtherTag ID="BT100008" LABEL="MainZone-Sp" DESCRIPTION="block type MainZone-Sp"/><OtherTag ID="BT100006" LABEL="MainZone-Continued" DESCRIPTION="block type MainZone-Continued"/><OtherTag ID="BT100011" LABEL="MainZone-Entry" DESCRIPTION="block type MainZone-Entry"/><OtherTag ID="BT100010" LABEL="MainZone-Other" DESCRIPTION="block type MainZone-Other"/><OtherTag ID="BT100002" LABEL="MainZone-Lg" DESCRIPTION="block type MainZone-Lg"/>
    <OtherTag ID="LT7" LABEL="CustomLine" DESCRIPTION="line type CustomLine"/><OtherTag ID="LT8" LABEL="DefaultLine" DESCRIPTION="line type DefaultLine"/><OtherTag ID="LT9" LABEL="DropCapitalLine" DESCRIPTION="line type DropCapitalLine"/><OtherTag ID="LT10" LABEL="HeadingLine" DESCRIPTION="line type HeadingLine"/><OtherTag ID="LT11" LABEL="InterlinearLine" DESCRIPTION="line type InterlinearLine"/><OtherTag ID="LT12" LABEL="MusicLine" DESCRIPTION="line type MusicLine"/><OtherTag ID="LT764" LABEL="default" DESCRIPTION="line type default"/>
  </Tags>
  <Layout>
    <Page WIDTH="1395"
          HEIGHT="2432"
          PHYSICAL_IMG_NR="166"
          ID="eSc_dummypage_">
      <PrintSpace HPOS="0"
                  VPOS="0"
                  WIDTH="1395"
                  HEIGHT="2432">
        <TextBlock HPOS="314.0"
                   VPOS="65.0"
                   WIDTH="621.0"
                   HEIGHT="57.0"
                   ID="block_4"
                   TAGREFS="BT18">
          <Shape><Polygon POINTS="935 65 935 122 314 122 314 65"/></Shape>
          <TextLine ID="line_0"
                    TAGREFS="LT10"
                    BASELINE="308 112 923 109" 
                    HPOS="304.0"
                    VPOS="56.0"
                    WIDTH="618.0"
                    HEIGHT="67.0">
            <Shape><Polygon POINTS="892 66 871 66 851 66 831 66 811 66 790 66 770 66 750 66 729 66 709 66 689 66 669 66 648 66 628 66 608 66 588 66 567 66 547 66 527 66 506 66 486 66 466 66 446 66 425 66 405 66 385 66 364 66 360 66 344 66 324 66 320 56 318 56 316 56 314 56 304 62 306 111 306 119 918 123 922 107 918 66 912 66"/></Shape>
	    <String CONTENT="DIALOGVE II."
                    HPOS="304.0"
                    VPOS="56.0"
                    WIDTH="618.0"
                    HEIGHT="67.0"
                    WC="0.9999958674112955"></String>
          </TextLine>
        </TextBlock>
        <TextBlock HPOS="144.0"
                   VPOS="843.0"
                   WIDTH="1050.0"
                   HEIGHT="639.0"
                   ID="block_8"
                   TAGREFS="BT100005">
          <Shape><Polygon POINTS="1194 846 1194 1477 144 1482 145 843"/></Shape>
          <TextLine ID="line_1"
                    TAGREFS="LT8"
                    BASELINE="205 882 1186 879" 
                    HPOS="204.0"
                    VPOS="837.0"
                    WIDTH="982.0"
                    HEIGHT="62.0">
            <Shape><Polygon POINTS="205 882 205 891 482 899 483 899 485 899 502 893 1048 898 1050 898 1108 891 1147 898 1148 898 1186 889 1186 879 1184 852 1132 852 1113 837 1112 837 1111 837 1109 837 1108 837 1055 851 1034 837 1032 837 1031 837 962 837 961 837 959 837 958 837 942 852 870 852 838 837 836 837 835 837 834 837 832 837 815 852 769 852 729 837 728 837 727 837 725 837 724 837 705 851 683 839 682 839 681 839 679 839 629 852 628 853 592 853 592 852 562 839 560 839 559 839 558 839 528 852 500 843 498 843 497 843 496 843 494 843 494 844 483 852 402 845 401 845 362 852 319 849 306 839 305 839 304 839 302 839 262 845 217 839 216 839 214 839 213 839 213 840 204 848 205 882"/></Shape>
	    <String CONTENT="Ie ſceu qu’apres la collati on, la vaiſſelle d’ar¬"
                    HPOS="204.0"
                    VPOS="837.0"
                    WIDTH="982.0"
                    HEIGHT="62.0"
                    WC="0.9862811505794525"></String>
          </TextLine>
          <TextLine ID="line_2"
                    TAGREFS="LT8"
                    BASELINE="150 939 1182 943" 
                    HPOS="150.0"
                    VPOS="895.0"
                    WIDTH="1032.0"
                    HEIGHT="65.0">
            <Shape><Polygon POINTS="150 939 150 956 465 951 550 959 562 959 563 959 578 959 675 952 784 959 788 959 789 959 790 959 806 952 1047 959 1048 959 1147 953 1180 960 1182 943 1182 910 1088 898 1086 898 1085 898 1084 898 1070 909 1019 898 1017 898 1016 898 1015 898 1001 909 1000 910 912 910 909 909 875 898 874 898 873 898 871 898 842 909 838 909 815 909 815 907 801 897 800 897 798 897 767 897 766 897 765 897 763 897 748 907 748 909 708 909 706 907 693 897 692 897 690 897 689 897 688 897 686 897 677 905 648 897 647 897 646 897 644 897 624 907 623 907 601 898 600 898 598 898 597 898 596 898 583 907 582 909 552 909 551 907 537 897 536 897 535 897 494 897 493 897 492 897 490 897 477 906 477 907 385 907 385 906 371 895 370 895 369 895 321 895 320 895 319 895 317 895 305 906 290 895 289 895 287 895 286 895 240 906 236 906 150 906 150 939"/></Shape>
	    <String CONTENT="gent de Nantouillet &amp; ſes coffres furent fouillez"
                    HPOS="150.0"
                    VPOS="895.0"
                    WIDTH="1032.0"
                    HEIGHT="65.0"
                    WC="0.9927030704459365"></String>
          </TextLine>
          <TextLine ID="line_3"
                    TAGREFS="LT8"
                    BASELINE="148 997 1185 1002" 
                    HPOS="147.0"
                    VPOS="953.0"
                    WIDTH="1038.0"
                    HEIGHT="68.0">
            <Shape><Polygon POINTS="148 997 147 1005 196 1017 197 1017 252 1009 358 1017 359 1017 394 1009 404 1007 412 1009 433 1016 435 1016 436 1016 519 1011 543 1010 546 1011 554 1018 555 1018 556 1018 558 1018 559 1018 574 1011 582 1009 589 1013 596 1016 597 1016 598 1016 616 1013 638 1009 674 1014 721 1020 723 1020 724 1020 738 1014 750 1010 773 1016 796 1020 797 1020 859 1017 950 1011 1078 1020 1082 1020 1084 1020 1085 1020 1120 1011 1182 1021 1185 1002 1185 971 1150 970 1135 957 1134 957 1132 957 1046 957 1044 957 1043 957 1042 957 1028 970 997 957 996 957 994 957 993 957 992 957 978 970 977 971 928 971 924 970 885 956 884 956 846 956 844 956 843 956 842 956 825 968 773 956 771 956 770 956 769 956 755 968 754 970 679 970 678 968 652 955 651 955 650 955 648 955 623 966 604 957 602 957 601 957 600 957 598 957 586 967 586 968 525 968 525 967 510 955 509 955 508 955 485 955 483 955 482 955 481 955 466 967 465 968 444 968 443 967 425 955 424 955 423 955 421 955 420 955 397 966 309 966 301 966 300 966 281 953 279 953 278 953 237 953 236 953 235 953 233 953 218 966 217 966 175 955 174 955 173 955 171 955 148 964 148 997"/></Shape>
	    <String CONTENT="&amp; pillez par les Rois &amp; leurs ſatellites: &amp; diſoit¬"
                    HPOS="147.0"
                    VPOS="953.0"
                    WIDTH="1038.0"
                    HEIGHT="68.0"
                    WC="0.9943557498501796"></String>
          </TextLine>
          <TextLine ID="line_4"
                    TAGREFS="LT8"
                    BASELINE="151 1056 1180 1059" 
                    HPOS="150.0"
                    VPOS="1016.0"
                    WIDTH="1030.0"
                    HEIGHT="62.0">
            <Shape><Polygon POINTS="151 1056 150 1066 347 1076 348 1076 350 1076 374 1068 392 1075 393 1075 394 1076 394 1075 396 1075 413 1068 501 1075 502 1075 504 1075 513 1070 521 1076 523 1076 524 1076 525 1076 578 1068 666 1078 667 1078 827 1076 828 1076 829 1076 839 1070 1128 1078 1130 1078 1178 1068 1180 1059 1178 1029 1126 1017 1124 1017 1123 1017 1094 1025 1085 1017 1084 1017 1082 1017 1038 1017 1036 1017 1035 1017 1008 1028 1007 1028 942 1017 940 1017 939 1017 938 1017 920 1028 896 1017 894 1017 893 1017 892 1017 890 1017 877 1028 857 1028 828 1028 827 1028 801 1017 800 1017 798 1017 797 1017 773 1028 771 1029 711 1029 675 1028 674 1028 662 1017 662 1016 661 1016 659 1016 658 1016 656 1016 620 1026 582 1016 581 1016 579 1016 578 1016 543 1026 543 1028 497 1028 496 1026 478 1016 477 1016 475 1016 474 1016 473 1016 443 1026 442 1026 416 1016 414 1016 392 1016 390 1016 389 1016 387 1016 375 1026 374 1028 323 1028 321 1026 309 1016 308 1016 306 1016 305 1016 151 1025 151 1056"/></Shape>
	    <String CONTENT="on dedans Paris, qu’on luy auoit pris &amp; volé plus"
                    HPOS="150.0"
                    VPOS="1016.0"
                    WIDTH="1030.0"
                    HEIGHT="62.0"
                    WC="0.9909817504882813"></String>
          </TextLine>
          <TextLine ID="line_5"
                    TAGREFS="LT8"
                    BASELINE="148 1118 1185 1118" 
                    HPOS="148.0"
                    VPOS="1076.0"
                    WIDTH="1037.0"
                    HEIGHT="62.0">
            <Shape><Polygon POINTS="148 1118 148 1130 266 1130 278 1137 279 1137 281 1137 282 1138 360 1138 360 1137 362 1137 363 1137 371 1130 478 1137 479 1137 481 1137 505 1130 548 1137 550 1137 551 1137 573 1130 589 1137 590 1137 592 1137 1185 1129 1185 1118 1185 1090 1140 1090 1140 1088 1124 1076 1123 1076 1121 1076 1120 1076 1055 1088 1013 1076 1012 1076 1011 1076 1009 1076 980 1087 921 1076 920 1076 919 1076 917 1076 901 1088 901 1090 747 1090 747 1088 727 1076 725 1076 724 1076 693 1076 692 1076 690 1076 689 1076 674 1088 670 1088 558 1088 543 1078 542 1078 540 1078 539 1078 537 1078 506 1087 490 1076 489 1076 487 1076 486 1076 374 1088 356 1076 355 1076 354 1076 352 1076 279 1087 250 1076 248 1076 247 1076 205 1084 163 1076 162 1076 160 1076 159 1076 148 1084 148 1118"/></Shape>
	    <String CONTENT="de cinquãte mille francs. Et qu’il euſt mieux fait."
                    HPOS="148.0"
                    VPOS="1076.0"
                    WIDTH="1037.0"
                    HEIGHT="62.0"
                    WC="0.9912340342998505"></String>
          </TextLine>
          <TextLine ID="line_6"
                    TAGREFS="LT8"
                    BASELINE="151 1174 1178 1178" 
                    HPOS="150.0"
                    VPOS="1132.0"
                    WIDTH="1028.0"
                    HEIGHT="63.0">
            <Shape><Polygon POINTS="151 1174 150 1183 160 1190 162 1190 163 1190 164 1190 424 1184 487 1184 498 1186 533 1193 535 1193 673 1188 758 1186 765 1190 769 1193 770 1193 771 1193 773 1193 846 1190 946 1187 955 1191 958 1194 959 1194 961 1194 962 1195 1177 1195 1178 1178 1177 1148 1097 1148 1094 1147 1073 1134 1071 1134 1070 1134 1020 1144 1008 1134 1007 1134 1005 1134 957 1134 955 1134 954 1134 952 1134 940 1144 936 1147 817 1145 816 1143 804 1133 802 1133 801 1133 800 1133 798 1133 769 1143 765 1144 761 1143 738 1133 736 1133 735 1133 733 1133 712 1141 708 1144 705 1141 696 1133 694 1133 693 1133 659 1133 658 1133 656 1133 655 1133 646 1141 639 1147 535 1147 525 1140 517 1133 516 1133 515 1133 513 1133 512 1133 496 1140 482 1144 333 1144 325 1137 319 1132 317 1132 316 1132 314 1132 313 1132 293 1137 263 1145 243 1145 232 1136 227 1132 225 1132 224 1132 223 1132 221 1132 206 1136 191 1140 183 1136 175 1132 174 1132 173 1132 151 1134 151 1174"/></Shape>
	    <String CONTENT="le bon homme de prendre à femme Chaſteau¬"
                    HPOS="150.0"
                    VPOS="1132.0"
                    WIDTH="1028.0"
                    HEIGHT="63.0"
                    WC="0.9864741521222251"></String>
          </TextLine>
          <TextLine ID="line_7"
                    TAGREFS="LT8"
                    BASELINE="145 1232 1180 1238" 
                    HPOS="144.0"
                    VPOS="1188.0"
                    WIDTH="1036.0"
                    HEIGHT="69.0">
            <Shape><Polygon POINTS="145 1232 144 1240 221 1252 223 1252 332 1244 350 1243 352 1244 363 1253 364 1253 366 1253 367 1253 369 1253 370 1253 383 1245 474 1253 475 1253 506 1247 517 1244 529 1247 558 1255 559 1255 560 1255 562 1255 577 1248 578 1247 579 1248 586 1253 588 1253 589 1253 590 1253 592 1253 606 1248 608 1248 612 1248 658 1255 659 1255 661 1255 677 1249 690 1245 750 1245 758 1251 765 1256 766 1256 767 1256 769 1256 770 1256 771 1256 778 1251 784 1248 816 1252 858 1256 859 1256 861 1256 869 1252 881 1247 936 1253 971 1257 973 1257 988 1255 1013 1248 1040 1255 1050 1257 1051 1257 1053 1257 1075 1256 1158 1248 1176 1257 1180 1238 1180 1209 1148 1207 1131 1194 1130 1194 1128 1194 1093 1194 1092 1194 1090 1194 1089 1194 1080 1202 1069 1194 1067 1194 1066 1194 1031 1194 1030 1194 1028 1194 992 1206 823 1206 797 1193 796 1193 794 1193 793 1193 759 1202 735 1191 733 1191 732 1191 731 1191 729 1191 709 1203 677 1191 675 1191 674 1191 673 1191 671 1191 655 1205 601 1205 559 1202 547 1191 547 1190 546 1190 544 1190 543 1190 542 1190 509 1202 463 1193 462 1193 460 1193 447 1199 432 1190 431 1190 429 1190 428 1190 427 1190 402 1201 371 1190 370 1190 369 1190 367 1190 366 1190 350 1202 328 1188 327 1188 325 1188 324 1188 145 1201 145 1232"/></Shape>
	    <String CONTENT="neuf, fille de ioye du toy de Pologne, que de l’a¬"
                    HPOS="144.0"
                    VPOS="1188.0"
                    WIDTH="1036.0"
                    HEIGHT="69.0"
                    WC="0.9728123760223388"></String>
          </TextLine>
          <TextLine ID="line_8"
                    TAGREFS="LT8"
                    BASELINE="147 1291 1177 1294" 
                    HPOS="145.0"
                    VPOS="1249.0"
                    WIDTH="1032.0"
                    HEIGHT="60.0">
            <Shape><Polygon POINTS="147 1291 145 1301 166 1309 167 1309 168 1309 1176 1303 1177 1294 1177 1256 1158 1251 1157 1251 1155 1251 1154 1251 1140 1257 1131 1263 1015 1263 1008 1257 998 1251 997 1251 996 1251 994 1251 963 1257 959 1259 958 1257 950 1251 948 1251 947 1251 905 1251 904 1251 902 1251 901 1251 893 1257 888 1263 832 1263 827 1259 819 1251 817 1251 816 1251 773 1251 771 1251 770 1251 769 1251 759 1259 755 1263 701 1263 696 1259 679 1251 678 1251 677 1251 675 1251 652 1259 647 1260 639 1259 586 1249 585 1249 583 1249 582 1249 570 1259 567 1261 536 1261 533 1259 521 1249 520 1249 519 1249 479 1249 478 1249 477 1249 475 1249 463 1260 462 1261 374 1261 373 1260 360 1249 359 1249 358 1249 356 1249 355 1249 327 1256 296 1249 294 1249 293 1249 270 1260 270 1261 147 1261 147 1291"/></Shape>
	    <String CONTENT="uoir refuſee: qu’il euſt mieux fait auſsi d’auoir vẽ"
                    HPOS="145.0"
                    VPOS="1249.0"
                    WIDTH="1032.0"
                    HEIGHT="60.0"
                    WC="0.9962708365242436"></String>
          </TextLine>
          <TextLine ID="line_9"
                    TAGREFS="LT8"
                    BASELINE="147 1349 1178 1355" 
                    HPOS="145.0"
                    VPOS="1307.0"
                    WIDTH="1033.0"
                    HEIGHT="64.0">
            <Shape><Polygon POINTS="147 1349 145 1357 189 1367 190 1368 247 1368 247 1367 248 1367 250 1367 256 1361 264 1367 266 1367 267 1367 268 1368 351 1368 351 1367 352 1367 374 1361 379 1360 394 1361 448 1367 450 1367 674 1365 917 1363 931 1368 934 1370 935 1370 936 1370 938 1370 943 1368 962 1364 1000 1370 1016 1371 1017 1371 1019 1371 1020 1371 1021 1370 1030 1364 1176 1371 1178 1355 1178 1325 1066 1324 1042 1311 1040 1311 1039 1311 974 1321 961 1311 959 1311 958 1311 927 1311 925 1311 924 1311 905 1321 888 1310 886 1310 885 1310 884 1310 882 1310 848 1321 781 1310 779 1310 778 1310 777 1310 763 1322 678 1322 656 1309 655 1309 654 1309 652 1309 505 1320 485 1309 483 1309 444 1309 443 1309 442 1309 440 1309 424 1320 406 1307 405 1307 404 1307 402 1307 401 1307 373 1320 259 1320 224 1307 223 1307 221 1307 220 1307 196 1318 171 1307 170 1307 168 1307 167 1307 147 1317 147 1349"/></Shape>
	    <String CONTENT="du ſa terre de Nantouillet au duc de Guyſe, que"
                    HPOS="145.0"
                    VPOS="1307.0"
                    WIDTH="1033.0"
                    HEIGHT="64.0"
                    WC="0.9913218414529841"></String>
          </TextLine>
          <TextLine ID="line_10"
                    TAGREFS="LT8"
                    BASELINE="144 1407 1176 1411" 
                    HPOS="143.0"
                    VPOS="1365.0"
                    WIDTH="1033.0"
                    HEIGHT="67.0">
            <Shape><Polygon POINTS="144 1407 143 1417 182 1425 183 1425 352 1422 362 1429 363 1429 364 1429 366 1429 458 1422 487 1430 489 1430 490 1430 592 1421 616 1430 617 1430 619 1432 715 1432 715 1430 716 1430 717 1430 727 1424 797 1429 798 1429 800 1429 832 1421 885 1432 886 1432 1174 1421 1176 1411 1176 1380 1144 1368 1143 1368 1142 1368 1140 1368 1115 1380 1071 1380 1015 1380 1015 1379 980 1368 978 1368 977 1368 975 1368 974 1368 961 1379 961 1380 885 1380 884 1379 854 1370 852 1370 851 1370 850 1370 832 1379 831 1379 806 1367 805 1367 804 1367 802 1367 775 1379 696 1379 681 1379 681 1378 666 1367 665 1367 663 1367 662 1367 661 1367 631 1376 605 1367 604 1367 602 1367 601 1367 565 1378 551 1367 550 1367 548 1367 509 1367 508 1367 506 1367 505 1367 487 1378 459 1365 458 1365 456 1365 331 1376 309 1365 308 1365 263 1365 262 1365 260 1365 259 1365 250 1374 218 1365 217 1365 216 1365 214 1365 194 1375 164 1365 163 1365 162 1365 160 1365 144 1374 144 1407"/></Shape>
	    <String CONTENT="de ſe faire ainſi piller à ſi grands &amp; puiſſans vol¬"
                    HPOS="143.0"
                    VPOS="1365.0"
                    WIDTH="1033.0"
                    HEIGHT="67.0"
                    WC="0.9935973241644086"></String>
          </TextLine>
          <TextLine ID="line_11"
                    TAGREFS="LT8"
                    BASELINE="144 1470 290 1470" 
                    HPOS="144.0"
                    VPOS="1426.0"
                    WIDTH="146.0"
                    HEIGHT="53.0">
            <Shape><Polygon POINTS="144 1470 144 1479 290 1479 290 1470 290 1445 264 1445 262 1442 254 1436 254 1434 252 1434 251 1434 250 1434 190 1436 173 1426 171 1426 170 1426 144 1432 144 1470"/></Shape>
	    <String CONTENT="leurs."
                    HPOS="144.0"
                    VPOS="1426.0"
                    WIDTH="146.0"
                    HEIGHT="53.0"
                    WC="0.9998626907666525"></String>
          </TextLine>
        </TextBlock>
        <TextBlock HPOS="136.0"
                   VPOS="1489.0"
                   WIDTH="1042.0"
                   HEIGHT="340.0"
                   ID="eSc_textblock_42da7631"
                   TAGREFS="BT100005">
          <Shape><Polygon POINTS="136 1490 142 1829 1178 1829 1178 1489"/></Shape>
          <TextLine ID="line_12"
                    TAGREFS="LT8"
                    BASELINE="222 1529 1169 1526" 
                    HPOS="218.0"
                    VPOS="1479.0"
                    WIDTH="949.0"
                    HEIGHT="63.0">
            <Shape><Polygon POINTS="772 1479 766 1479 748 1491 717 1479 709 1479 685 1495 563 1495 551 1481 508 1491 466 1481 454 1493 218 1483 221 1542 1165 1538 1167 1524 1163 1493 1050 1493 1034 1479 1025 1479 1003 1491 961 1479 952 1479 940 1493 882 1493 849 1479 802 1491 772 1479"/></Shape>
	    <String CONTENT="En ſomme ie ſceu que le lendemain le pre¬"
                    HPOS="218.0"
                    VPOS="1479.0"
                    WIDTH="949.0"
                    HEIGHT="63.0"
                    WC="0.9954056608967665"></String>
          </TextLine>
          <TextLine ID="line_13"
                    TAGREFS="LT8"
                    BASELINE="143 1583 1167 1588" 
                    HPOS="141.0"
                    VPOS="1542.0"
                    WIDTH="1026.0"
                    HEIGHT="64.0">
            <Shape><Polygon POINTS="143 1583 141 1592 221 1602 223 1602 333 1595 523 1603 524 1603 600 1597 627 1603 628 1603 629 1603 631 1603 632 1603 642 1597 652 1605 654 1605 655 1605 656 1605 904 1598 938 1606 939 1606 940 1606 989 1599 1151 1606 1153 1606 1154 1606 1155 1606 1166 1598 1167 1588 1166 1559 1053 1547 1051 1547 1050 1547 1048 1547 1032 1557 1005 1547 1004 1547 1002 1547 1001 1547 978 1557 977 1559 923 1559 920 1557 904 1545 902 1545 901 1545 900 1545 898 1545 863 1556 863 1557 693 1557 692 1556 679 1545 678 1545 677 1545 675 1545 674 1545 639 1555 639 1556 563 1556 562 1555 546 1544 544 1544 543 1544 542 1544 540 1544 517 1555 516 1555 515 1555 479 1544 478 1544 477 1544 475 1544 474 1544 462 1555 460 1556 413 1556 412 1555 389 1542 387 1542 341 1542 340 1542 339 1542 313 1553 286 1542 285 1542 283 1542 236 1553 233 1553 232 1553 212 1542 210 1542 209 1542 143 1552 143 1583"/></Shape>
	    <String CONTENT="mier Preſident de Paris fut trouuer le tyrã, &amp; luy"
                    HPOS="141.0"
                    VPOS="1542.0"
                    WIDTH="1026.0"
                    HEIGHT="64.0"
                    WC="0.9971777761683744"></String>
          </TextLine>
          <TextLine ID="line_14"
                    TAGREFS="LT8"
                    BASELINE="141 1641 1176 1647" 
                    HPOS="140.0"
                    VPOS="1603.0"
                    WIDTH="1036.0"
                    HEIGHT="61.0">
            <Shape><Polygon POINTS="141 1641 140 1651 240 1661 241 1661 323 1653 425 1653 436 1661 437 1661 439 1661 440 1661 500 1656 509 1663 510 1663 512 1663 513 1663 515 1663 542 1655 551 1661 552 1661 554 1661 555 1661 629 1656 797 1664 798 1664 1174 1656 1176 1647 1176 1618 1138 1607 1136 1607 1135 1607 1134 1607 1105 1614 1031 1607 1030 1607 1028 1607 1027 1607 1009 1618 1008 1619 973 1619 973 1618 951 1607 950 1607 948 1607 754 1617 750 1617 725 1606 724 1606 723 1606 663 1617 659 1617 647 1617 615 1615 602 1605 601 1605 600 1605 598 1605 548 1617 513 1617 486 1617 486 1615 458 1605 456 1605 455 1605 402 1615 237 1615 156 1603 155 1603 154 1603 152 1603 141 1610 141 1641"/></Shape>
	    <String CONTENT="dire que tout Paris eſtoit eſmeu pour le vol de la¬"
                    HPOS="140.0"
                    VPOS="1603.0"
                    WIDTH="1036.0"
                    HEIGHT="61.0"
                    WC="0.9895499360327628"></String>
          </TextLine>
          <TextLine ID="line_15"
                    TAGREFS="LT8"
                    BASELINE="141 1701 1163 1703" 
                    HPOS="140.0"
                    VPOS="1664.0"
                    WIDTH="1023.0"
                    HEIGHT="61.0">
            <Shape><Polygon POINTS="141 1701 140 1711 264 1724 266 1724 267 1724 297 1715 458 1715 467 1724 469 1724 470 1724 471 1724 523 1717 590 1724 592 1724 629 1715 651 1725 652 1725 654 1725 747 1715 759 1724 761 1724 762 1724 763 1724 935 1715 954 1725 955 1725 957 1725 1071 1715 1128 1725 1130 1725 1131 1725 1162 1714 1163 1703 1162 1676 1119 1665 1117 1665 990 1675 988 1675 985 1675 916 1665 915 1665 913 1665 892 1675 890 1676 669 1676 666 1675 650 1664 648 1664 647 1664 646 1664 644 1664 613 1674 613 1675 466 1675 465 1674 447 1664 446 1664 444 1664 443 1664 410 1674 409 1674 408 1674 369 1664 367 1664 301 1674 294 1675 268 1675 267 1674 256 1664 255 1664 254 1664 252 1664 141 1672 141 1701"/></Shape>
	    <String CONTENT="nuict paſſee: &amp; que quelques vns vouloyent dire"
                    HPOS="140.0"
                    VPOS="1664.0"
                    WIDTH="1023.0"
                    HEIGHT="61.0"
                    WC="0.993301772056742"></String>
          </TextLine>
          <TextLine ID="line_16"
                    TAGREFS="LT8"
                    BASELINE="143 1760 1166 1763" 
                    HPOS="141.0"
                    VPOS="1721.0"
                    WIDTH="1025.0"
                    HEIGHT="63.0">
            <Shape><Polygon POINTS="143 1760 141 1774 181 1782 182 1782 183 1782 201 1774 204 1774 450 1774 458 1774 510 1782 512 1782 583 1774 594 1774 604 1774 670 1783 671 1784 728 1784 728 1783 729 1783 731 1783 742 1775 759 1783 761 1783 762 1783 804 1776 900 1783 901 1783 902 1783 904 1783 915 1775 1165 1775 1166 1763 1165 1736 1032 1736 1031 1734 1015 1722 1013 1722 1012 1722 1011 1722 1009 1722 978 1732 943 1722 942 1722 940 1722 939 1722 916 1734 915 1736 863 1736 862 1734 839 1722 838 1722 793 1722 792 1722 790 1722 789 1722 771 1734 770 1734 766 1734 706 1724 705 1724 704 1724 702 1724 690 1734 689 1736 656 1736 654 1734 636 1721 635 1721 633 1721 632 1721 631 1721 600 1733 600 1734 474 1734 473 1733 454 1721 452 1721 451 1721 450 1721 335 1732 325 1725 324 1725 323 1725 321 1725 320 1725 298 1730 286 1721 285 1721 283 1721 200 1721 198 1721 143 1732 143 1760"/></Shape>
	    <String CONTENT="qu’il l’auoit fait pour rire, &amp; qu’il s’y eſtoit trou¬"
                    HPOS="141.0"
                    VPOS="1721.0"
                    WIDTH="1025.0"
                    HEIGHT="63.0"
                    WC="0.9970304204357995"></String>
          </TextLine>
          <TextLine ID="line_17"
                    TAGREFS="LT8"
                    BASELINE="144 1821 483 1821" 
                    HPOS="144.0"
                    VPOS="1779.0"
                    WIDTH="339.0"
                    HEIGHT="59.0">
            <Shape><Polygon POINTS="144 1821 144 1832 158 1838 159 1838 160 1838 200 1832 243 1838 244 1838 277 1832 471 1838 473 1838 474 1838 475 1838 483 1832 483 1821 483 1794 419 1794 417 1792 397 1779 396 1779 394 1779 367 1779 366 1779 364 1779 339 1792 337 1792 335 1792 312 1786 310 1786 309 1786 237 1790 227 1780 227 1779 225 1779 224 1779 223 1779 144 1790 144 1821"/></Shape>
	    <String CONTENT="ué luy-meſmes."
                    HPOS="144.0"
                    VPOS="1779.0"
                    WIDTH="339.0"
                    HEIGHT="59.0"
                    WC="0.9807987689971924"></String>
          </TextLine>
        </TextBlock>
        <TextBlock HPOS="1113.0"
                   VPOS="77.0"
                   WIDTH="80.0"
                   HEIGHT="54.0"
                   ID="block_6"
                   TAGREFS="BT15">
          <Shape><Polygon POINTS="1193 77 1193 131 1113 131 1113 77"/></Shape>
          <TextLine ID="line_18"
                    TAGREFS="LT8"
                    BASELINE="1105 113 1192 116" 
                    HPOS="1104.0"
                    VPOS="95.0"
                    WIDTH="88.0"
                    HEIGHT="38.0">
            <Shape><Polygon POINTS="1146 95 1132 95 1119 95 1105 95 1105 113 1104 120 1139 122 1153 133 1154 133 1155 133 1157 133 1158 133 1190 122 1192 116 1190 97 1147 95 1146 95"/></Shape>
	    <String CONTENT="M4"
                    HPOS="1104.0"
                    VPOS="95.0"
                    WIDTH="88.0"
                    HEIGHT="38.0"
                    WC="0.9999969005584717"></String>
          </TextLine>
        </TextBlock>
        <TextBlock HPOS="155.0"
                   VPOS="130.0"
                   WIDTH="1040.0"
                   HEIGHT="299.0"
                   ID="block_1"
                   TAGREFS="BT100005">
          <Shape><Polygon POINTS="1195 130 1195 429 155 429 155 130"/></Shape>
          <TextLine ID="line_19"
                    TAGREFS="LT8"
                    BASELINE="217 175 1194 179" 
                    HPOS="214.0"
                    VPOS="131.0"
                    WIDTH="978.0"
                    HEIGHT="69.0">
            <Shape><Polygon POINTS="1167 131 841 139 792 131 774 131 764 139 671 139 663 131 519 131 314 137 291 131 265 131 259 137 235 131 216 131 214 188 669 188 802 200 981 190 1013 200 1025 200 1036 190 1188 200 1192 178 1188 139 1167 131"/></Shape>
	    <String CONTENT="Ie ſceu que ces trois beaux Sires s’eſtoyent fait"
                    HPOS="214.0"
                    VPOS="131.0"
                    WIDTH="978.0"
                    HEIGHT="69.0"
                    WC="0.9940704180269825"></String>
          </TextLine>
          <TextLine ID="line_20"
                    TAGREFS="LT8"
                    BASELINE="154 232 1190 237" 
                    HPOS="152.0"
                    VPOS="189.0"
                    WIDTH="1038.0"
                    HEIGHT="65.0">
            <Shape><Polygon POINTS="154 232 152 240 227 249 228 249 523 245 654 244 720 248 786 252 788 252 831 249 896 245 1188 254 1190 237 1190 205 1161 205 1159 204 1143 193 1142 193 1140 193 1139 193 1138 193 1109 204 1108 204 1107 204 1058 193 1057 193 1055 193 1054 193 1038 204 1035 205 978 205 973 202 931 191 930 191 928 191 874 202 869 204 746 204 743 201 732 191 731 191 729 191 728 191 661 199 651 201 650 199 631 190 629 190 628 190 560 199 546 201 523 199 413 189 412 189 410 189 409 189 396 198 393 201 360 201 356 198 341 189 340 189 339 189 294 189 293 189 291 189 290 189 279 197 278 198 277 197 262 189 260 189 259 189 258 189 237 197 231 199 221 197 194 189 193 189 191 189 154 195 154 232"/></Shape>
	    <String CONTENT="ſeruir à la table en vn leur banquet ſolennel à des"
                    HPOS="152.0"
                    VPOS="189.0"
                    WIDTH="1038.0"
                    HEIGHT="65.0"
                    WC="0.9865433292568855"></String>
          </TextLine>
          <TextLine ID="line_21"
                    TAGREFS="LT8"
                    BASELINE="152 290 1192 299" 
                    HPOS="151.0"
                    VPOS="248.0"
                    WIDTH="1041.0"
                    HEIGHT="70.0">
            <Shape><Polygon POINTS="152 290 151 301 160 308 162 308 163 308 164 308 458 304 477 304 478 304 485 310 486 310 487 310 489 310 546 305 563 304 567 305 583 313 585 313 586 313 643 306 661 305 663 308 674 314 675 314 677 314 678 316 713 316 713 314 715 314 728 308 736 305 836 305 844 310 855 316 857 316 858 316 885 310 904 308 948 312 974 314 975 314 977 314 982 313 997 308 1020 313 1043 318 1044 318 1046 318 1062 314 1071 312 1080 314 1089 318 1090 318 1092 318 1190 316 1192 299 1192 267 1174 260 1173 260 1171 260 1057 264 1027 255 1025 255 1024 255 911 264 809 264 790 254 789 254 788 254 708 260 697 252 696 252 694 252 693 252 613 263 612 263 556 256 555 256 363 260 351 254 350 254 348 254 347 254 208 259 193 248 191 248 190 248 189 248 187 248 152 259 152 290"/></Shape>
	    <String CONTENT="ſemmes toutes nues, auſquelles apres le banquet"
                    HPOS="151.0"
                    VPOS="248.0"
                    WIDTH="1041.0"
                    HEIGHT="70.0"
                    WC="0.9739275752229893"></String>
          </TextLine>
          <TextLine ID="line_22"
                    TAGREFS="LT8"
                    BASELINE="154 351 1190 353" 
                    HPOS="152.0"
                    VPOS="309.0"
                    WIDTH="1038.0"
                    HEIGHT="62.0">
            <Shape><Polygon POINTS="154 351 152 360 585 362 586 363 628 370 629 370 631 370 652 363 654 363 656 363 704 370 705 370 838 364 907 371 908 371 1189 364 1190 353 1189 310 1151 310 1150 310 1148 310 1127 322 1088 322 1066 310 1065 310 1063 310 1062 310 1035 322 919 322 896 310 894 310 893 310 892 310 890 310 889 310 848 321 784 321 771 310 770 310 769 310 767 310 766 310 763 310 728 321 633 321 621 312 619 309 617 309 616 309 592 309 590 309 589 309 588 309 585 312 574 321 381 321 354 312 343 309 341 309 312 309 310 309 309 309 308 309 305 312 296 320 278 312 270 309 268 309 231 309 229 309 228 309 227 309 223 312 213 320 201 312 197 309 196 309 194 309 193 309 154 312 154 351"/></Shape>
	    <String CONTENT="ils bruſlerent auec des torches allumees le poil"
                    HPOS="152.0"
                    VPOS="309.0"
                    WIDTH="1038.0"
                    HEIGHT="62.0"
                    WC="0.9899597143133482"></String>
          </TextLine>
          <TextLine ID="line_23"
                    TAGREFS="LT8"
                    BASELINE="154 408 735 410" 
                    HPOS="152.0"
                    VPOS="368.0"
                    WIDTH="583.0"
                    HEIGHT="60.0">
            <Shape><Polygon POINTS="154 408 152 417 277 426 278 426 310 420 333 426 335 426 336 426 497 421 610 428 612 428 613 428 615 428 627 421 733 421 735 410 733 382 694 381 685 371 685 370 683 370 682 370 681 370 606 381 602 382 533 382 533 381 523 371 523 370 521 370 520 370 519 370 455 381 450 381 447 381 429 374 428 374 427 374 279 379 267 379 266 379 248 368 247 368 246 368 244 368 243 368 216 379 214 379 193 368 191 368 190 368 189 368 154 378 154 408"/></Shape>
	    <String CONTENT="de leurs parties honteuſes."
                    HPOS="152.0"
                    VPOS="368.0"
                    WIDTH="583.0"
                    HEIGHT="60.0"
                    WC="0.9987400703959994"></String>
          </TextLine>
        </TextBlock>
        <TextBlock HPOS="151.0"
                   VPOS="434.0"
                   WIDTH="1046.0"
                   HEIGHT="407.0"
                   ID="block_2"
                   TAGREFS="BT100005">
          <Shape><Polygon POINTS="1197 434 1197 841 151 841 151 434"/></Shape>
          <TextLine ID="line_24"
                    TAGREFS="LT8"
                    BASELINE="228 470 1189 472" 
                    HPOS="225.0"
                    VPOS="435.0"
                    WIDTH="963.0"
                    HEIGHT="47.0">
            <Shape><Polygon POINTS="227 468 225 482 1186 482 1188 470 1186 437 227 435 227 468"/></Shape>
	    <String CONTENT="Apres cela comme ils eſtoyent en peine. de ſca"
                    HPOS="225.0"
                    VPOS="435.0"
                    WIDTH="963.0"
                    HEIGHT="47.0"
                    WC="0.9901295537533967"></String>
          </TextLine>
          <TextLine ID="line_25"
                    TAGREFS="LT8"
                    BASELINE="151 529 939 529 1192 535" 
                    HPOS="150.0"
                    VPOS="487.0"
                    WIDTH="1042.0"
                    HEIGHT="62.0">
            <Shape><Polygon POINTS="151 529 150 537 312 539 313 540 323 548 324 548 325 548 327 548 364 540 375 539 379 540 394 548 396 548 397 548 398 548 421 541 432 539 497 539 517 543 554 549 555 549 594 543 606 541 612 543 625 549 627 549 628 549 661 544 678 541 705 544 747 549 748 549 770 545 797 540 1189 549 1192 535 1192 501 1063 501 1063 499 1042 489 1040 489 1039 489 1038 489 1016 498 997 489 996 489 994 489 993 489 962 499 905 489 904 489 848 499 847 499 827 489 825 489 824 489 792 495 762 489 761 489 759 489 758 489 727 499 629 499 588 489 586 489 585 489 559 499 558 499 516 499 494 499 478 487 477 487 475 487 474 487 377 498 151 498 151 529"/></Shape>
	    <String CONTENT="uoir en quoy ils employeroyẽt le reſte de la niut,"
                    HPOS="150.0"
                    VPOS="487.0"
                    WIDTH="1042.0"
                    HEIGHT="62.0"
                    WC="0.9931836268481087"></String>
          </TextLine>
          <TextLine ID="line_26"
                    TAGREFS="LT8"
                    BASELINE="151 586 1190 589" 
                    HPOS="150.0"
                    VPOS="568.0"
                    WIDTH="1040.0"
                    HEIGHT="37.0">
            <Shape><Polygon POINTS="1177 587 1163 587 1150 587 1136 587 1123 587 1109 587 1096 587 1082 587 1069 587 1055 587 1042 587 1028 587 1015 587 1001 587 988 587 974 587 961 587 947 587 934 587 920 587 907 587 893 587 879 587 866 587 852 587 839 587 825 587 812 587 798 587 785 587 771 587 758 587 744 587 731 587 717 587 705 585 692 585 678 585 665 585 651 585 638 585 624 585 610 585 597 585 583 585 570 585 556 585 543 585 529 585 516 585 502 585 489 585 475 585 462 585 448 585 435 585 421 585 408 585 394 585 381 585 367 585 354 585 340 585 327 585 313 585 300 585 286 585 273 585 259 585 246 585 232 585 218 585 205 585 202 576 151 568 151 586 150 595 174 603 175 603 177 603 270 598 278 605 279 605 281 605 282 605 358 598 362 598 1188 605 1190 589 1189 587 1177 587"/></Shape>
	    <String CONTENT="Mhieuma unnopene Maums cicoapoance pey"
                    HPOS="150.0"
                    VPOS="568.0"
                    WIDTH="1040.0"
                    HEIGHT="37.0"
                    WC="0.9676777383214549"></String>
          </TextLine>
          <TextLine ID="line_27"
                    TAGREFS="LT8"
                    BASELINE="152 645 1192 649" 
                    HPOS="151.0"
                    VPOS="603.0"
                    WIDTH="1041.0"
                    HEIGHT="65.0">
            <Shape><Polygon POINTS="152 645 151 653 174 663 175 663 177 663 421 657 497 656 555 659 666 666 667 666 669 666 679 660 688 657 844 657 897 664 925 667 927 667 959 664 1013 660 1031 666 1036 667 1038 667 1039 668 1190 668 1192 649 1192 618 1158 606 1157 606 1113 606 1112 606 1111 606 1109 606 1094 617 1094 618 951 618 950 617 934 606 932 606 931 606 901 606 900 606 850 617 846 617 844 617 819 605 817 605 816 605 767 614 715 605 713 605 712 605 711 605 694 616 693 617 529 617 528 616 515 605 513 605 512 605 510 605 509 605 487 612 477 603 475 603 474 603 473 603 471 603 432 614 390 614 375 614 374 614 328 603 327 603 325 603 324 603 309 614 290 603 289 603 287 603 286 603 259 612 223 603 221 603 220 603 197 614 196 614 152 614 152 645"/></Shape>
	    <String CONTENT="uoſt de Paris de leur appreſter la collation, qu’ils"
                    HPOS="151.0"
                    VPOS="603.0"
                    WIDTH="1041.0"
                    HEIGHT="65.0"
                    WC="0.996573982330469"></String>
          </TextLine>
          <TextLine ID="line_28"
                    TAGREFS="LT8"
                    BASELINE="151 702 1192 710" 
                    HPOS="150.0"
                    VPOS="660.0"
                    WIDTH="1042.0"
                    HEIGHT="69.0">
            <Shape><Polygon POINTS="151 702 150 710 173 721 174 721 175 721 260 714 324 724 325 724 431 716 446 714 460 716 543 725 544 725 620 718 650 716 661 718 686 726 688 726 689 726 721 720 735 717 758 720 784 724 785 724 811 721 844 717 865 722 886 728 888 728 889 728 915 722 936 718 989 724 1040 729 1042 729 1065 725 1093 720 1189 726 1192 710 1192 680 1158 667 1157 667 1135 667 1134 667 1132 667 1131 667 1116 679 1115 680 1034 680 1031 678 1012 666 1011 666 1009 666 975 666 974 666 973 666 971 666 957 678 955 678 900 676 885 676 873 666 871 666 870 666 869 666 867 666 835 675 798 664 797 664 756 664 755 664 754 664 752 664 742 674 738 678 700 678 693 674 671 663 670 663 669 663 667 663 647 674 581 675 562 672 533 667 532 667 531 667 523 671 520 672 519 671 498 662 497 662 474 662 473 662 471 662 470 662 458 671 451 675 328 675 319 668 305 660 304 660 302 660 301 660 300 660 273 668 258 674 193 674 185 667 175 660 174 660 173 660 171 660 170 660 151 666 151 702"/></Shape>
	    <String CONTENT="la vouloyent allet prendre chez luy. Et que de,"
                    HPOS="150.0"
                    VPOS="660.0"
                    WIDTH="1042.0"
                    HEIGHT="69.0"
                    WC="0.9976315409579175"></String>
          </TextLine>
          <TextLine ID="line_29"
                    TAGREFS="LT8"
                    BASELINE="150 762 1189 766" 
                    HPOS="148.0"
                    VPOS="722.0"
                    WIDTH="1041.0"
                    HEIGHT="64.0">
            <Shape><Polygon POINTS="150 762 148 772 286 783 287 783 325 775 344 783 346 783 347 783 383 775 406 782 408 782 409 782 410 782 412 782 421 775 423 775 455 775 493 775 502 784 504 784 505 784 506 784 585 778 658 784 659 784 661 784 677 776 678 776 842 776 847 778 873 786 874 786 875 786 938 778 946 778 957 778 1038 786 1039 786 1040 786 1067 779 1074 778 1186 779 1189 766 1189 737 1159 725 1158 725 1130 725 1128 725 1127 725 1126 725 1111 736 1111 737 1024 737 1023 736 1007 725 1005 725 1004 725 954 725 952 725 951 725 925 735 921 737 846 737 843 735 832 725 832 724 831 724 829 724 828 724 766 733 756 736 650 736 644 733 628 724 627 724 625 724 624 724 597 732 588 735 431 733 424 730 387 722 386 722 323 730 294 733 286 729 271 722 270 722 268 722 232 729 212 733 204 729 190 722 189 722 187 722 150 728 150 762"/></Shape>
	    <String CONTENT="ſait ils y allerent, quelque exeuſe que Nantouil¬"
                    HPOS="148.0"
                    VPOS="722.0"
                    WIDTH="1041.0"
                    HEIGHT="64.0"
                    WC="0.992659330368042"></String>
          </TextLine>
          <TextLine ID="line_30"
                    TAGREFS="LT8"
                    BASELINE="150 821 934 824" 
                    HPOS="148.0"
                    VPOS="778.0"
                    WIDTH="786.0"
                    HEIGHT="65.0">
            <Shape><Polygon POINTS="150 821 148 830 206 840 208 840 209 840 210 840 223 833 310 833 328 841 329 841 331 841 332 841 350 833 408 833 421 841 423 841 424 841 425 841 505 833 540 843 542 843 543 843 544 843 567 836 598 843 600 843 639 834 679 843 681 843 682 843 713 834 805 843 806 843 808 843 825 834 932 834 934 824 934 794 897 794 897 793 884 780 884 779 882 779 881 779 879 779 878 779 842 791 816 779 815 779 813 779 761 789 742 779 740 779 739 779 738 779 736 779 736 780 725 791 723 794 696 794 693 790 682 780 682 779 681 779 679 779 662 779 661 779 659 779 658 779 658 780 647 790 644 793 435 793 427 787 412 778 410 778 409 778 383 778 382 778 381 778 379 778 366 787 359 791 354 786 343 778 341 778 340 778 339 778 337 778 314 786 298 793 268 793 262 786 255 779 255 778 254 778 252 778 233 778 232 778 231 778 229 778 229 779 223 784 216 791 190 790 186 784 179 779 179 778 178 778 177 778 175 778 150 783 150 821"/></Shape>
	    <String CONTENT="let ſceuſt alleguer pour ſes deſſenſes."
                    HPOS="148.0"
                    VPOS="778.0"
                    WIDTH="786.0"
                    HEIGHT="65.0"
                    WC="0.9992523254492344"></String>
          </TextLine>
        </TextBlock>
        <TextBlock HPOS="140.0"
                   VPOS="1835.0"
                   WIDTH="1030.0"
                   HEIGHT="189.0"
                   ID="block_3"
                   TAGREFS="BT100005">
          <Shape><Polygon POINTS="1170 1835 1166 2003 140 2024 140 1840"/></Shape>
          <TextLine ID="line_31"
                    TAGREFS="LT8"
                    BASELINE="187 1879 1173 1882" 
                    HPOS="186.0"
                    VPOS="1838.0"
                    WIDTH="987.0"
                    HEIGHT="65.0">
            <Shape><Polygon POINTS="187 1879 186 1888 235 1890 248 1902 250 1902 251 1902 252 1902 300 1891 324 1902 325 1902 327 1902 328 1902 355 1891 401 1891 414 1902 416 1902 417 1902 419 1902 420 1902 465 1891 551 1891 582 1902 583 1902 585 1902 646 1892 704 1903 705 1903 775 1896 834 1903 835 1903 882 1892 975 1892 997 1903 998 1903 1000 1903 1119 1892 1146 1903 1147 1903 1148 1903 1150 1903 1171 1891 1173 1882 1173 1853 1139 1845 1138 1845 1136 1845 1081 1848 1071 1840 1070 1840 1069 1840 1028 1840 1027 1840 1025 1840 1001 1851 975 1840 974 1840 942 1840 940 1840 939 1840 938 1840 923 1851 894 1840 893 1840 892 1840 890 1840 862 1853 708 1853 679 1838 678 1838 677 1838 400 1851 362 1838 360 1838 359 1838 358 1838 321 1851 239 1851 213 1838 212 1838 210 1838 209 1838 187 1849 187 1879"/></Shape>
	    <String CONTENT="A quoy le tyran reſpõdit, que par le ſang Dieu,"
                    HPOS="186.0"
                    VPOS="1838.0"
                    WIDTH="987.0"
                    HEIGHT="65.0"
                    WC="0.9971578381955624"></String>
          </TextLine>
          <TextLine ID="line_32"
                    TAGREFS="LT8"
                    BASELINE="141 1937 1166 1940" 
                    HPOS="140.0"
                    VPOS="1898.0"
                    WIDTH="1026.0"
                    HEIGHT="62.0">
            <Shape><Polygon POINTS="141 1937 140 1946 200 1956 201 1956 202 1956 216 1949 231 1956 232 1956 233 1956 235 1956 263 1949 515 1949 525 1959 527 1959 528 1959 529 1959 609 1949 716 1960 717 1960 781 1959 782 1959 784 1959 790 1953 797 1959 798 1959 800 1959 801 1959 835 1952 843 1959 844 1959 846 1959 955 1960 957 1960 958 1960 959 1960 974 1951 1063 1951 1103 1960 1104 1960 1105 1960 1107 1960 1108 1960 1119 1951 1165 1949 1166 1940 1166 1911 1144 1899 1143 1899 1142 1899 1036 1910 1034 1911 992 1911 990 1910 974 1899 973 1899 971 1899 970 1899 925 1907 915 1899 913 1899 912 1899 858 1899 857 1899 855 1899 854 1899 842 1909 840 1910 838 1909 808 1899 806 1899 805 1899 804 1899 785 1909 782 1910 519 1910 513 1907 500 1898 498 1898 497 1898 496 1898 432 1906 409 1909 401 1906 382 1898 381 1898 379 1898 378 1898 360 1906 354 1909 350 1906 340 1898 339 1898 337 1898 336 1898 304 1905 287 1909 270 1905 250 1901 248 1901 229 1905 212 1909 201 1905 185 1898 183 1898 182 1898 141 1903 141 1937"/></Shape>
	    <String CONTENT="il n’eneſtoit riẽ &amp; que ceux qui le diſoyẽt auoyẽt"
                    HPOS="140.0"
                    VPOS="1898.0"
                    WIDTH="1026.0"
                    HEIGHT="62.0"
                    WC="0.9898555413731989"></String>
          </TextLine>
          <TextLine ID="line_33"
                    TAGREFS="LT8"
                    BASELINE="141 1996 1166 2000" 
                    HPOS="140.0"
                    VPOS="1955.0"
                    WIDTH="1026.0"
                    HEIGHT="66.0">
            <Shape><Polygon POINTS="141 1996 140 2009 202 2018 204 2018 348 2011 370 2011 383 2013 442 2018 443 2018 444 2018 446 2018 452 2013 455 2011 510 2014 635 2019 636 2019 828 2017 1115 2014 1163 2021 1166 2000 1166 1968 1157 1961 1155 1961 1154 1961 1153 1961 1151 1961 1130 1968 1009 1967 998 1957 997 1957 996 1957 994 1957 940 1968 940 1969 886 1969 885 1968 867 1957 866 1957 865 1957 863 1957 862 1957 838 1968 779 1968 746 1968 694 1956 693 1956 597 1967 596 1967 582 1956 581 1956 579 1956 509 1956 508 1956 506 1956 483 1967 482 1967 481 1967 451 1955 450 1955 448 1955 447 1955 416 1965 398 1955 397 1955 396 1955 394 1955 393 1955 350 1965 348 1967 313 1967 312 1965 298 1955 297 1955 296 1955 294 1955 293 1955 262 1965 260 1967 231 1967 229 1965 217 1955 216 1955 214 1955 213 1955 212 1955 187 1965 186 1965 141 1965 141 1996"/></Shape>
	    <String CONTENT="mẽty:dont le Preſidẽt treſcõtent: i’en informeray,"
                    HPOS="140.0"
                    VPOS="1955.0"
                    WIDTH="1026.0"
                    HEIGHT="66.0"
                    WC="0.9960241902549312"></String>
          </TextLine>
        </TextBlock>
        <TextBlock HPOS="865.0"
                   VPOS="2019.0"
                   WIDTH="110.0"
                   HEIGHT="55.0"
                   ID="block_0"
                   TAGREFS="BT17">
          <Shape><Polygon POINTS="975 2019 975 2074 865 2074 865 2019"/></Shape>
          <TextLine ID="line_34"
                    TAGREFS="LT8"
                    BASELINE="908 2028 947 2028" 
                    HPOS="908.0"
                    VPOS="2010.0"
                    WIDTH="39.0"
                    HEIGHT="28.0">
            <Shape><Polygon POINTS="908 2028 908 2038 947 2038 947 2028 947 2011 908 2010 908 2028"/></Shape>
	    <String CONTENT="..."
                    HPOS="908.0"
                    VPOS="2010.0"
                    WIDTH="39.0"
                    HEIGHT="28.0"
                    WC="0.969778835773468"></String>
          </TextLine>
          <TextLine ID="line_35"
                    TAGREFS="LT8"
                    BASELINE="863 2059 975 2059" 
                    HPOS="863.0"
                    VPOS="2023.0"
                    WIDTH="112.0"
                    HEIGHT="49.0">
            <Shape><Polygon POINTS="917 2029 916 2028 863 2023 863 2059 863 2072 975 2072 975 2059 975 2034 919 2029 917 2029"/></Shape>
	    <String CONTENT="l.uiii."
                    HPOS="863.0"
                    VPOS="2023.0"
                    WIDTH="112.0"
                    HEIGHT="49.0"
                    WC="0.9873607584408352"></String>
          </TextLine>
        </TextBlock>
        <TextBlock HPOS="532.0"
                   VPOS="2313.0"
                   WIDTH="302.0"
                   HEIGHT="67.0"
                   ID="eSc_textblock_26ca479d"
                   TAGREFS="BT9">
          <Shape><Polygon POINTS="532 2313 532 2380 834 2380 834 2313"/></Shape>
        </TextBlock>
      </PrintSpace>
    </Page>
  </Layout>
</alto>
