1439 2430
137.0 179.0 1037.0 35.0 pomeunuo anoouucanupralomomeoſeſordece

137.0 213.0 1039.0 55.0 quel des partis ie maintenois. Cependant i’allois

141.0 271.0 1039.0 65.0 pourſuyuant mon chemin,u’ayant eu preſque ia¬

139.0 330.0 1036.0 53.0 mais faute d’vn entretien de meſme eſtoffe ſelon

137.0 390.0 1034.0 60.0 les gens que ie rencontrois: Dieu voulut qu’vn

136.0 446.0 1040.0 62.0 iour ie trouuay par les chemins deux gentils-hõ¬

137.0 504.0 1038.0 65.0 mes de la Religion, qui s’eſtoyent depuis les maſ

136.0 565.0 1039.0 54.0 ſacre reuoltez de peur de: la mort, bien montez &

136.0 625.0 1039.0 59.0 armez de meſmes qui s’en alloyent tout droit au

136.0 680.0 1040.0 63.0 camp aſſemblé deuant la Rochelle: non pas, ce

137.0 739.0 1041.0 64.0 diſoyent-ils, afin de faire mal aux aſsiegez: que

140.0 799.0 1038.0 67.0 pluſtoſt ils mourroyent mille morts que le pen¬

136.0 858.0 1036.0 65.0 ſer: ains ſeulement pour empeſcher qu’on ne con

136.0 913.0 1034.0 63.0 fiſcaſt tous leurs fiefs & qu’on les rendiſt rotu¬

136.0 974.0 1032.0 64.0 riers,ſuyuãt le ban qui en eſtoit fait & publié par

139.0 1036.0 1029.0 57.0 toute la France contre ceux qui refuſeroyent de

136.0 1094.0 1042.0 60.0 ſe trouuer en celle armee: & auſsi pour plus ſeu¬

135.0 1155.0 1036.0 58.0 rement garantir, eux & leurs familles en mon¬

137.0 1209.0 731.0 55.0 ſtrant l’atteſtation de leur ſeruice.

287.0 66.0 600.0 65.0 DIALOGVE II.

1097.0 103.0 81.0 29.0 201

170.0 1269.0 1000.0 63.0 Ces poures gens à demy morts de la faſcherie

140.0 1328.0 1034.0 61.0 qu’ils auoyent d’auoir oſtenſé Dieu contre leur

137.0 1389.0 1029.0 59.0 conſcieuce portoyent vn incredible regret des

137.0 1448.0 1038.0 51.0 cruaut ez exercees ſur nos frerés, des trahiſons,

139.0 1506.0 1036.0 60.0 deſloyautez & autres confuſions qu’on voyoit

139.0 1563.0 1032.0 65.0 emmy le Royaume. Et en ſouſpirant maintefois

140.0 1625.0 1027.0 57.0 monſtroyent de porter vne enuie de recouurer

141.0 1702.0 1026.0 40.0 leuciibette, comdie quas tuit, iuit ce au pria de

141.0 1738.0 707.0 62.0 leur vie, ſi l’occaſion ſi preſentoit.

199.0 1799.0 969.0 59.0 Geux-là m'aſſeurerẽt que Sancerre, où i’auois

140.0 1858.0 1030.0 52.0 enuie d’aller tout premierement eſtoit de bien

144.0 1915.0 1024.0 66.0 pres aſsiegee, & là Rochelle tout de meſmes, qu’il

143.0 1975.0 1023.0 66.0 n’'y auoit moyen d’y entrer ou de ſe gliſſer dans le

920.0 2046.0 67.0 46.0 Iii.
