<?xml version="1.0" encoding="UTF-8"?>
<alto xmlns:xsi="http://www.w3.org/2001/XMLSchema-instance"
      xmlns="http://www.loc.gov/standards/alto/ns-v4#"
      xsi:schemaLocation="http://www.loc.gov/standards/alto/ns-v4# http://www.loc.gov/standards/alto/v4/alto-4-2.xsd">
  <Description>
    <MeasurementUnit>pixel</MeasurementUnit>
    <sourceImageInformation>
      <fileName>page_00265.png</fileName>
      <fileIdentifier>mets//page_00205.zip/page_00265.png</fileIdentifier>
    </sourceImageInformation>
  </Description>
  <Tags>
    <OtherTag ID="BT7" LABEL="CustomZone" DESCRIPTION="block type CustomZone"/><OtherTag ID="BT8" LABEL="DamageZone" DESCRIPTION="block type DamageZone"/><OtherTag ID="BT9" LABEL="DigitizationArtefactZone" DESCRIPTION="block type DigitizationArtefactZone"/><OtherTag ID="BT10" LABEL="DropCapitalZone" DESCRIPTION="block type DropCapitalZone"/><OtherTag ID="BT11" LABEL="GraphicZone" DESCRIPTION="block type GraphicZone"/><OtherTag ID="BT12" LABEL="MainZone" DESCRIPTION="block type MainZone"/><OtherTag ID="BT13" LABEL="MarginTextZone" DESCRIPTION="block type MarginTextZone"/><OtherTag ID="BT14" LABEL="MusicZone" DESCRIPTION="block type MusicZone"/><OtherTag ID="BT15" LABEL="NumberingZone" DESCRIPTION="block type NumberingZone"/><OtherTag ID="BT17" LABEL="QuireMarksZone" DESCRIPTION="block type QuireMarksZone"/><OtherTag ID="BT18" LABEL="RunningTitleZone" DESCRIPTION="block type RunningTitleZone"/><OtherTag ID="BT19" LABEL="SealZone" DESCRIPTION="block type SealZone"/><OtherTag ID="BT20" LABEL="StampZone" DESCRIPTION="block type StampZone"/><OtherTag ID="BT21" LABEL="TableZone" DESCRIPTION="block type TableZone"/><OtherTag ID="BT22" LABEL="TitlePageZone" DESCRIPTION="block type TitlePageZone"/><OtherTag ID="BT100001" LABEL="MainZone-Head" DESCRIPTION="block type MainZone-Head"/><OtherTag ID="BT100005" LABEL="MainZone-P" DESCRIPTION="block type MainZone-P"/><OtherTag ID="BT100008" LABEL="MainZone-Sp" DESCRIPTION="block type MainZone-Sp"/><OtherTag ID="BT100006" LABEL="MainZone-Continued" DESCRIPTION="block type MainZone-Continued"/><OtherTag ID="BT100011" LABEL="MainZone-Entry" DESCRIPTION="block type MainZone-Entry"/><OtherTag ID="BT100010" LABEL="MainZone-Other" DESCRIPTION="block type MainZone-Other"/><OtherTag ID="BT100002" LABEL="MainZone-Lg" DESCRIPTION="block type MainZone-Lg"/>
    <OtherTag ID="LT7" LABEL="CustomLine" DESCRIPTION="line type CustomLine"/><OtherTag ID="LT8" LABEL="DefaultLine" DESCRIPTION="line type DefaultLine"/><OtherTag ID="LT9" LABEL="DropCapitalLine" DESCRIPTION="line type DropCapitalLine"/><OtherTag ID="LT10" LABEL="HeadingLine" DESCRIPTION="line type HeadingLine"/><OtherTag ID="LT11" LABEL="InterlinearLine" DESCRIPTION="line type InterlinearLine"/><OtherTag ID="LT12" LABEL="MusicLine" DESCRIPTION="line type MusicLine"/><OtherTag ID="LT764" LABEL="default" DESCRIPTION="line type default"/>
  </Tags>
  <Layout>
    <Page WIDTH="1464"
          HEIGHT="2438"
          PHYSICAL_IMG_NR="65"
          ID="eSc_dummypage_">
      <PrintSpace HPOS="0"
                  VPOS="0"
                  WIDTH="1464"
                  HEIGHT="2438">
        <TextBlock HPOS="295.0"
                   VPOS="87.0"
                   WIDTH="65.0"
                   HEIGHT="50.0"
                   ID="block_5"
                   TAGREFS="BT15">
          <Shape><Polygon POINTS="360 87 360 137 295 137 295 87"/></Shape>
          <TextLine ID="line_0"
                    TAGREFS="LT8"
                    BASELINE="288 124 367 121" 
                    HPOS="286.0"
                    VPOS="79.0"
                    WIDTH="81.0"
                    HEIGHT="59.0">
            <Shape><Polygon POINTS="288 124 288 128 315 138 317 138 318 138 367 125 367 121 364 86 300 79 299 79 298 79 296 79 286 85 288 124"/></Shape>
	    <String CONTENT="66"
                    HPOS="286.0"
                    VPOS="79.0"
                    WIDTH="81.0"
                    HEIGHT="59.0"
                    WC="0.999906450510025"></String>
          </TextLine>
        </TextBlock>
        <TextBlock HPOS="285.0"
                   VPOS="161.0"
                   WIDTH="1039.0"
                   HEIGHT="106.0"
                   ID="eSc_textblock_21b5e0db"
                   TAGREFS="BT100006">
          <Shape><Polygon POINTS="285 161 285 267 1324 267 1324 161"/></Shape>
          <TextLine ID="line_2"
                    TAGREFS="LT8"
                    BASELINE="288 193 1318 199" 
                    HPOS="287.0"
                    VPOS="150.0"
                    WIDTH="1031.0"
                    HEIGHT="66.0">
            <Shape><Polygon POINTS="288 193 287 203 300 211 302 211 303 211 305 211 482 204 550 214 551 214 604 207 741 214 742 214 744 214 776 205 821 212 822 212 917 207 933 215 935 215 936 215 938 215 970 207 1146 214 1148 214 1149 214 1163 208 1226 216 1228 216 1229 216 1230 216 1240 208 1317 207 1318 199 1318 167 1260 163 1249 154 1248 154 1247 154 1245 154 1244 154 1224 162 1207 154 1206 154 1205 154 1169 161 1140 154 1138 154 1137 154 1135 154 1134 154 1123 162 1085 154 1084 154 1083 154 1061 162 1023 153 1022 153 997 153 996 153 994 153 993 153 978 165 978 166 900 166 898 165 868 153 867 153 866 153 864 153 863 153 847 163 833 153 832 153 830 153 829 153 828 153 806 161 797 153 797 151 795 151 794 151 793 151 791 151 750 163 749 165 624 165 623 163 608 151 607 151 605 151 604 151 532 162 516 150 515 150 513 150 512 150 511 150 509 150 490 162 489 163 448 163 448 162 422 150 421 150 420 150 418 150 386 162 384 162 288 162 288 193"/></Shape>
	    <String CONTENT="mené en Angleterre, où ie le vy chez le Seigneur"
                    HPOS="287.0"
                    VPOS="150.0"
                    WIDTH="1031.0"
                    HEIGHT="66.0"
                    WC="0.9874825370311737"></String>
          </TextLine>
          <TextLine ID="line_3"
                    TAGREFS="LT8"
                    BASELINE="290 253 1251 255" 
                    HPOS="288.0"
                    VPOS="211.0"
                    WIDTH="963.0"
                    HEIGHT="54.0">
            <Shape><Polygon POINTS="290 253 288 262 1248 265 1251 255 1249 226 1156 223 1135 212 1134 212 1089 212 1088 212 1087 212 1065 222 1042 212 1041 212 1039 212 1038 212 1037 212 1022 224 1022 226 967 226 966 224 948 212 947 212 946 212 944 212 943 212 919 220 910 212 909 212 908 212 877 212 875 212 874 212 847 224 829 212 828 212 826 212 825 212 824 212 794 224 698 224 672 211 671 211 669 211 668 211 635 223 581 211 580 211 479 223 478 223 454 211 452 211 451 211 450 211 431 218 408 211 406 211 405 211 403 211 384 222 367 211 366 211 364 211 363 211 361 211 360 211 347 223 314 211 313 211 311 211 310 211 290 220 290 253"/></Shape>
	    <String CONTENT="de la Motte Fenelon, ambaſſadeur du Tyran¬"
                    HPOS="288.0"
                    VPOS="211.0"
                    WIDTH="963.0"
                    HEIGHT="54.0"
                    WC="0.9847620413416908"></String>
          </TextLine>
        </TextBlock>
        <TextBlock HPOS="289.0"
                   VPOS="272.0"
                   WIDTH="1035.0"
                   HEIGHT="222.0"
                   ID="eSc_textblock_71a82ca0"
                   TAGREFS="BT100008">
          <Shape><Polygon POINTS="1324 494 1324 272 289 272 289 494"/></Shape>
          <TextLine ID="line_4"
                    TAGREFS="LT8"
                    BASELINE="288 315 1320 311" 
                    HPOS="287.0"
                    VPOS="270.0"
                    WIDTH="1033.0"
                    HEIGHT="64.0">
            <Shape><Polygon POINTS="288 315 288 326 328 326 338 334 340 334 341 334 342 334 391 325 398 325 528 325 531 325 542 334 543 334 544 334 546 334 614 325 633 323 729 323 733 325 744 333 745 333 746 333 748 333 798 326 894 330 896 330 897 330 898 330 904 325 908 323 940 325 1027 331 1028 331 1087 325 1108 323 1129 325 1169 330 1171 330 1172 330 1173 330 1180 325 1187 322 1195 325 1206 330 1207 330 1209 330 1210 330 1220 325 1224 323 1225 325 1232 331 1233 331 1234 331 1236 331 1237 331 1249 325 1251 325 1317 325 1320 311 1317 273 1295 270 1294 270 1293 270 1291 270 1289 273 1278 281 1229 273 1205 270 1203 270 1202 270 1201 270 1196 274 1186 283 1032 283 1019 277 1001 270 1000 270 999 270 997 270 996 270 988 277 985 279 977 277 944 272 943 272 942 272 940 272 933 277 927 284 816 284 806 280 783 272 782 272 780 272 779 272 757 280 752 283 748 280 734 272 733 272 732 272 700 272 699 272 698 272 696 272 685 281 683 284 534 284 532 284 511 273 509 273 508 273 506 273 483 283 466 273 464 273 408 273 406 273 405 273 403 273 386 284 370 277 368 277 367 277 366 277 351 284 309 273 307 273 306 273 305 273 303 273 287 283 288 315"/></Shape>
	    <String CONTENT="Le pol. Puis que ce Capitaine eſtoit parent d’vn ſi"
                    HPOS="287.0"
                    VPOS="270.0"
                    WIDTH="1033.0"
                    HEIGHT="64.0"
                    WC="0.9885585156141543"></String>
          </TextLine>
          <TextLine ID="line_5"
                    TAGREFS="LT8"
                    BASELINE="286 373 1321 371" 
                    HPOS="284.0"
                    VPOS="330.0"
                    WIDTH="1037.0"
                    HEIGHT="61.0">
            <Shape><Polygon POINTS="286 373 286 383 528 383 544 383 637 391 638 391 691 383 699 383 707 383 752 391 753 391 813 383 822 383 835 383 887 388 889 388 994 383 1020 383 1024 383 1047 390 1049 390 1050 391 1125 391 1125 390 1126 390 1127 390 1134 383 1138 381 1160 383 1218 390 1220 390 1320 383 1321 371 1320 342 1297 330 1295 330 1294 330 1293 330 1271 342 1190 342 1161 330 1160 330 1159 330 1157 330 1112 341 1112 342 1024 342 1024 341 1003 330 1001 330 1000 330 952 341 951 341 950 341 921 330 920 330 919 330 917 330 882 341 879 342 799 342 711 341 710 341 699 331 698 331 696 331 671 331 669 331 668 331 666 331 656 339 652 342 540 339 508 339 498 331 497 331 496 331 408 331 406 331 405 331 390 339 384 342 334 342 332 339 322 331 321 331 319 331 318 331 284 338 286 373"/></Shape>
	    <String CONTENT="honeſte homme, il ne pouuoit eſtre que braue, &amp;"
                    HPOS="284.0"
                    VPOS="330.0"
                    WIDTH="1037.0"
                    HEIGHT="61.0"
                    WC="0.9845832928698114"></String>
          </TextLine>
          <TextLine ID="line_6"
                    TAGREFS="LT8"
                    BASELINE="291 433 1320 430" 
                    HPOS="290.0"
                    VPOS="391.0"
                    WIDTH="1030.0"
                    HEIGHT="61.0">
            <Shape><Polygon POINTS="291 433 291 442 543 442 551 442 624 452 626 452 627 452 650 444 783 448 784 448 844 442 860 441 875 442 947 451 948 451 950 451 965 442 967 441 984 442 1076 451 1077 451 1116 442 1121 441 1122 442 1131 448 1133 448 1134 448 1135 448 1194 441 1203 441 1205 441 1211 448 1213 448 1214 448 1287 449 1289 449 1290 449 1320 441 1320 430 1317 402 1260 402 1259 400 1248 391 1247 391 1245 391 1244 391 1243 391 1214 400 1211 400 1209 400 1167 391 1165 391 1164 391 1148 400 1145 402 803 402 763 396 727 392 726 392 694 396 647 402 542 400 535 395 532 392 531 392 530 392 528 392 493 395 401 402 290 394 291 433"/></Shape>
	    <String CONTENT="bien excellent guerrier, on ne prent pas tels chats"
                    HPOS="290.0"
                    VPOS="391.0"
                    WIDTH="1030.0"
                    HEIGHT="61.0"
                    WC="0.9939886997727787"></String>
          </TextLine>
          <TextLine ID="line_7"
                    TAGREFS="LT8"
                    BASELINE="288 491 600 486" 
                    HPOS="287.0"
                    VPOS="445.0"
                    WIDTH="313.0"
                    HEIGHT="56.0">
            <Shape><Polygon POINTS="288 491 288 501 600 495 600 486 596 459 558 459 557 459 521 445 520 445 519 445 439 461 436 461 425 461 341 460 332 451 332 449 330 449 329 449 302 449 300 449 299 449 298 449 298 451 287 459 288 491"/></Shape>
	    <String CONTENT="ſans mouffles."
                    HPOS="287.0"
                    VPOS="445.0"
                    WIDTH="313.0"
                    HEIGHT="56.0"
                    WC="0.9997355767658779"></String>
          </TextLine>
        </TextBlock>
        <TextBlock HPOS="504.0"
                   VPOS="81.0"
                   WIDTH="615.0"
                   HEIGHT="60.0"
                   ID="block_3"
                   TAGREFS="BT18">
          <Shape><Polygon POINTS="1119 81 1119 141 504 141 504 81"/></Shape>
          <TextLine ID="line_1"
                    TAGREFS="LT10"
                    BASELINE="496 127 1121 124" 
                    HPOS="494.0"
                    VPOS="88.0"
                    WIDTH="627.0"
                    HEIGHT="52.0">
            <Shape><Polygon POINTS="1104 109 1091 109 1077 109 1064 109 1050 109 1037 109 1023 109 1009 109 996 109 982 109 969 109 955 109 942 109 928 109 915 109 901 109 887 109 874 109 860 109 847 109 833 109 820 109 806 109 793 109 779 109 778 109 774 111 771 109 765 109 752 109 738 109 736 109 734 111 730 109 725 109 711 109 698 109 684 109 683 104 679 105 671 97 661 89 661 88 660 88 658 88 622 88 620 88 619 88 618 88 618 89 612 94 605 89 605 88 604 88 603 88 601 88 494 93 496 127 496 134 505 140 506 140 508 140 509 140 549 132 573 140 574 140 576 140 577 140 597 132 657 140 658 140 660 140 661 140 673 132 706 140 707 140 708 140 710 140 740 132 767 140 768 140 769 140 771 140 806 131 818 139 820 139 821 139 822 139 824 139 858 131 882 131 890 138 890 139 891 139 893 139 894 139 896 139 897 139 910 131 940 139 942 139 943 139 1022 131 1049 139 1050 139 1051 139 1053 139 1054 139 1054 138 1061 132 1066 138 1066 139 1068 139 1069 139 1070 140 1107 140 1107 139 1108 139 1110 139 1121 130 1121 124 1118 109"/></Shape>
	    <String CONTENT="DIALOGVE II."
                    HPOS="494.0"
                    VPOS="88.0"
                    WIDTH="627.0"
                    HEIGHT="52.0"
                    WC="0.9843197067578634"></String>
          </TextLine>
        </TextBlock>
        <TextBlock HPOS="287.0"
                   VPOS="503.0"
                   WIDTH="1042.0"
                   HEIGHT="773.0"
                   ID="block_2"
                   TAGREFS="BT100008">
          <Shape><Polygon POINTS="1329 503 1329 1276 287 1276 287 503"/></Shape>
          <TextLine ID="line_8"
                    TAGREFS="LT8"
                    BASELINE="288 551 1321 547" 
                    HPOS="287.0"
                    VPOS="501.0"
                    WIDTH="1034.0"
                    HEIGHT="63.0">
            <Shape><Polygon POINTS="288 551 288 558 302 564 303 564 305 564 1321 556 1321 547 1318 514 1211 514 1190 501 1188 501 1187 501 1186 501 1184 501 1183 501 1164 513 1149 501 1148 501 1146 501 1145 501 1144 501 1129 507 1068 501 1066 501 1065 501 1064 501 1047 514 954 514 909 502 908 502 906 502 905 502 904 502 882 516 719 516 633 502 631 502 630 502 603 513 585 503 584 503 582 503 581 503 557 516 520 503 519 503 517 503 516 503 479 516 460 503 459 503 458 503 418 503 417 503 416 503 414 503 398 516 383 503 382 503 380 503 307 503 306 503 305 503 303 503 287 514 288 551"/></Shape>
	    <String CONTENT="L’hi. Tu ſerois bien marry, ſi tu ne diſois le mot"
                    HPOS="287.0"
                    VPOS="501.0"
                    WIDTH="1034.0"
                    HEIGHT="63.0"
                    WC="0.9985148334503173"></String>
          </TextLine>
          <TextLine ID="line_9"
                    TAGREFS="LT8"
                    BASELINE="287 605 1320 608" 
                    HPOS="286.0"
                    VPOS="563.0"
                    WIDTH="1034.0"
                    HEIGHT="61.0">
            <Shape><Polygon POINTS="287 605 286 613 305 623 306 623 307 623 756 616 1253 624 1255 624 1318 616 1320 608 1320 574 1308 564 1306 564 1305 564 1304 564 1224 575 1210 564 1209 564 1207 564 1183 564 1182 564 1180 564 1157 575 1154 576 1149 575 1106 564 1104 564 1103 564 1102 564 1080 575 1043 564 1042 564 1041 564 1039 564 1038 564 1022 575 1020 576 1013 575 966 564 965 564 963 564 962 564 948 575 946 578 882 578 868 575 786 563 784 563 783 563 753 575 695 575 582 575 580 575 538 563 536 563 535 563 534 563 532 563 517 575 516 576 488 576 482 575 424 563 422 563 421 563 420 563 405 575 403 575 287 575 287 605"/></Shape>
	    <String CONTENT="en paſſant à ton accouſtumee, he dea! ceſtuy-là"
                    HPOS="286.0"
                    VPOS="563.0"
                    WIDTH="1034.0"
                    HEIGHT="61.0"
                    WC="0.9933129488205423"></String>
          </TextLine>
          <TextLine ID="line_10"
                    TAGREFS="LT8"
                    BASELINE="288 666 1320 663" 
                    HPOS="287.0"
                    VPOS="624.0"
                    WIDTH="1033.0"
                    HEIGHT="61.0">
            <Shape><Polygon POINTS="288 666 288 677 418 677 425 677 483 685 485 685 486 685 508 677 509 677 642 677 645 677 695 685 696 685 698 685 722 677 730 677 1195 683 1196 683 1198 683 1215 675 1270 682 1271 682 1318 674 1320 663 1317 629 1287 624 1286 624 1285 624 1272 629 1263 633 1257 629 1252 624 1251 624 1249 624 1207 624 1206 624 1205 624 1203 624 1196 629 1191 635 990 635 981 632 958 625 957 625 955 625 954 625 952 625 946 632 944 633 872 633 866 632 836 624 835 624 833 624 832 624 830 624 820 632 820 633 816 632 788 625 787 625 786 625 784 625 765 633 764 635 666 635 662 633 639 625 638 625 637 625 592 633 554 625 553 625 551 625 550 625 539 635 538 636 460 636 413 636 364 625 363 625 361 625 340 636 287 636 288 666"/></Shape>
	    <String CONTENT="n’eſtoit pas de ſes pareus de maintenant, qu’il eſt"
                    HPOS="287.0"
                    VPOS="624.0"
                    WIDTH="1033.0"
                    HEIGHT="61.0"
                    WC="0.9917449390186983"></String>
          </TextLine>
          <TextLine ID="line_11"
                    TAGREFS="LT8"
                    BASELINE="288 725 1320 721" 
                    HPOS="287.0"
                    VPOS="682.0"
                    WIDTH="1033.0"
                    HEIGHT="60.0">
            <Shape><Polygon POINTS="1263 682 1249 682 1236 682 1222 682 1221 682 1220 682 1218 682 1217 682 1205 693 1188 683 1187 683 1186 683 1184 683 1183 683 1167 694 1007 694 944 683 943 683 942 683 908 693 864 683 863 683 862 683 840 694 681 688 680 688 628 696 455 685 454 685 452 685 451 685 436 696 315 690 314 690 313 690 287 697 288 725 288 735 628 742 630 742 631 742 633 742 633 740 639 734 641 734 794 734 795 734 813 740 814 740 816 740 931 734 932 734 933 734 1289 739 1290 739 1291 739 1320 731 1320 721 1317 694 1266 682 1263 682"/></Shape>
	    <String CONTENT="comte de Rets, encore moins des parens de Mõ¬"
                    HPOS="287.0"
                    VPOS="682.0"
                    WIDTH="1033.0"
                    HEIGHT="60.0"
                    WC="0.9811941903570424"></String>
          </TextLine>
          <TextLine ID="line_12"
                    TAGREFS="LT8"
                    BASELINE="287 785 1321 782" 
                    HPOS="286.0"
                    VPOS="739.0"
                    WIDTH="1035.0"
                    HEIGHT="56.0">
            <Shape><Polygon POINTS="287 785 287 795 1320 793 1321 782 1318 753 1290 753 1274 739 1272 739 1271 739 1270 739 1268 739 1237 753 981 753 872 739 871 739 870 739 868 739 852 753 791 753 778 740 776 740 775 740 774 740 727 747 718 740 717 740 715 740 658 740 657 740 656 740 637 750 626 740 624 740 623 740 574 740 573 740 572 740 549 753 447 753 414 740 413 740 412 740 410 740 409 740 395 751 352 753 333 740 332 740 330 740 307 740 306 740 305 740 303 740 286 751 287 785"/></Shape>
	    <String CONTENT="ſieur le mareſchal de Rets, il luy appartenoit ſeu"
                    HPOS="286.0"
                    VPOS="739.0"
                    WIDTH="1035.0"
                    HEIGHT="56.0"
                    WC="0.9871165871620178"></String>
          </TextLine>
          <TextLine ID="line_13"
                    TAGREFS="LT8"
                    BASELINE="290 845 1320 841" 
                    HPOS="288.0"
                    VPOS="797.0"
                    WIDTH="1032.0"
                    HEIGHT="65.0">
            <Shape><Polygon POINTS="290 845 290 853 402 853 403 853 427 862 428 862 429 862 431 862 432 862 443 853 485 853 498 853 501 853 605 862 607 862 608 862 630 853 672 861 673 861 675 861 694 851 698 851 798 861 799 861 845 851 967 857 969 857 1073 850 1095 858 1096 858 1098 858 1144 851 1237 860 1238 860 1240 860 1267 850 1306 858 1308 858 1309 858 1310 858 1320 849 1320 841 1318 809 1285 797 1283 797 1249 797 1248 797 1247 797 1245 797 1229 808 1188 797 1187 797 1186 797 1184 797 1183 797 1169 809 1127 809 1112 797 1111 797 1110 797 1085 797 1084 797 1083 797 1081 797 1068 809 1007 809 977 797 976 797 974 797 927 805 886 799 885 799 883 799 882 799 870 809 868 811 767 811 764 809 749 799 748 799 746 799 745 799 700 809 696 811 489 811 485 809 467 800 466 800 464 800 463 800 437 809 432 811 427 809 406 800 405 800 403 800 402 800 379 809 374 812 337 812 333 809 318 800 317 800 315 800 314 800 313 800 288 808 290 845"/></Shape>
	    <String CONTENT="lemẽt, du temps que le pere d’Albert Gondy, Flo"
                    HPOS="288.0"
                    VPOS="797.0"
                    WIDTH="1032.0"
                    HEIGHT="65.0"
                    WC="0.9937740551928679"></String>
          </TextLine>
          <TextLine ID="line_14"
                    TAGREFS="LT8"
                    BASELINE="290 903 1321 899" 
                    HPOS="288.0"
                    VPOS="857.0"
                    WIDTH="1033.0"
                    HEIGHT="55.0">
            <Shape><Polygon POINTS="290 903 290 912 1320 910 1321 899 1320 870 1290 857 1289 857 1287 857 1286 857 1257 870 1053 870 990 857 989 857 896 870 848 858 847 858 845 858 844 858 802 870 761 858 760 858 759 858 717 866 635 858 634 858 633 858 605 870 554 860 553 860 551 860 550 860 536 870 309 866 307 866 306 866 288 873 290 903"/></Shape>
	    <String CONTENT="rentin, marchand en ſon viuant à Lyon, venoit de"
                    HPOS="288.0"
                    VPOS="857.0"
                    WIDTH="1033.0"
                    HEIGHT="55.0"
                    WC="0.9830586703456178"></String>
          </TextLine>
          <TextLine ID="line_15"
                    TAGREFS="LT8"
                    BASELINE="287 960 1324 960" 
                    HPOS="287.0"
                    VPOS="918.0"
                    WIDTH="1037.0"
                    HEIGHT="59.0">
            <Shape><Polygon POINTS="287 960 287 971 715 971 765 977 767 977 847 971 986 977 988 977 1076 971 1188 977 1190 977 1191 977 1214 971 1267 977 1268 977 1324 969 1324 960 1324 923 1271 918 1270 918 1268 918 1256 923 1241 931 1070 931 1054 925 1032 918 1031 918 1030 918 1028 918 1027 918 1018 925 1011 931 768 931 748 927 681 918 680 918 679 918 677 918 665 929 664 930 555 930 553 930 536 918 535 918 534 918 470 918 469 918 467 918 447 927 412 918 410 918 409 918 408 918 406 918 391 931 376 931 352 918 351 918 306 918 305 918 303 918 302 918 287 927 287 960"/></Shape>
	    <String CONTENT="faire freſchement Banque route, du temps auſsi"
                    HPOS="287.0"
                    VPOS="918.0"
                    WIDTH="1037.0"
                    HEIGHT="59.0"
                    WC="0.9839552990768267"></String>
          </TextLine>
          <TextLine ID="line_16"
                    TAGREFS="LT8"
                    BASELINE="288 1018 1317 1018" 
                    HPOS="288.0"
                    VPOS="979.0"
                    WIDTH="1029.0"
                    HEIGHT="57.0">
            <Shape><Polygon POINTS="288 1018 288 1030 294 1036 295 1036 296 1036 298 1036 380 1029 581 1036 582 1036 584 1036 604 1030 610 1029 748 1029 752 1032 757 1036 759 1036 760 1036 761 1036 763 1036 764 1036 768 1032 772 1029 913 1033 1031 1036 1032 1036 1034 1036 1038 1034 1050 1029 1095 1034 1110 1036 1111 1036 1127 1034 1192 1029 1316 1036 1317 1018 1317 991 1226 990 1214 979 1213 979 1211 979 1210 979 1209 979 1169 990 1118 979 1116 979 1115 979 1087 990 1072 990 1023 990 1011 979 1009 979 1008 979 1007 979 749 990 734 990 733 990 725 981 723 981 722 981 721 981 719 981 695 988 638 979 637 979 635 979 615 990 614 991 544 991 536 990 447 979 445 979 444 979 443 979 427 990 425 990 422 990 390 979 389 979 387 979 386 979 359 990 356 990 288 990 288 1018"/></Shape>
	    <String CONTENT="que le Peron, eſtoit vn commiſſaire des viures,"
                    HPOS="288.0"
                    VPOS="979.0"
                    WIDTH="1029.0"
                    HEIGHT="57.0"
                    WC="0.9941485739768819"></String>
          </TextLine>
          <TextLine ID="line_17"
                    TAGREFS="LT8"
                    BASELINE="287 1078 1321 1078" 
                    HPOS="287.0"
                    VPOS="1037.0"
                    WIDTH="1034.0"
                    HEIGHT="60.0">
            <Shape><Polygon POINTS="287 1078 287 1086 351 1087 370 1097 371 1097 372 1097 494 1087 744 1087 756 1094 757 1094 759 1094 760 1094 761 1094 763 1094 775 1087 871 1087 948 1097 950 1097 1116 1087 1127 1094 1129 1094 1130 1094 1131 1094 1177 1088 1276 1097 1278 1097 1321 1086 1321 1078 1321 1049 1198 1049 1175 1037 1173 1037 1172 1037 1134 1045 1065 1037 1064 1037 1062 1037 1042 1048 867 1048 818 1037 817 1037 816 1037 814 1037 802 1048 719 1048 653 1037 652 1037 593 1044 555 1037 554 1037 553 1037 551 1037 536 1049 287 1049 287 1078"/></Shape>
	    <String CONTENT="aux guerres de Mets: ou du temps qu’il eſtoit gar"
                    HPOS="287.0"
                    VPOS="1037.0"
                    WIDTH="1034.0"
                    HEIGHT="60.0"
                    WC="0.9896599540905077"></String>
          </TextLine>
          <TextLine ID="line_18"
                    TAGREFS="LT8"
                    BASELINE="290 1135 1321 1137" 
                    HPOS="288.0"
                    VPOS="1093.0"
                    WIDTH="1033.0"
                    HEIGHT="62.0">
            <Shape><Polygon POINTS="290 1135 288 1143 303 1151 305 1151 306 1151 805 1145 948 1152 950 1152 980 1147 1007 1153 1008 1153 1009 1155 1122 1155 1122 1153 1123 1153 1125 1153 1134 1147 1285 1153 1286 1153 1320 1145 1321 1137 1321 1103 1309 1094 1308 1094 1306 1094 1266 1094 1264 1094 1263 1094 1241 1105 1241 1106 1176 1106 1175 1105 1148 1094 1146 1094 1145 1094 1144 1094 1142 1094 1130 1105 1129 1106 1023 1106 1022 1105 1008 1094 1007 1094 1005 1094 1004 1094 1003 1094 971 1103 961 1094 959 1094 958 1094 889 1094 887 1094 886 1094 885 1094 872 1105 870 1105 830 1105 828 1105 802 1093 801 1093 772 1093 771 1093 769 1093 768 1093 753 1103 752 1103 717 1103 704 1093 703 1093 702 1093 677 1093 676 1093 675 1093 673 1093 661 1103 628 1093 627 1093 626 1093 580 1103 577 1105 440 1105 439 1103 422 1093 421 1093 420 1093 418 1093 417 1093 393 1103 391 1105 351 1105 349 1103 336 1093 334 1093 333 1093 332 1093 290 1102 290 1135"/></Shape>
	    <String CONTENT="ſon de coutouër chez Bonuiſi à Lyon, &amp; que ſa"
                    HPOS="288.0"
                    VPOS="1093.0"
                    WIDTH="1033.0"
                    HEIGHT="62.0"
                    WC="0.9909845387682001"></String>
          </TextLine>
          <TextLine ID="line_19"
                    TAGREFS="LT8"
                    BASELINE="288 1194 1317 1197" 
                    HPOS="287.0"
                    VPOS="1151.0"
                    WIDTH="1030.0"
                    HEIGHT="59.0">
            <Shape><Polygon POINTS="288 1194 287 1202 302 1210 303 1210 305 1210 1316 1208 1317 1197 1316 1166 1215 1163 1186 1152 1184 1152 1183 1152 1182 1152 1180 1152 1165 1164 1149 1152 1148 1152 1146 1152 1145 1152 1144 1152 1115 1159 1093 1152 1092 1152 1091 1152 1089 1152 1088 1152 1076 1163 1043 1164 1031 1164 1030 1164 1000 1152 999 1152 997 1152 996 1152 994 1152 981 1164 980 1166 829 1166 828 1164 802 1151 801 1151 745 1151 744 1151 742 1151 715 1163 665 1163 647 1163 646 1163 608 1151 607 1151 605 1151 604 1151 603 1151 588 1163 550 1151 549 1151 547 1151 546 1151 544 1151 527 1163 509 1151 508 1151 506 1151 455 1151 454 1151 452 1151 451 1151 437 1163 436 1163 288 1163 288 1194"/></Shape>
	    <String CONTENT="mere, fille de Pierre Viue, marchand de Lyon,"
                    HPOS="287.0"
                    VPOS="1151.0"
                    WIDTH="1030.0"
                    HEIGHT="59.0"
                    WC="0.9978094206915962"></String>
          </TextLine>
          <TextLine ID="line_20"
                    TAGREFS="LT8"
                    BASELINE="287 1251 924 1251" 
                    HPOS="287.0"
                    VPOS="1213.0"
                    WIDTH="637.0"
                    HEIGHT="60.0">
            <Shape><Polygon POINTS="287 1251 287 1263 502 1263 532 1273 534 1273 535 1273 924 1262 924 1251 924 1225 891 1217 890 1217 700 1224 692 1217 692 1216 691 1216 689 1216 688 1216 687 1216 661 1223 643 1213 642 1213 641 1213 569 1221 561 1214 561 1213 559 1213 558 1213 557 1213 519 1220 478 1213 477 1213 475 1213 474 1213 474 1214 463 1225 287 1225 287 1251"/></Shape>
	    <String CONTENT="couroit l’eſguillette par tout."
                    HPOS="287.0"
                    VPOS="1213.0"
                    WIDTH="637.0"
                    HEIGHT="60.0"
                    WC="0.9989638174733808"></String>
          </TextLine>
        </TextBlock>
        <TextBlock HPOS="276.0"
                   VPOS="1275.0"
                   WIDTH="1053.0"
                   HEIGHT="115.0"
                   ID="block_6"
                   TAGREFS="BT100008">
          <Shape><Polygon POINTS="1329 1275 1329 1390 276 1390 276 1275"/></Shape>
          <TextLine ID="line_21"
                    TAGREFS="LT8"
                    BASELINE="294 1313 1320 1311" 
                    HPOS="292.0"
                    VPOS="1271.0"
                    WIDTH="1028.0"
                    HEIGHT="60.0">
            <Shape><Polygon POINTS="294 1313 294 1321 353 1331 355 1331 439 1321 447 1321 462 1321 641 1331 642 1331 643 1331 676 1321 677 1321 680 1321 779 1327 780 1327 782 1327 803 1320 807 1320 1020 1320 1024 1320 1083 1330 1084 1331 1199 1331 1199 1330 1249 1320 1262 1330 1263 1330 1264 1330 1266 1330 1318 1319 1320 1311 1318 1282 1297 1271 1295 1271 1294 1271 1248 1281 1229 1271 1228 1271 1226 1271 1225 1271 1191 1282 1016 1282 973 1271 971 1271 970 1271 969 1271 957 1281 885 1275 883 1275 803 1284 738 1284 719 1273 718 1273 689 1273 688 1273 687 1273 685 1273 673 1284 563 1284 420 1273 418 1273 417 1273 398 1284 366 1284 314 1273 313 1273 311 1273 292 1282 294 1313"/></Shape>
	    <String CONTENT="Le pol. Il ne paya donc gueres de rançon, le vi¬"
                    HPOS="292.0"
                    VPOS="1271.0"
                    WIDTH="1028.0"
                    HEIGHT="60.0"
                    WC="0.9956639250930475"></String>
          </TextLine>
          <TextLine ID="line_22"
                    TAGREFS="LT8"
                    BASELINE="287 1370 976 1367" 
                    HPOS="286.0"
                    VPOS="1328.0"
                    WIDTH="690.0"
                    HEIGHT="63.0">
            <Shape><Polygon POINTS="287 1370 287 1381 389 1389 390 1389 391 1389 393 1389 393 1388 401 1381 455 1381 460 1381 536 1389 538 1389 539 1389 540 1389 549 1382 555 1388 555 1389 557 1389 558 1389 559 1391 591 1391 591 1389 661 1380 669 1380 677 1380 730 1388 732 1388 974 1378 976 1367 973 1340 820 1340 788 1328 787 1328 786 1328 784 1328 783 1328 783 1330 775 1338 732 1339 717 1328 715 1328 714 1328 687 1328 685 1328 684 1328 683 1328 669 1339 638 1328 637 1328 635 1328 634 1328 633 1328 633 1330 622 1342 506 1342 479 1330 478 1330 477 1330 475 1330 474 1330 455 1342 427 1342 398 1330 397 1330 395 1330 394 1330 393 1330 393 1331 382 1342 336 1342 302 1330 300 1330 299 1330 298 1330 296 1330 296 1331 286 1339 287 1370"/></Shape>
	    <String CONTENT="dain, à celuy qui le fit priſonnier."
                    HPOS="286.0"
                    VPOS="1328.0"
                    WIDTH="690.0"
                    HEIGHT="63.0"
                    WC="0.9925359616408477"></String>
          </TextLine>
        </TextBlock>
        <TextBlock HPOS="289.0"
                   VPOS="1391.0"
                   WIDTH="1046.0"
                   HEIGHT="651.0"
                   ID="block_1"
                   TAGREFS="BT100008">
          <Shape><Polygon POINTS="1335 1391 1335 2042 289 2042 289 1391"/></Shape>
          <TextLine ID="line_23"
                    TAGREFS="LT8"
                    BASELINE="288 1430 1324 1430" 
                    HPOS="288.0"
                    VPOS="1384.0"
                    WIDTH="1036.0"
                    HEIGHT="63.0">
            <Shape><Polygon POINTS="288 1430 288 1439 666 1439 687 1446 688 1446 689 1447 860 1447 860 1446 862 1446 863 1446 872 1439 1201 1439 1256 1446 1257 1446 1323 1438 1324 1430 1323 1392 1270 1384 1268 1384 1267 1384 1266 1384 1256 1392 1252 1396 1215 1397 1207 1392 1198 1384 1196 1384 1195 1384 1194 1384 1157 1391 1130 1384 1129 1384 1127 1384 1126 1384 1125 1384 1112 1392 1100 1384 1099 1384 1098 1384 1096 1384 1095 1384 1077 1393 1074 1395 1073 1393 1062 1384 1061 1384 1060 1384 1034 1384 1032 1384 1031 1384 1030 1384 1016 1393 1012 1396 928 1397 919 1395 894 1384 893 1384 891 1384 890 1384 889 1384 877 1395 871 1399 839 1399 826 1395 787 1384 786 1384 784 1384 783 1384 757 1395 752 1399 664 1399 661 1396 646 1384 645 1384 643 1384 620 1384 619 1384 618 1384 589 1396 586 1397 584 1396 559 1384 558 1384 557 1384 555 1384 554 1384 538 1396 536 1397 535 1396 509 1384 508 1384 506 1384 505 1384 504 1384 488 1397 486 1399 432 1399 431 1397 408 1386 406 1386 405 1386 403 1386 375 1397 361 1385 360 1385 359 1385 336 1384 334 1384 333 1384 288 1397 288 1430"/></Shape>
	    <String CONTENT="L’hi. Ie te le laiſſe à penſer, chacun ſcait biẽ qu’il"
                    HPOS="288.0"
                    VPOS="1384.0"
                    WIDTH="1036.0"
                    HEIGHT="63.0"
                    WC="0.9853283209460122"></String>
          </TextLine>
          <TextLine ID="line_24"
                    TAGREFS="LT8"
                    BASELINE="290 1489 1323 1485" 
                    HPOS="288.0"
                    VPOS="1442.0"
                    WIDTH="1035.0"
                    HEIGHT="62.0">
            <Shape><Polygon POINTS="290 1489 290 1499 928 1504 929 1504 1045 1496 1058 1496 1081 1496 1285 1503 1286 1503 1321 1495 1323 1485 1320 1457 1230 1457 1213 1445 1211 1445 1210 1445 1209 1445 1207 1445 1206 1445 1187 1457 1156 1457 1122 1454 1108 1442 1107 1442 1106 1442 978 1442 977 1442 976 1442 974 1442 974 1443 965 1451 943 1443 942 1443 940 1443 939 1443 909 1457 807 1443 806 1443 805 1443 775 1457 738 1443 737 1443 736 1443 734 1443 733 1443 722 1453 702 1445 700 1445 699 1445 698 1445 696 1445 681 1457 665 1443 664 1443 662 1443 641 1443 639 1443 638 1443 637 1443 620 1458 515 1458 479 1445 478 1445 477 1445 475 1445 474 1445 458 1458 444 1451 443 1451 441 1451 361 1458 332 1445 330 1445 329 1445 328 1445 288 1460 290 1489"/></Shape>
	    <String CONTENT="n’auoit lors vn ſeul double qui fuſt à luy, &amp; au¬"
                    HPOS="288.0"
                    VPOS="1442.0"
                    WIDTH="1035.0"
                    HEIGHT="62.0"
                    WC="0.9972230064868927"></String>
          </TextLine>
          <TextLine ID="line_25"
                    TAGREFS="LT8"
                    BASELINE="287 1549 1325 1545" 
                    HPOS="286.0"
                    VPOS="1504.0"
                    WIDTH="1039.0"
                    HEIGHT="64.0">
            <Shape><Polygon POINTS="287 1549 287 1558 458 1558 459 1558 473 1567 474 1567 475 1567 477 1568 520 1568 520 1567 521 1567 547 1558 813 1557 843 1565 844 1565 845 1567 978 1567 978 1565 1026 1556 1027 1556 1030 1556 1156 1563 1157 1563 1205 1556 1313 1563 1314 1563 1316 1563 1317 1563 1325 1554 1325 1545 1323 1516 1206 1516 1183 1504 1182 1504 1180 1504 1179 1504 1148 1516 969 1516 689 1506 688 1506 687 1506 685 1506 672 1518 605 1518 573 1507 572 1507 570 1507 512 1518 451 1507 450 1507 357 1516 300 1507 299 1507 298 1507 296 1507 296 1508 286 1516 287 1549"/></Shape>
	    <String CONTENT="&#x27;iourd’huy, chacun ſcait bien que pour auoir mon"
                    HPOS="286.0"
                    VPOS="1504.0"
                    WIDTH="1039.0"
                    HEIGHT="64.0"
                    WC="0.9845257128278414"></String>
          </TextLine>
          <TextLine ID="line_26"
                    TAGREFS="LT8"
                    BASELINE="290 1609 1327 1605" 
                    HPOS="288.0"
                    VPOS="1563.0"
                    WIDTH="1039.0"
                    HEIGHT="60.0">
            <Shape><Polygon POINTS="290 1609 290 1615 305 1623 306 1623 307 1623 345 1617 525 1623 527 1623 673 1615 708 1622 710 1622 748 1615 978 1622 980 1622 981 1622 982 1622 994 1614 1317 1621 1318 1621 1320 1621 1321 1621 1321 1619 1327 1614 1327 1605 1323 1568 1066 1573 1053 1569 1035 1563 1034 1563 989 1563 988 1563 986 1563 970 1569 962 1573 891 1571 840 1568 839 1568 824 1571 802 1575 791 1571 772 1564 771 1564 769 1564 717 1571 681 1564 680 1564 679 1564 654 1572 643 1575 626 1572 586 1565 585 1565 584 1565 563 1572 553 1577 470 1577 463 1573 451 1565 450 1565 448 1565 402 1565 401 1565 399 1565 398 1565 386 1573 386 1575 384 1573 374 1565 372 1565 371 1565 330 1565 329 1565 288 1573 290 1609"/></Shape>
	    <String CONTENT="té la Mere, ce Landry à tout ce qu’il veut, commã"
                    HPOS="288.0"
                    VPOS="1563.0"
                    WIDTH="1039.0"
                    HEIGHT="60.0"
                    WC="0.9832274145804919"></String>
          </TextLine>
          <TextLine ID="line_27"
                    TAGREFS="LT8"
                    BASELINE="290 1668 546 1663 1325 1664" 
                    HPOS="288.0"
                    VPOS="1622.0"
                    WIDTH="1037.0"
                    HEIGHT="64.0">
            <Shape><Polygon POINTS="290 1668 290 1676 298 1683 299 1683 300 1683 302 1683 303 1683 330 1676 353 1686 355 1686 356 1686 429 1674 432 1674 600 1674 601 1674 619 1686 620 1686 622 1686 623 1686 677 1674 680 1674 696 1674 757 1675 768 1684 769 1684 771 1684 772 1684 774 1684 775 1684 791 1674 793 1674 832 1674 947 1675 967 1686 969 1686 970 1686 1034 1674 1039 1674 1064 1674 1065 1674 1084 1686 1085 1686 1087 1686 1088 1686 1202 1674 1210 1674 1211 1674 1240 1686 1241 1686 1243 1686 1244 1686 1245 1686 1262 1675 1281 1684 1282 1684 1283 1684 1285 1684 1325 1674 1325 1664 1324 1634 1264 1634 1249 1622 1248 1622 1247 1622 1245 1622 1175 1634 1091 1634 1072 1622 1070 1622 1069 1622 1068 1622 1020 1633 929 1633 894 1622 893 1622 891 1622 890 1622 867 1633 847 1622 845 1622 801 1622 799 1622 798 1622 797 1622 783 1634 624 1634 595 1622 593 1622 538 1622 536 1622 535 1622 534 1622 524 1630 496 1622 494 1622 493 1622 492 1622 490 1622 477 1634 347 1634 317 1622 315 1622 314 1622 313 1622 288 1633 290 1668"/></Shape>
	    <String CONTENT="de par tout à baguette, fait changer le quarré, en"
                    HPOS="288.0"
                    VPOS="1622.0"
                    WIDTH="1037.0"
                    HEIGHT="64.0"
                    WC="0.9787817345215724"></String>
          </TextLine>
          <TextLine ID="line_28"
                    TAGREFS="LT8"
                    BASELINE="292 1724 1323 1720" 
                    HPOS="291.0"
                    VPOS="1680.0"
                    WIDTH="1032.0"
                    HEIGHT="61.0">
            <Shape><Polygon POINTS="292 1724 292 1735 414 1741 416 1741 417 1741 418 1741 425 1735 427 1735 531 1735 535 1735 573 1741 574 1741 576 1741 577 1741 585 1735 586 1735 596 1735 721 1740 722 1740 761 1735 771 1733 1321 1733 1323 1720 1320 1694 1248 1693 1221 1680 1220 1680 1218 1680 1217 1680 1215 1680 1199 1694 915 1694 894 1682 893 1682 891 1682 866 1682 864 1682 863 1682 862 1682 848 1693 810 1682 809 1682 807 1682 806 1682 805 1682 790 1693 726 1682 725 1682 723 1682 688 1694 656 1682 654 1682 653 1682 652 1682 650 1682 639 1690 591 1683 589 1683 588 1683 586 1683 576 1691 513 1683 512 1683 511 1683 483 1695 455 1683 454 1683 452 1683 451 1683 422 1694 410 1683 409 1683 408 1683 386 1683 384 1683 383 1683 382 1683 370 1694 291 1697 292 1724"/></Shape>
	    <String CONTENT="rond, &amp; a luy ſeul, plus de finances, qu’vne dou¬"
                    HPOS="291.0"
                    VPOS="1680.0"
                    WIDTH="1032.0"
                    HEIGHT="61.0"
                    WC="0.9957723191806248"></String>
          </TextLine>
          <TextLine ID="line_29"
                    TAGREFS="LT8"
                    BASELINE="294 1783 1325 1779" 
                    HPOS="292.0"
                    VPOS="1740.0"
                    WIDTH="1033.0"
                    HEIGHT="61.0">
            <Shape><Polygon POINTS="294 1783 294 1793 628 1801 630 1801 631 1801 633 1801 633 1800 642 1791 643 1791 677 1791 932 1800 933 1800 1000 1790 1009 1790 1230 1790 1232 1790 1274 1797 1275 1797 1324 1789 1325 1779 1323 1752 1238 1751 1226 1740 1225 1740 1224 1740 1222 1740 1221 1740 1190 1749 1161 1740 1160 1740 1159 1740 1157 1740 1125 1751 1039 1745 1038 1745 940 1752 768 1741 767 1741 765 1741 742 1752 707 1741 706 1741 704 1741 703 1741 702 1741 691 1751 597 1754 546 1743 544 1743 490 1754 428 1743 427 1743 425 1743 424 1743 412 1754 292 1755 294 1783"/></Shape>
	    <String CONTENT="zaine des plus grands: Mais, pour reuenir à nos"
                    HPOS="292.0"
                    VPOS="1740.0"
                    WIDTH="1033.0"
                    HEIGHT="61.0"
                    WC="0.998846985399723"></String>
          </TextLine>
          <TextLine ID="line_30"
                    TAGREFS="LT8"
                    BASELINE="295 1842 1327 1839" 
                    HPOS="294.0"
                    VPOS="1798.0"
                    WIDTH="1033.0"
                    HEIGHT="53.0">
            <Shape><Polygon POINTS="295 1842 295 1851 1325 1848 1327 1839 1325 1812 1295 1798 1294 1798 1293 1798 1291 1798 1247 1810 1214 1798 1213 1798 1156 1798 1154 1798 1153 1798 1152 1798 1140 1809 1069 1810 1047 1798 1046 1798 1045 1798 970 1798 969 1798 967 1798 966 1798 951 1812 723 1812 662 1800 661 1800 660 1800 658 1800 638 1813 593 1813 521 1800 520 1800 519 1800 517 1800 501 1812 361 1806 360 1806 294 1813 295 1842"/></Shape>
	    <String CONTENT="moutons, d’où ce bouc m’auoit deſtourné, le cõ¬"
                    HPOS="294.0"
                    VPOS="1798.0"
                    WIDTH="1033.0"
                    HEIGHT="53.0"
                    WC="0.9852000629901886"></String>
          </TextLine>
          <TextLine ID="line_31"
                    TAGREFS="LT8"
                    BASELINE="295 1901 1325 1897" 
                    HPOS="294.0"
                    VPOS="1873.0"
                    WIDTH="1031.0"
                    HEIGHT="44.0">
            <Shape><Polygon POINTS="1310 1884 1297 1884 1283 1884 1270 1884 1256 1884 1243 1884 1229 1884 1215 1884 1202 1884 1188 1884 1175 1884 1161 1884 1148 1884 1134 1884 1121 1884 1107 1884 1093 1884 1080 1884 1066 1884 1053 1884 1039 1884 1026 1884 1012 1884 999 1884 985 1884 971 1884 958 1884 944 1884 931 1884 917 1884 904 1884 890 1884 877 1884 863 1884 849 1884 836 1884 822 1884 809 1884 795 1884 782 1884 768 1884 755 1884 741 1884 727 1884 714 1884 700 1884 687 1884 673 1884 660 1884 646 1884 633 1884 619 1884 605 1884 592 1884 578 1884 565 1884 551 1884 538 1884 524 1884 511 1884 497 1884 483 1884 470 1884 456 1884 443 1884 429 1884 416 1884 402 1884 398 1874 302 1873 300 1873 299 1873 298 1873 298 1874 294 1877 295 1901 295 1911 567 1917 569 1917 646 1909 652 1909 653 1909 662 1916 664 1916 665 1916 666 1916 700 1909 703 1909 816 1909 832 1909 844 1916 845 1916 847 1916 848 1916 1268 1908 1313 1915 1314 1915 1316 1915 1317 1915 1325 1907 1325 1897 1323 1884 1310 1884"/></Shape>
	    <String CONTENT="te de Montgomery entant à Benle-nie, les poures"
                    HPOS="294.0"
                    VPOS="1873.0"
                    WIDTH="1031.0"
                    HEIGHT="44.0"
                    WC="0.9704302189250787"></String>
          </TextLine>
          <TextLine ID="line_32"
                    TAGREFS="LT8"
                    BASELINE="296 1959 1325 1954" 
                    HPOS="295.0"
                    VPOS="1915.0"
                    WIDTH="1030.0"
                    HEIGHT="63.0">
            <Shape><Polygon POINTS="296 1959 296 1978 352 1969 511 1969 521 1976 523 1976 524 1976 525 1976 542 1976 692 1968 741 1973 775 1976 776 1976 810 1972 851 1966 912 1970 980 1974 981 1974 1009 1969 1023 1966 1085 1968 1289 1973 1290 1973 1291 1973 1325 1963 1325 1954 1323 1928 1137 1928 1080 1915 1079 1915 1077 1915 1076 1915 1076 1916 1064 1926 1031 1916 1030 1916 1028 1916 1027 1916 1000 1930 719 1930 698 1917 696 1917 695 1917 660 1917 658 1917 657 1917 656 1917 643 1927 605 1917 604 1917 603 1917 601 1917 600 1917 586 1930 547 1919 546 1919 517 1919 516 1919 515 1919 513 1919 501 1928 488 1919 486 1919 485 1919 483 1919 451 1926 410 1919 409 1919 408 1919 406 1919 397 1927 311 1926 310 1926 309 1926 295 1931 296 1959"/></Shape>
	    <String CONTENT="gens de la Rochelle, ayans veu que le ſecours au¬"
                    HPOS="295.0"
                    VPOS="1915.0"
                    WIDTH="1030.0"
                    HEIGHT="63.0"
                    WC="0.991269376813149"></String>
          </TextLine>
          <TextLine ID="line_33"
                    TAGREFS="LT8"
                    BASELINE="298 2018 1328 2015" 
                    HPOS="296.0"
                    VPOS="1976.0"
                    WIDTH="1032.0"
                    HEIGHT="66.0">
            <Shape><Polygon POINTS="298 2018 298 2035 340 2041 341 2041 342 2041 352 2035 361 2030 462 2030 485 2034 521 2041 523 2041 557 2034 572 2030 576 2033 584 2041 585 2041 586 2041 588 2042 614 2042 614 2041 615 2041 616 2041 626 2033 627 2031 713 2030 717 2031 732 2041 733 2041 734 2041 736 2042 769 2042 769 2041 811 2031 816 2030 817 2031 835 2039 836 2039 837 2039 839 2039 854 2033 896 2039 897 2039 898 2039 917 2030 920 2028 1058 2028 1085 2039 1087 2039 1088 2039 1156 2028 1243 2039 1244 2039 1245 2039 1247 2039 1259 2030 1316 2034 1317 2034 1318 2034 1320 2034 1328 2027 1328 2015 1325 1988 1196 1988 1182 1976 1180 1976 1179 1976 1177 1976 1129 1985 1065 1978 1064 1978 1027 1985 1015 1976 1013 1976 1012 1976 974 1976 973 1976 971 1976 942 1988 814 1988 775 1977 774 1977 772 1977 771 1977 748 1988 723 1977 722 1977 721 1977 666 1989 572 1989 485 1977 483 1977 482 1977 458 1988 437 1977 436 1977 378 1977 376 1977 375 1977 374 1977 359 1989 296 1989 298 2018"/></Shape>
	    <String CONTENT="quel ils eſperoyent le plus, apres Dieu, ne les pou"
                    HPOS="296.0"
                    VPOS="1976.0"
                    WIDTH="1032.0"
                    HEIGHT="66.0"
                    WC="0.9985770185788473"></String>
          </TextLine>
        </TextBlock>
        <TextBlock HPOS="1216.0"
                   VPOS="2042.0"
                   WIDTH="113.0"
                   HEIGHT="50.0"
                   ID="block_0"
                   TAGREFS="BT17">
          <Shape><Polygon POINTS="1329 2042 1329 2092 1216 2092 1216 2042"/></Shape>
          <TextLine ID="line_34"
                    TAGREFS="LT8"
                    BASELINE="1213 2075 1327 2072" 
                    HPOS="1211.0"
                    VPOS="2043.0"
                    WIDTH="116.0"
                    HEIGHT="42.0">
            <Shape><Polygon POINTS="1213 2075 1213 2085 1325 2084 1327 2072 1323 2043 1211 2045 1213 2075"/></Shape>
	    <String CONTENT="UOIR"
                    HPOS="1211.0"
                    VPOS="2043.0"
                    WIDTH="116.0"
                    HEIGHT="42.0"
                    WC="0.9999945163726807"></String>
          </TextLine>
        </TextBlock>
        <TextBlock HPOS="893.0"
                   VPOS="2325.0"
                   WIDTH="306.0"
                   HEIGHT="72.0"
                   ID="eSc_textblock_1da98a15"
                   TAGREFS="BT9">
          <Shape><Polygon POINTS="893 2325 893 2397 1199 2397 1199 2325"/></Shape>
        </TextBlock>
      </PrintSpace>
    </Page>
  </Layout>
</alto>
