1426 2441
276.0 97.0 84.0 65.0 148

345.0 162.0 932.0 59.0 Partant mes freres (leur diſoyent-ils) ne vous

268.0 219.0 1012.0 64.0 faſchez point, pour raiſon des mal-faiſans, que

271.0 275.0 1012.0 65.0 vous vojez ce ſemble proſperer. Car ils ſeront

270.0 337.0 1012.0 61.0 coupez ſoudain comme le foin, & viendront à

268.0 391.0 607.0 63.0 faner comme l’herbe verde.

341 459 940 55 Attendez en patience le Seigneur, ayez ferme

267 512 1012 65 ſiance en luy, & ne portez point d’enuie, n'a¬

268 573 1014 65 yez meſmes aucun regret de celuy, qui eſpere en

265 627 1011 63 ſes laſchetez, Car les malins ſeront exterminez,

267 687 1013 65 mais ceux qui ont leur attente au Seigneur, ſe-

267 747 1015 63 ront benis de luy. ils ne ſeront point conſus au

265 806 364 63 mauuais temps.

498 91 582 63 DIALOGVE II.

310.0 861.0 970.0 67.0 Le Seigneur eſt puiſſant pour donner la man¬

267.0 919.0 1015.0 66.0 ne du ciel, pour faire ſortir de l'eau de la pierre

265.0 980.0 1015.0 65.0 dure . Mieux vaut peu de choſe au iuſte, que

263.0 1037.0 1016.0 60.0 foiſon de biens aux meſchans, ils ont (dit Dauid)

263.0 1094.0 1020.0 68.0 deſgainé leur glaiue, & ont bandé leur arc pour

263.0 1174.0 1017.0 49.0 dobatreſe poure cemoigene, & pour meurtrir

263.0 1209.0 582.0 64.0 ceul da itlieminene dror,

332.0 1270.0 952.0 68.0 Mais leur glaine entrer dans leur propre

263.0 1327.0 1016.0 69.0 coeur ,& leur arcs ſeront rompus. Il eſt vray,

267.0 1387.0 1020.0 69.0 (mes freres diſoyent ils) que c’eſt vn argument

261.0 1442.0 1019.0 74.0 ſuffiſant ſelon la chair pour chopper & faire cõ¬

263.0 1506.0 1023.0 65.0 me banque route à Dieu; de voir comment

261.0 1560.0 1023.0 74.0 les ennemis de l’Egliſe proſperent, qu'ils ſe glo¬

260.0 1619.0 1026.0 65.0 rifient en cruauté & violence enuironnez d'or¬

264.0 1707.0 1019.0 43.0 gueil, comme d'vn carcan, que la graiſſe leur

265.0 1738.0 1015.0 64.0 pouſſe leurs yeux hors de leur chef malicieux,

260.0 1799.0 1028.0 73.0 & que bien ſouuent, ils ont dauantage que n'a

276.0 1859.0 399.0 71.0 deſirè Ieur courage:

317.0 1913.0 970.0 69.0 Au contraire voir vn Dauid, voire toute vne E¬

265.0 1973.0 1022.0 91.0 gliſe en deſtreſſe, ſes iours desfaillir comme fu¬

1174 2051 116 44 mee
