1425 2445
161.0 149.0 1026.0 68.0 plus principaux de ceſte conſpiration: de façon,

158.0 210.0 1034.0 61.0 que venant la royne d’Eſcoſſe à la ſucceſsion du

156.0 270.0 1033.0 62.0 Royaume, ceux qui ont deſcouuert à la Royne

154.0 327.0 1031.0 65.0 d’Angleterre ceſte conſpiratiõ, ſont expoſez eux,

154.0 384.0 1037.0 57.0 & leurs familles, à la haine d’icelle, ſi on la laiſſe

153.0 442.0 1036.0 67.0 impunie. Qu’eſt cela ſinon pour ſauuer le conſpi

150.0 508.0 1038.0 57.0 rateur, & ennemy, laiſſer en proye en ſes mains, le

152.0 562.0 1033.0 56.0 fidele ſuiect, & auec ce, donner vn treſ-mauuais

152.0 624.0 1037.0 59.0 exemple, à tous ceux qui doreſenauant ſcauront

153.0 680.0 1034.0 56.0 quelque ſemblable conſpiration (comme il eſt à

149.0 740.0 1038.0 61.0 craindre, puis qu’on s’accouſtume à telles factiõs

150.0 798.0 1034.0 63.0 en vn Royaume, que ceſte-cy ne ſera pas la der¬

150.0 857.0 1037.0 53.0 niere) à n’eſtre ſi volontaire à la deſcouurir, voyãt

149.0 912.0 1030.0 66.0 la ruine qui leur eſt, & à leur poſterité toute cer¬

149.0 973.0 1032.0 55.0 taine, pour auoir voulu ſauuer la vie, & l’eſtat à

149.0 1032.0 276.0 60.0 leur Royne.

355.0 88.0 590.0 47.0 DIAESOVE II.

203.0 1089.0 980.0 64.0 Il ne faut pas aller gueres loin, pour voir les in

149.0 1151.0 1035.0 60.0 conueniens, qui arriuent de pareils faits. Qu’eſt¬

149.0 1206.0 1035.0 62.0 ce qui a rendu le roy d Eſcoſſe dernier, delaiſſé

149.0 1268.0 1032.0 59.0 des ſiens, expoſé à la cruauté de ſes ennemis, que

150.0 1325.0 1033.0 64.0 pour auoir quitté ſes amis, leſquels luy auoyent

148.0 1385.0 1033.0 58.0 deſcouuert ce qui touchoit à ſon honneur, & à ſa

148.0 1441.0 1028.0 54.0 vie, s’eſtans monſtrez ſes bons, & fideles ſerui¬

146.0 1500.0 1026.0 62.0 teurs, & s’eſtans par la, rendus ennemis de la roy¬

146.0 1556.0 1030.0 60.0 ne d’Eſcoſſe, & des miniſtres de ſa lubricité? Il

148.0 1619.0 1031.0 61.0 voulut appaiſer ſes ennemis, & laiſſer ceux qui

148.0 1678.0 1029.0 60.0 luy auoyent voulu faire ſeruice: il luy aduint que

146.0 1735.0 1029.0 62.0 depuis, il n’y eut homme qui vouluſt, ou oſaſt luy

149.0 1794.0 1026.0 61.0 vſer de pareils offices, lors que le beſoin en eſtoit

154.0 1854.0 1022.0 59.0 plus grand: auſsi eſt ce vne fidelité, & reſolution

150.0 1912.0 1025.0 56.0 bien rare auiourd’huy, quand vn ſuiet deſcouure

153.0 1973.0 1019.0 61.0 vn forfait, duquel il voit deux euenemens treſcer¬

1150.0 104.0 29.0 49.0 4
