1417 2412
1108 81 47 43 11

324 73 611 50 DIALOGVETI.

139 135 1017 57 oſte ſon Chandelier du milieu d’eux, & leur face

135 192 1021 65 ſouftrir la faim, ie dis la faim de ſa parole vraye pa

134 255 1017 61 ſture des ames,puis qu’ils en abuſent ainſi? Et ce¬

134 312 1022 64 ſte Princeſſe leur Royne, qui a lareputation d’e¬

132 371 1027 65 ſtre tãt ſage & vertueuſe, qui porte le titre de cheſ

132 427 1024 67 de l’Egliſe en ſon Royaume, & de deffẽſatrice de

132 485 1024 68 la foy. Eſt-il poſsible qu’elle & les ſeigneurs de

130 546 1026 57 ſon Conſeil endurent vne telle desbauche en dla

128 600 538 63 maiſon du Dieu viuant?

726 598 427 69 L'hi. Ce n’eſt pas là

128 661 723 64 tout, Il y a biẽ encore pis à craĩdre.

867 661 284 64 Le pol. Noſtre

127 727 1029 62 Seigueur! qu’y pourroitil auoir de pire, entre ceux

127 785 1027 63 qui ont receul’Euãgile, que de n’ẽ vouloir(par ma

126 838 1025 65 niere de dire) que la moitié,à ſc.la ſeule doctrine?

123 897 1029 65 L'hi. Ne ſetoit-ce pas choſe plus deplorable, ſi

126 959 1026 55 encores de ceſte moitié-là ils en faiſoyent ſi peu

123 1014 1027 67 d’eſtat, qu’ils ne ſe ſouciaſſent, quand bien auiour¬

126 1077 801 53 d’huy ou demain elle leur ſeroit oſtee.

120 1129 606 62 Le pol. Cela eſt bien certain.

789 1125 360 66 L'hi. Or ſont-ils

123 1191 1029 68 preſque ſur le point de la perdre s’ils ne s’auiſent.

120 1254 1028 65 Le pol. Ie ſerois extremement marri, quoy que le

124 1309 1024 68 peuple qui en abuſe ſoit digne d’en eſtre priué, ſi

121 1374 1029 57 ce que tu dis auenoit: Mais dy moy comment ce

120 1427 222 62 peut eſtre.

380 1423 769 66 L'hi. Il ne faut que la ſeule mort de la

118 1487 769 60 Royne, pour tout chãger & rẽuerſer.

925 1481 220 66 Le pol.Cõ¬

117 1547 1029 62 ment, Bon Dieu! En 14. ou 18.ans qu’elle a regnè,

117 1603 1029 62 n’a-elle ſceu eſtablir telles loix & ordõnãces que

116 1662 1027 63 la doctrinede l’Euãgile puiſſe demeurer pure a¬

117 1720 1030 68 pres ſõ deſpart bõ gré mal gré la Papauté? A-elle

113 1780 1034 63 ſi peu profité en la lecture des bõs liures, que i’en

112 1837 1034 64 tens luy eſtre tãt familiers? Faudra-il qu’vn Cice¬

111 1900 1035 61 ro luy enſeigne ſa leçon, ſurpaſſant de zele enuers

112 1957 1031 65 la Republique Romaine, le zele de ceſte Royne,

115 2016 513 65 enuers l’Egliſe de Dieu?
