1439 2419
244.0 74.0 60.0 55.0 42

238.0 151.0 1027.0 50.0 ces cieraug idioue recemas a s altocier à la loyne

238.0 193.0 1030.0 69.0 d’Angleterre, ſi ce n’eſt pour mieux la trahir (cõ¬

238.0 251.0 1026.0 67.0 me noſtre Tyran ſouhaite) ſachans bien que l’a¬

238.0 310.0 1026.0 64.0 mitié qu’ils contracteront auec elle, ſera autant

239.0 368.0 1026.0 68.0 d'inimitié auec ſon ſucceſſeur: tellement que ce

238.0 432.0 1018.0 62.0 ſeroit contracter auec la perſonne, non point a¬

239.0 489.0 1023.0 61.0 uec le Royaume: par ce qu’elle eſtant moins, tout

239.0 544.0 558.0 60.0 le Royaume ſera renuerſé.

458.0 68.0 592.0 54.0 DIALOGVETI.

295.0 603.0 966.0 62.0 On ne peut gueres baſtir ſur vn fondement,

240.0 665.0 1021.0 63.0 qu’on voit ne pouuoir long temps durer: & (com¬

239.0 718.0 1026.0 69.0 me dit le prouerbe) Il y a plus de gens qui adorẽt

240.0 794.0 1024.0 47.0 le Soien leuanit, que-ie coucilant, Il cit certans

240.0 835.0 1025.0 65.0 que ceſte conſideration, desfauoriſe infiniment

239.0 893.0 1026.0 65.0 tous les deſſeins de l’Angleterre: Mais la facilité

242.0 955.0 1023.0 63.0 que la royne d’Angleterre a, de ſe priuer d’vn tel

238.0 1013.0 1022.0 64.0 ſucceſſeur, & de s’en eſlire vn proche, qui ſoit ca¬

242.0 1071.0 1023.0 65.0 pable & ſuffiſant, peut coupper broche à tous

239.0 1127.0 301.0 52.0 leurs deſſeins.

334.0 1185.0 931.0 70.0 Quant à l’indignation que le Roy d’Eſcoſſe

243.0 1252.0 1021.0 56.0 pourra auoir à l’aduenir, ou contre ceux qui au¬

239.0 1307.0 1027.0 58.0 ront fait mourir ſa mere, ou contre ſa mere, qui a

239.0 1364.0 1027.0 60.0 fait mourir ſon pere. S’il regarde la raiſon, il a

244.0 1420.0 1025.0 58.0 plus d’occaſion de ſe reſſentir du meurtre de ſon

244.0 1486.0 1022.0 59.0 pere, auquel ny a ny occaſion, ny pretexte, ains vn

244.0 1538.0 1021.0 65.0 parricide, & perfidie deteſtable: que de celuy de

240.0 1597.0 1024.0 62.0 ſa mere, qui eſt accompagnè de toute la raiſon,

242.0 1654.0 1023.0 64.0 & iuſtice, qu’il eſt poſsible de deſirer à vn iuſte

240.0 1718.0 1026.0 59.0 iugement: Ioint, que c’eſt vne peur de ſi loin, &

240.0 1773.0 1025.0 58.0 ſi incertaine: à ſcauoir de ce que fera vn enfant

240.0 1833.0 1024.0 60.0 quand il ſera grand, qu’elle ne merite d’eſtre re¬

247.0 1896.0 962.0 59.0 putee, au prix d’vn danger preſent & euident.

294.0 1952.0 966.0 66.0 Outre ce que la comparaiſon eſt fort inegale,

1204.0 2007.0 65.0 63.0 de
