1454 2445
271.0 79.0 63.0 49.0 2

274.0 122.0 1034.0 79.0 ſon aſne, d'vn ballot, d’enuirõ cent liures peſant,

279.0 206.0 1028.0 60.0 plus que ſa charge accouſtumee, vn iour, auquel,

277.0 259.0 1028.0 62.0 par grand deſaſtre les chemins eſtoyent empirez,

277.0 320.0 1034.0 58.0 pour l’iniure du temps de la nuict : tellement que

274.0 376.0 1037.0 65.0 le poure aſne, n’auoit garde de regimber, pluſtoſt

271.0 434.0 1043.0 56.0 ahanant ſous le faix, eſmouuoit à pitiè tous ceux

274.0 497.0 1040.0 58.0 qui regardoyent ſa contenance, le ſeul cheual ne

273.0 554.0 1041.0 58.0 faiſoit que s’en rire. Le Maiſtre eſtant cõtraint de

271.0 615.0 1040.0 62.0 s’arreſter en vn village, pour payer le peagé, en¬

269.0 669.0 1038.0 64.0 uoya ſon courtaut deuãt, & l’aſne auſsi qui le ſuy¬

269.0 729.0 1043.0 64.0 uoit, au moins mal qu’il eſtoit poſsible, iuſques à

267.0 790.0 1041.0 64.0 ce qu’eſtans arriuez en vn mauuais paſſage, du¬

273.0 846.0 1038.0 65.0 quel l’aſne preuoyoit bien qu’il luy eſtoit impoſ¬

271.0 904.0 1041.0 67.0 ſible d’eſchapper, ny de paſſer outre, ſans ſe rom¬

273.0 967.0 1034.0 63.0 pre ou bras, ou iambe, & parauẽture auſsi le col,

274.0 1021.0 1034.0 64.0 pria lors affectueuſement le cheual de luy aſsi¬

270.0 1081.0 1038.0 65.0 ſter, & l’aider à paſſer ce mauuais chemin, ne luy

266.0 1143.0 1045.0 53.0 demandant pour tout ſecours autre choſe, ſinon¬

273.0 1200.0 1031.0 64.0 qu’il print ſur ſoy le ballot d’extraordinaire, iuſ¬

270.0 1260.0 1044.0 64.0 ques à ce, tant ſeulement, qu’il euſt paſſé par delà

270.0 1324.0 1039.0 61.0 ce mauuais paſſage, promettãt le reprendre apres

266.0 1378.0 1039.0 61.0 treſ volontiers deſſus ſon dos: mais il craignoit

266.0 1439.0 1037.0 53.0 autant ce bourbier-là, comme ſa ruine pre ſente.

266.0 1494.0 1039.0 65.0 Le cheual, ſe moquãt de l’aſne, au lieu de luy vou

267.0 1556.0 1041.0 53.0 loir aider, le menaçoit fierement du rude baſton

267.0 1613.0 1034.0 63.0 de ſon Maiſtre, qu’il diſoit ne pouuoir tarder: que

267.0 1673.0 1040.0 64.0 d’obligation, il n’en auoit point à l’aſne, & quand

269.0 1731.0 1035.0 64.0 bien il en euſt quelqu’vne, elle ne s’eſtẽdoit point

264.0 1787.0 1037.0 67.0 iuſques-là, que de luy perſuader, de faire le vil of¬

264.0 1848.0 1037.0 63.0 fice de Baudet, qu’il eſtoit cheual de natuae, plus

267.0 1911.0 1034.0 61.0 genereux qu’on ne penſoit, qu’il s’eſtoit trouuë

267.0 1969.0 1029.0 63.0 maintesſois entre les rengs des grands cheuaux:

500 82 606 47 EIAEOGVE TI.

1153.0 2027.0 133.0 51.0 Som¬
