1421 2438
128 157 1034 65 fuſt ſuyui des autres pais de la France. Ce ſeroit

130 216 1032 68 vne belle pierre philoſop hale, pour enrichir les

131 281 1029 65 poures gens qui ſont rongez iuſques aux os par

127 337 1036 55 les enfans de Catherine. Au moins ſeroyent-ils

128 394 961 62 deſchargez des impoſts & tailles nouuelles.

291 100 612 48 DIALOGyE II.

127.0 452.0 1033.0 66.0 Le pol. Tu dis vray. Quant au ſurplus de la poli¬

125.0 511.0 1038.0 59.0 te & l’ordre de Daniel, le Conſeil a eſté aulsi

127.0 572.0 1027.0 60.0 d’auis de le pratiquer en ſubſtance, retenant tou¬

125.0 631.0 1027.0 61.0 iours touteſois les noms des charges & eſtãts ac¬

124.0 689.0 1030.0 62.0 couſtumez en leurs prouinces. Vray eſt qu’ils co

128.0 746.0 1028.0 65.0 gnoiſſent, qu’il y aura grande difficulté aux Ele¬

125.0 811.0 1034.0 63.0 dions és premieres charget,pource, que le peu¬

134.0 865.0 1022.0 62.0 ple n’eſt pas accouſtumé d’aller, comme l'ancien

127.0 927.0 1032.0 53.0 Romain querir leur Dictateur, leur maieur ou

128.0 983.0 1031.0 65.0 gouuerneur à la charrue apres les bœufs Ær leurs

128.0 1048.0 1026.0 55.0 gouuerneurs n’ont iamais accouſtumé, comme

127.0 1102.0 1031.0 61.0 vn Quintius Cincinnatus, de retourner à la char¬

127.0 1163.0 1028.0 61.0 rue apres que la guerre eſt paſſee ou que leur chas

131.0 1221.0 309.0 64.0 ge eſt expiree.

1070.0 121.0 73.0 36.0 DT

180 1275 976 59 Ains au contraire vn Caporal veut eſtre quãd

124 1335 1024 62 & quand ſergeant, le Sergeãt vent eſtre enſeigne,

127 1396 1028 57 l’Enſeigne lieutenaut, le Lieurenant Capitaine:

124 1451 1032 61 Et ainſi touſiours en auant ſans s’abbaiſſer ny ſe

125 1514 916 58 deſmettre, en danger de monter trop haut.

124 1567 1032 65 L’hi. Voil a qui va mal. Les Romains quoy qu’ils

124 1628 1032 55 fuſſent autrement ambitieux &cupides d’hõneur

124 1688 1032 57 & gloire auoyent en telle recommandation lebiẽ

127 1745 1027 64 & honneur de leur Republique, qu’ils quittoy¬

124 1804 1028 61 ent volontiers du leur pour le ſalut de leur pa¬

124 1863 1031 64 trie. En ceſt endroit principalement ils auoyent

124 1919 1027 65 cela de bon qu’ils ne refuſoyent-point d’aller cõ¬

125 1982 1031 64 me perſonnes priuees en vne armee, à laquelle.

860.0 2039.0 112.0 61.0 h.iui.
