1427 2434
129.0 151.0 1036.0 64.0 ſible de conſpirer par prodition cõtre les Rois: &

132.0 210.0 1032.0 59.0 les Rois ne pourroyẽt deffẽdre leurs vies & leurs

131.0 267.0 1033.0 61.0 eſtata par la iuſtice. Et tant plus doit il eſtre loiſi¬

131.0 331.0 1033.0 63.0 ble à vn Roy de maintenir ſon eſtat par vne inſte

132.0 390.0 1032.0 65.0 punition ſur vn autre Roy ou Monarque, que ſut

135.0 450.0 1033.0 62.0 vn autre qui ne ſeroit ſouuerain: d’autant qu’en

131.0 508.0 1039.0 61.0 cores pourroit on deſirer que le Roy offenſé en

131.0 566.0 1036.0 66.0 requiſt iuſtice au ſuperieur du coulpable, pour n’e

129.0 626.0 1036.0 60.0 ſtre iuge ẽ ſa cauſe propre. Mais où il n’y a aucũ iu

133.0 685.0 1031.0 65.0 gé par deſſus le coulpable: ou il faut que les Rois

129.0 743.0 1036.0 56.0 ſacent eux meſmes la iuſtice, ou biẽ qu’ils ſoyent

129.0 804.0 1036.0 56.0 en pire condition, que les plus infimes. Car à fau

129.0 862.0 1036.0 60.0 te de iuge ils n’auroyẽt aucune reparatiõ des torts

131.0 920.0 1033.0 61.0 qui leur ſeroyent faits. Et toutefois la où il n’y a

136.0 981.0 1025.0 60.0 point moyen d’auoir iuge, les loix permettẽt aux

132.0 1035.0 954.0 57.0 ſuiets meſmes de ſe faire iuſtice de leur mam.

340 77 590 67 DIALOGVE II.

1116.0 85.0 47.0 67.0 31

158.0 1098.0 1003.0 59.0 Au reſte ie te confeſſe, que (comme tu as dict)

133.0 1154.0 1031.0 58.0 les ambaſſadeurs ſont inuiolables, mais c’eſt tant

135.0 1214.0 1029.0 59.0 qu’ils ſe contienẽt aux termes d’ãbaſſadeurs. Mais

135.0 1273.0 1028.0 61.0 quãd ils ſortent hors des bornes de leur eſtat, ils

135.0 1335.0 1029.0 59.0 ne doyuẽt plus eſtre tenus pour tels. Les Romaïs

136.0 1392.0 1028.0 61.0 ont attribué la prinſe de Rome par les Frãçois au

137.0 1453.0 1028.0 61.0 crime, qui auoit eſté cõmis par Q. Fabius leur am

139.0 1509.0 1026.0 60.0 baſſadeur enuoyé aux Frãçois, où il tua hoſtile¬

140.0 1565.0 1025.0 61.0 mẽt vn Frãçois, & apres s’en alla à Rome. Les Frã

142.0 1629.0 1028.0 61.0 çois demãderent aux Romains, qu’ils le leur baif

142.0 1690.0 1025.0 61.0 laſſent, pour auoir le ſupplice que merite vn am¬

143.0 1744.0 736.0 65.0 baſſadeur qui fait actes d’hoſtilité.

201.0 1803.0 967.0 61.0 Les Fecialiens eſtoyent d’auis qu’il le leur fail

142.0 1866.0 1026.0 59.0 loit liurer: autrement que les diéux en ſeroy¬

144.0 1920.0 1026.0 67.0 ent fort courroucez & deſplaiſans. Le peuple Ro¬

146.0 1982.0 1018.0 61.0 màin au contraire ſauua ledict ambaſfadeur:
