1448 2416
257.0 94.0 51.0 50.0 44

243.0 139.0 1031.0 69.0 droicte, & ſincere. N’apporter haine, ny paſsions

241.0 199.0 1033.0 66.0 à ce iugemẽt: ains cerchant la verité, deſirer pluſ¬

243.0 260.0 1029.0 60.0 roſt trouuer l’innocence, que la coulpe. La coul¬

244.0 319.0 1026.0 64.0 pe eſtant veritiee, auoir compaſsion du malheur

243.0 374.0 1029.0 64.0 auquel le coulpable eſt cheu : Mais auoir vne ba¬

243.0 434.0 1029.0 66.0 lance, & meſure iuſte à ceſte pitié, qui eſt, com¬

241.0 496.0 1033.0 55.0 me la haine particuliere, ne doit iamais nuire au

244.0 550.0 1030.0 70.0 public, auſsi la particuliere amitie, ou commiſe¬

241.0 610.0 1033.0 66.0 ration, ne doit iamais faire contrepoids, à la pitié

241.0 672.0 1035.0 62.0 que le prince doit auoir, de la ruine publique, &

244.0 732.0 1030.0 59.0 generale de ſon Royaume: & encores moins, au

243.0 787.0 1033.0 57.0 zele qu’il doit à la conſeruation, & amplification

243.0 850.0 396.0 61.0 du regne de Dieu.

479.0 74.0 582.0 60.0 DIALOGVE II.

304.0 900.0 968.0 59.0 Le Prince qui refuſe la iuſtice à vn ſien ſuiect,

243.0 959.0 1033.0 66.0 eſt coulpable deuant Dieu: à plus forte raiſon ce

243.0 1018.0 1031.0 67.0 luy qui la refuſe à tous ſes ſuiets d’vn coup, & no¬

244.0 1080.0 1032.0 60.0 tamment à ceux deſquels on ſcait que leur mort

243.0 1136.0 1033.0 65.0 eſtoit iuree par ceſte conſpiration: leſquels (à ce

244.0 1218.0 1033.0 42.0 que Tay entendu jiont des plus muites de iou

244.0 1253.0 1030.0 69.0 Royaume. Et qui par les fide les ſeruices qu'ils

243.0 1311.0 1033.0 67.0 ont fait à la royne d’Angleterre, meritent qu’elle

244.0 1370.0 1033.0 67.0 leur octroye, ce qu’elle doit au moindre de ſes ſu

243.0 1430.0 1035.0 66.0 iets, qui eſt la iuſtice des machinations qu’on fait

243.0 1496.0 369.0 51.0 contre leurs vies.

299.0 1540.0 979.0 70.0 Il eſt certain qu’il n’y a fidele ſerui teur de la

243.0 1603.0 1034.0 72.0 royne d’Angleterre qui n’aye fait, & deu faire tous

244.0 1661.0 1029.0 70.0 les offices qu’il a peu, de deſcouurir, accuſer, & cõ

244.0 1722.0 1033.0 61.0 damner (chacun ſelon ſa vocation & qualité) vne

245.0 1779.0 1035.0 66.0 ſi malheureuſe conſpiration, & qui par là ne ſoit

244.0 1838.0 1038.0 69.0 expoſé, à la haine de tous les conſpirateurs, & de

243.0 1897.0 1037.0 69.0 leurs complices: & plus ils y auront fait leur de¬

245.0 1955.0 1035.0 74.0 uoir, plus ils en ſeront hays de ceux qui ſont les

1173.0 2014.0 100.0 67.0 plus
