1482 2444
266.0 77.0 53.0 57.0 74

249.0 141.0 1037.0 64.0 frippon effronté, vn Tholozat, c’eſt à dire vn dou

249.0 202.0 1038.0 53.0 ble. Les aut res deux ſont entendeurs, ce ſont des

251.0 262.0 1036.0 61.0 Huguenots d’eſtat: ceux à qui le Dieu de ce mon

251.0 319.0 1036.0 58.0 de a cillé ou creué les yeux. Mais de Poulier, le

249.0 381.0 1038.0 60.0 cœur me fend, quand ie m’en ſouuiens, de regret.

457.0 76.0 605.0 51.0 DIALOGVE II.

252.0 437.0 1031.0 65.0 Le pol. Mon Dieu que ie ſuis deſplaiſaut, qu’il fa¬

252.0 499.0 1011.0 60.0 ce ſi mauuaiſe preuue de la cognoiſſance qu’il a!

254.0 552.0 1029.0 63.0 L’hi. C’eſt ſans doute que le poure homme a tra¬

255.0 612.0 1028.0 53.0 uaillé bien lourdement contre la verité cognue.

255.0 670.0 1034.0 64.0 Mais Dieu qui ſcait bien ramener ſes brebis de

258.0 734.0 1028.0 60.0 peur de les perdre, le vint trouuer en ces iours¬

256.0 788.0 1029.0 60.0 là, & luy fit ſentir le petit doigt de ſa main forte,

256.0 848.0 1039.0 60.0 trebuſchãt luy & ſon cheual, en vn chemin plain

256.0 906.0 1034.0 63.0 &facile: & pour l’arreſter court ſur cul, il luy caſſa

263.0 968.0 353.0 51.0 la iambe droite.

258.0 1022.0 1031.0 66.0 Le pol. Dieu vueille que ce coup de fouet luy face

258.0 1084.0 1033.0 63.0 cognoiſtre ſa faute. Mais quel pretexte propo¬

258.0 1140.0 959.0 64.0 ſoyent-ils, ces gens de bien aux Catholiques?

258.0 1198.0 1036.0 66.0 L’hiſt. Nul autre, ſi non, quoy qu’il en fuſt, que

262.0 1258.0 1033.0 61.0 leur Compere vouloit eſtre maiſtre abſolu en

260.0 1318.0 1033.0 64.0 ſon pais: qu’il vouloit, tout coupper & coudre à

260.0 1384.0 1039.0 59.0 ſon plaiſir: que nuls ne luy deſplaiſoyent tant que

263.0 1433.0 1035.0 67.0 les Rochellois, qui ne vouloyent ouurir les por¬

263.0 1496.0 1034.0 62.0 tes à ceux qui les vouloyent ruer de par le Roy¬

267.0 1551.0 1031.0 63.0 Et ainſi tout honeſtement, comme qui conuie à

266.0 1610.0 1028.0 65.0 des noces,les preſſoyent d’aller au pillage & car¬

266.0 1671.0 1032.0 62.0 nage des gens de bien, qu’ils diſoyent eſtre des re

266.0 1732.0 703.0 53.0 belles, ſeditieux à tout iugement.

267.0 1785.0 1035.0 65.0 Le pol. Ie leur nie bien c’eſt article, qu’ils ſoyent

267.0 1846.0 1037.0 63.0 ſeditieux ny meſchans, & pourrois bien deuant

268.0 1910.0 1036.0 66.0 tous iuges qui ne ſeroyent point paſsionnez prou

270.0 1971.0 577.0 52.0 uer tout outre le contraire.

1189.0 2016.0 113.0 61.0 L’hi.
