1413 2434
228.0 74.0 95.0 70.0 164

227.0 140.0 1018.0 72.0 cent, ſi mille endurẽt d’vn ſeul, ne dira l’on point

231.0 213.0 1016.0 54.0 qu’ils ne veulent, non pas qu’il n’oſent, ſe prẽdre

226.0 258.0 1023.0 69.0 à luy: Et que c’eſt non couardiſe, mais pluſtoſt

228.0 320.0 1019.0 66.0 meſpris ou deſdain. Si l’on voit, non pas cẽt, non

231.0 381.0 1014.0 62.0 pas mille hommes: mais cent pays, mille villes,

231.0 435.0 1019.0 65.0 vn million d’hommes n’aſſaillir pas vn ſeul, du¬

230.0 497.0 1020.0 61.0 quel le mieux traité de tous en reçoit ce mal d’e

230.0 557.0 1020.0 62.0 ſtre ſerſ & eſclaue: Comment pourrons-nous

230.0 612.0 1019.0 58.0 nommer cela? Eſt-ce laſcheté? Or y a-il en tous

232.0 674.0 1019.0 64.0 vices naturellement quelque borne, outre laquel

230.0 731.0 1023.0 58.0 le ils ne peuuent paſſer. Deux peuuent craindre

234.0 791.0 1020.0 64.0 vn: & poſſible dix le craindront:Mais mille, mais

232.0 846.0 1024.0 65.0 vu million, mais mille villes ſi elles ne ſe defen¬

234.0 905.0 1020.0 67.0 dent d’vn? Ce n’eſt pas çouardiſe, elle ne va pas

234 965 1022 65 iuſques la: non plus que la vaillance ne s’eſtend

238 1020 1026 73 pas qu’vn ſeul eſchelle vne ſeule fortereſſe, qu’il

234 1083 1023 67 aſſaille vne armee, qu’il conquiere vn Royaume,

234 1145 1028 63 Donc quel mõſtre de vice eſt cecy, qui ne merite

234 1203 1027 65 encore pas le nõ de couardiſe, qui ne trouue pas

235 1258 1025 68 de nom aſſez vilain, que la nature deſauoue auoir

235 1318 853 65 ſait, & la longueur refuſe de le nommer,

452 82 590 54 DIALOGVE II.

296.0 1375.0 964.0 70.0 Qu’on mette d’vn coſté cinquantę mille hom

238.0 1440.0 1023.0 63.0 mes en armes: d’vn autre autant, qu’on les range

238.0 1492.0 1024.0 67.0 en bataille, qu’ils viennent à ſe ioindre, les vns

238.0 1555.0 1023.0 62.0 combatans pour leur franchiſe, les autres pour

240.0 1613.0 1021.0 65.0 la leur oſter: auſquels promettra-on par cõjectu¬

243.0 1669.0 1018.0 67.0 re la victoire? Leſquels penſera l’on qui plus gail

244.0 1733.0 1018.0 60.0 lardement iront au combat? ou ceux qui eſperẽt

247.0 1788.0 1015.0 67.0 pour le guerdon de leur peine l’entretenemẽt de

246.0 1860.0 1019.0 49.0 leur liberté? Ou ceux qui ne peuuent attedre au¬

247.0 1909.0 1015.0 66.0 tre loyer des coups qu’ils dõnent,ou qu’ils reçoj

250.0 1968.0 650.0 69.0 uent, que la ſeruitude d’autruy?

1176.0 2018.0 78.0 86.0 Les
