1485 2451
279.0 91.0 62.0 60.0 64

339.0 152.0 982.0 65.0 Or pour reuenir à mon propos, du vol, & deſ¬

279.0 226.0 1039.0 49.0 ualiſemé t de tat de nauires. Ainſi que le Myllord

279.0 272.0 1039.0 58.0 de Vvenceſter s’acheminoit en France, pour l’oc

277.0 333.0 1039.0 53.0 caſion que ie t'ay dit, trauerſant de Douure, à Bo

277.0 393.0 1040.0 60.0 logne ſur vn bateau, n’ayãt lors que trois bateaur

280.0 447.0 1031.0 69.0 paſſagers auec luy, il fut aſſailly par quelques cour

279.0 509.0 1035.0 61.0 ſaires Anglois, Frãçois, & Vvallons en petit nom

279.0 566.0 1035.0 63.0 bre, qui eſtoyent dans vn petit nauire, nommé le

279.0 626.0 1038.0 65.0 Poſte: aſſailly, dis-ie, de ſi pres, que bien peu s’en

276.0 684.0 1040.0 63.0 falut, que le bateau où eſtoit le Mylord, ne fut mis

279.0 744.0 1032.0 62.0 à fons, tant y a, que l’vn des bateaux de ſã ſuite,

273.0 802.0 1041.0 65.0 fut preſque tout pillé, & quelques vns de ſõ train

277.0 864.0 1036.0 61.0 tuez. Aucuns diſoyent, que quelque inimitié par

276.0 920.0 1037.0 63.0 ticuliere contre le Myllord de Vvenceſter, auoit

275.0 980.0 1039.0 57.0 ſait dreſſer celle partie: les autres, l'amour du bu

276.0 1038.0 1035.0 62.0 tin, & du preſent que la Royne enuoyoit à ſon

277.0 1097.0 1033.0 63.0 Compere, au lieu duquel ils vouloyent ſuppoſer

276.0 1156.0 1038.0 62.0 vn licol: d’autres penſoyent que c’eſtoit vn deſpit

276.0 1220.0 1035.0 55.0 & vne enuie de rompre vn ſi vilain voyage, où

275.0 1274.0 1031.0 61.0 Dieu eſtoit deshonoré. Comme qu’il en ſoit, ce

273.0 1333.0 1034.0 65.0 la fut cauſe que la Royne, lors irritee, donna char

276.0 1391.0 1030.0 67.0 ge à ſon Amiral, d’enquerir bien au vray du fait,

275.0 1448.0 618.0 64.0 & de chaſtier les coulpables.

527.0 81.0 588.0 64.0 DIALOGVE II

335.0 1511.0 974.0 61.0 L’Amiral qui ne demandoit pas plus beau ieu

273.0 1571.0 1030.0 60.0 pour grobiuer, comme il en a bonne couſtume,

267.0 1625.0 1035.0 66.0 enquit ſi à point de ce fait, parle moyen de ſes ſup

269.0 1684.0 1032.0 65.0 poſts, qu’on ne laiſſa nauire François, ny Vvallõ,

264.0 1745.0 1035.0 66.0 de ceux qu’on peut attraper, qui ne fut mis à blãc.

265.0 1812.0 1037.0 57.0 Les capitaines, Mariniers,tout l’equippage, voire

265.0 1864.0 1038.0 64.0 quelques paſſagers, furent faits priſonniers, entre

262.0 1925.0 1041.0 53.0 autres vn gentil-homme mien amy, Poiteuin de

264.0 1982.0 1039.0 65.0 nation, à qui noſtre France doit beaucoup, Hiſto

1198.0 2065.0 101.0 27.0 11O-
