<?xml version="1.0" encoding="UTF-8"?>
<alto xmlns:xsi="http://www.w3.org/2001/XMLSchema-instance"
      xmlns="http://www.loc.gov/standards/alto/ns-v4#"
      xsi:schemaLocation="http://www.loc.gov/standards/alto/ns-v4# http://www.loc.gov/standards/alto/v4/alto-4-2.xsd">
  <Description>
    <MeasurementUnit>pixel</MeasurementUnit>
    <sourceImageInformation>
      <fileName>page_00245.png</fileName>
      <fileIdentifier>mets//page_00205.zip/page_00245.png</fileIdentifier>
    </sourceImageInformation>
  </Description>
  <Tags>
    <OtherTag ID="BT7" LABEL="CustomZone" DESCRIPTION="block type CustomZone"/><OtherTag ID="BT8" LABEL="DamageZone" DESCRIPTION="block type DamageZone"/><OtherTag ID="BT9" LABEL="DigitizationArtefactZone" DESCRIPTION="block type DigitizationArtefactZone"/><OtherTag ID="BT10" LABEL="DropCapitalZone" DESCRIPTION="block type DropCapitalZone"/><OtherTag ID="BT11" LABEL="GraphicZone" DESCRIPTION="block type GraphicZone"/><OtherTag ID="BT12" LABEL="MainZone" DESCRIPTION="block type MainZone"/><OtherTag ID="BT13" LABEL="MarginTextZone" DESCRIPTION="block type MarginTextZone"/><OtherTag ID="BT14" LABEL="MusicZone" DESCRIPTION="block type MusicZone"/><OtherTag ID="BT15" LABEL="NumberingZone" DESCRIPTION="block type NumberingZone"/><OtherTag ID="BT17" LABEL="QuireMarksZone" DESCRIPTION="block type QuireMarksZone"/><OtherTag ID="BT18" LABEL="RunningTitleZone" DESCRIPTION="block type RunningTitleZone"/><OtherTag ID="BT19" LABEL="SealZone" DESCRIPTION="block type SealZone"/><OtherTag ID="BT20" LABEL="StampZone" DESCRIPTION="block type StampZone"/><OtherTag ID="BT21" LABEL="TableZone" DESCRIPTION="block type TableZone"/><OtherTag ID="BT22" LABEL="TitlePageZone" DESCRIPTION="block type TitlePageZone"/><OtherTag ID="BT100001" LABEL="MainZone-Head" DESCRIPTION="block type MainZone-Head"/><OtherTag ID="BT100005" LABEL="MainZone-P" DESCRIPTION="block type MainZone-P"/><OtherTag ID="BT100008" LABEL="MainZone-Sp" DESCRIPTION="block type MainZone-Sp"/><OtherTag ID="BT100006" LABEL="MainZone-Continued" DESCRIPTION="block type MainZone-Continued"/><OtherTag ID="BT100011" LABEL="MainZone-Entry" DESCRIPTION="block type MainZone-Entry"/><OtherTag ID="BT100010" LABEL="MainZone-Other" DESCRIPTION="block type MainZone-Other"/><OtherTag ID="BT100002" LABEL="MainZone-Lg" DESCRIPTION="block type MainZone-Lg"/>
    <OtherTag ID="LT7" LABEL="CustomLine" DESCRIPTION="line type CustomLine"/><OtherTag ID="LT8" LABEL="DefaultLine" DESCRIPTION="line type DefaultLine"/><OtherTag ID="LT9" LABEL="DropCapitalLine" DESCRIPTION="line type DropCapitalLine"/><OtherTag ID="LT10" LABEL="HeadingLine" DESCRIPTION="line type HeadingLine"/><OtherTag ID="LT11" LABEL="InterlinearLine" DESCRIPTION="line type InterlinearLine"/><OtherTag ID="LT12" LABEL="MusicLine" DESCRIPTION="line type MusicLine"/><OtherTag ID="LT764" LABEL="default" DESCRIPTION="line type default"/>
  </Tags>
  <Layout>
    <Page WIDTH="1461"
          HEIGHT="2426"
          PHYSICAL_IMG_NR="45"
          ID="eSc_dummypage_">
      <PrintSpace HPOS="0"
                  VPOS="0"
                  WIDTH="1461"
                  HEIGHT="2426">
        <TextBlock HPOS="271.0"
                   VPOS="73.0"
                   WIDTH="65.0"
                   HEIGHT="57.0"
                   ID="block_7"
                   TAGREFS="BT15">
          <Shape><Polygon POINTS="336 73 336 130 271 130 271 73"/></Shape>
          <TextLine ID="line_0"
                    TAGREFS="LT8"
                    BASELINE="272 107 340 105" 
                    HPOS="269.0"
                    VPOS="66.0"
                    WIDTH="71.0"
                    HEIGHT="63.0">
            <Shape><Polygon POINTS="272 107 272 117 297 129 299 129 300 129 301 129 303 129 303 128 314 117 340 111 340 105 338 70 319 66 318 66 316 66 269 75 272 107"/></Shape>
	    <String CONTENT="46"
                    HPOS="269.0"
                    VPOS="66.0"
                    WIDTH="71.0"
                    HEIGHT="63.0"
                    WC="0.9999973773956299"></String>
          </TextLine>
        </TextBlock>
        <TextBlock HPOS="263.0"
                   VPOS="131.0"
                   WIDTH="1038.0"
                   HEIGHT="348.0"
                   ID="block_0"
                   TAGREFS="BT100006">
          <Shape><Polygon POINTS="1301 131 1301 479 263 479 263 131"/></Shape>
          <TextLine ID="line_2"
                    TAGREFS="LT8"
                    BASELINE="266 173 1297 176" 
                    HPOS="265.0"
                    VPOS="132.0"
                    WIDTH="1032.0"
                    HEIGHT="62.0">
            <Shape><Polygon POINTS="266 173 265 181 300 191 301 191 303 191 575 184 619 192 621 192 622 192 624 192 632 184 749 184 865 194 866 194 938 185 1018 194 1020 194 1060 185 1070 194 1071 194 1072 194 1074 194 1128 185 1229 192 1230 192 1296 184 1297 176 1296 145 1196 145 1196 144 1171 133 1169 133 1168 133 1020 142 994 133 993 133 991 133 990 133 989 133 973 144 971 145 815 145 812 144 783 132 781 132 722 132 721 132 719 132 718 132 703 142 703 144 595 144 595 142 572 132 571 132 570 132 512 142 508 144 433 144 432 142 419 132 417 132 416 132 415 132 413 132 380 142 377 142 374 142 327 132 326 132 324 132 301 142 299 142 266 142 266 173"/></Shape>
	    <String CONTENT="tains deuant ſes yeux: à ſcau, que celuy qu’il accu¬"
                    HPOS="265.0"
                    VPOS="132.0"
                    WIDTH="1032.0"
                    HEIGHT="62.0"
                    WC="0.9943223202003623"></String>
          </TextLine>
          <TextLine ID="line_3"
                    TAGREFS="LT8"
                    BASELINE="266 234 1295 233" 
                    HPOS="265.0"
                    VPOS="192.0"
                    WIDTH="1030.0"
                    HEIGHT="61.0">
            <Shape><Polygon POINTS="266 234 266 242 324 252 326 253 374 253 374 252 376 252 400 242 402 242 657 242 659 242 669 252 671 252 672 252 673 252 725 243 803 252 804 252 805 252 842 242 843 242 847 242 936 249 938 249 939 249 952 242 981 250 982 250 983 250 1035 243 1153 252 1155 252 1156 252 1177 242 1188 252 1190 252 1191 252 1192 253 1218 253 1218 252 1219 252 1221 252 1234 242 1258 250 1260 250 1261 250 1262 250 1295 241 1295 233 1292 207 1230 207 1230 206 1211 194 1210 194 1208 194 1207 194 1206 194 1180 206 1164 206 1105 206 1071 192 1070 192 1043 192 1041 192 1040 192 1039 192 1025 203 963 192 962 192 960 192 959 192 947 203 878 206 857 206 841 206 781 202 768 192 766 192 765 192 764 192 671 204 669 204 610 192 576 192 575 192 574 192 572 192 552 204 549 206 547 204 522 196 521 196 520 196 369 204 332 206 330 204 315 192 314 192 312 192 276 192 274 192 273 192 272 192 272 194 265 199 266 234"/></Shape>
	    <String CONTENT="ſe, pourroit eſtre quelque iour ſon Roy, &amp; a¬"
                    HPOS="265.0"
                    VPOS="192.0"
                    WIDTH="1030.0"
                    HEIGHT="61.0"
                    WC="0.9914797491497463"></String>
          </TextLine>
          <TextLine ID="line_4"
                    TAGREFS="LT8"
                    BASELINE="269 291 1295 293" 
                    HPOS="268.0"
                    VPOS="249.0"
                    WIDTH="1027.0"
                    HEIGHT="58.0">
            <Shape><Polygon POINTS="269 291 268 300 281 307 283 307 284 307 1293 301 1295 293 1293 265 1179 265 1177 264 1159 250 1157 250 1156 250 1136 250 1134 250 1133 250 1132 250 1115 264 1090 250 1089 250 1087 250 1086 250 1053 264 1052 264 996 264 956 264 942 250 940 250 939 250 938 250 894 258 853 250 851 250 850 250 849 250 832 264 831 264 677 264 677 262 642 249 641 249 618 249 617 249 615 249 614 249 601 260 535 249 533 249 532 249 531 249 514 262 513 264 493 264 491 262 458 249 456 249 455 249 454 249 424 262 408 249 407 249 405 249 382 249 381 249 380 249 350 262 347 262 269 262 269 291"/></Shape>
	    <String CONTENT="uoir ſa vie, ſon honneur, ſes biens, &amp; de tous"
                    HPOS="268.0"
                    VPOS="249.0"
                    WIDTH="1027.0"
                    HEIGHT="58.0"
                    WC="0.989746683317682"></String>
          </TextLine>
          <TextLine ID="line_5"
                    TAGREFS="LT8"
                    BASELINE="268 349 1295 351" 
                    HPOS="266.0"
                    VPOS="308.0"
                    WIDTH="1029.0"
                    HEIGHT="59.0">
            <Shape><Polygon POINTS="268 349 266 357 273 363 273 365 274 365 276 365 277 365 335 358 353 365 354 365 355 365 521 358 572 366 574 366 772 365 773 365 774 365 781 358 783 358 784 358 835 365 836 365 904 359 915 367 916 367 917 367 919 367 998 361 1045 367 1047 367 1048 367 1049 367 1059 359 1062 359 1091 367 1093 367 1094 367 1095 367 1097 367 1107 361 1110 359 1171 359 1173 361 1182 367 1183 367 1184 367 1186 367 1293 361 1295 351 1293 324 1167 324 1165 323 1157 316 1156 316 1155 316 1153 316 1152 316 1138 322 1105 309 1103 309 1076 309 1075 309 1074 309 1072 309 1058 322 1055 323 934 323 931 320 919 309 917 309 916 309 888 309 886 309 885 309 884 309 872 320 870 320 841 309 839 309 838 309 836 309 835 309 823 319 818 323 795 319 773 316 772 316 754 319 735 322 725 319 695 308 694 308 692 308 609 318 582 320 576 318 564 308 563 308 562 308 560 308 506 316 471 322 404 322 394 316 384 308 382 308 381 308 359 308 358 308 357 308 355 308 347 315 339 322 315 315 291 308 289 308 288 308 287 308 268 314 268 349"/></Shape>
	    <String CONTENT="les ſiens en ſa puiſſance: &amp; l’autre, Que quoy"
                    HPOS="266.0"
                    VPOS="308.0"
                    WIDTH="1029.0"
                    HEIGHT="59.0"
                    WC="0.9973564951316171"></String>
          </TextLine>
          <TextLine ID="line_6"
                    TAGREFS="LT8"
                    BASELINE="266 408 1295 411" 
                    HPOS="265.0"
                    VPOS="365.0"
                    WIDTH="1030.0"
                    HEIGHT="63.0">
            <Shape><Polygon POINTS="266 408 265 420 330 427 331 427 516 420 588 419 594 420 603 425 605 425 606 425 648 420 669 419 702 420 801 428 803 428 804 428 827 420 831 420 845 420 917 427 919 427 1293 420 1295 411 1293 380 1264 380 1264 378 1245 366 1244 366 1242 366 1191 366 1190 366 1188 366 1155 378 1153 380 1033 380 1033 378 1009 366 1008 366 969 366 967 366 966 366 965 366 946 378 943 380 885 380 884 378 867 366 866 366 865 366 842 366 841 366 839 366 838 366 823 378 822 380 783 380 780 378 760 365 758 365 757 365 717 365 715 365 714 365 712 365 692 377 691 378 637 378 636 377 613 365 611 365 610 365 609 365 586 377 584 378 563 378 562 377 543 365 541 365 540 365 510 365 509 365 508 365 506 365 491 377 490 378 475 378 474 377 460 365 459 365 458 365 456 365 455 365 424 376 411 365 409 365 408 365 331 365 330 365 328 365 327 365 312 377 311 377 266 377 266 408"/></Shape>
	    <String CONTENT="qu’il ſache dire &amp; verifier, l’accuſé n’en ſouffrira"
                    HPOS="265.0"
                    VPOS="365.0"
                    WIDTH="1030.0"
                    HEIGHT="63.0"
                    WC="0.9900341168889459"></String>
          </TextLine>
          <TextLine ID="line_7"
                    TAGREFS="LT8"
                    BASELINE="266 469 385 466" 
                    HPOS="265.0"
                    VPOS="433.0"
                    WIDTH="120.0"
                    HEIGHT="42.0">
            <Shape><Polygon POINTS="266 469 266 475 385 474 385 466 382 442 277 433 276 433 274 433 273 433 265 439 266 469"/></Shape>
	    <String CONTENT="rien."
                    HPOS="265.0"
                    VPOS="433.0"
                    WIDTH="120.0"
                    HEIGHT="42.0"
                    WC="0.9979799747467041"></String>
          </TextLine>
        </TextBlock>
        <TextBlock HPOS="511.0"
                   VPOS="60.0"
                   WIDTH="586.0"
                   HEIGHT="57.0"
                   ID="block_4"
                   TAGREFS="BT18">
          <Shape><Polygon POINTS="1097 60 1097 117 511 117 511 60"/></Shape>
          <TextLine ID="line_1"
                    TAGREFS="LT10"
                    BASELINE="519 99 1095 106" 
                    HPOS="516.0"
                    VPOS="60.0"
                    WIDTH="578.0"
                    HEIGHT="55.0">
            <Shape><Polygon POINTS="1062 60 1042 60 1025 60 985 66 975 66 973 64 967 60 961 60 940 60 920 60 900 60 886 60 872 62 851 64 845 60 839 60 819 60 799 60 779 60 758 60 738 60 718 60 706 60 665 62 661 60 657 60 637 60 617 60 596 60 576 60 556 60 536 60 518 60 518 97 516 115 1092 115 1094 105 1082 60 1062 60"/></Shape>
	    <String CONTENT="DIALOGVE II."
                    HPOS="516.0"
                    VPOS="60.0"
                    WIDTH="578.0"
                    HEIGHT="55.0"
                    WC="0.999994566043218"></String>
          </TextLine>
        </TextBlock>
        <TextBlock HPOS="264.0"
                   VPOS="480.0"
                   WIDTH="1034.0"
                   HEIGHT="762.0"
                   ID="block_3"
                   TAGREFS="BT100005">
          <Shape><Polygon POINTS="1298 480 1298 1242 264 1242 264 480"/></Shape>
          <TextLine ID="line_8"
                    TAGREFS="LT8"
                    BASELINE="322 528 557 522 1292 522" 
                    HPOS="320.0"
                    VPOS="481.0"
                    WIDTH="972.0"
                    HEIGHT="64.0">
            <Shape><Polygon POINTS="322 528 322 533 338 541 339 541 340 541 378 533 381 533 439 533 506 533 517 543 517 544 518 544 520 544 521 545 545 545 545 544 547 544 584 533 590 533 816 541 818 541 819 541 820 541 831 535 842 543 842 544 843 544 845 544 846 544 898 537 950 544 951 544 993 535 1006 543 1008 543 1009 543 1010 544 1055 544 1055 543 1056 543 1075 533 1219 532 1260 539 1261 539 1262 539 1292 531 1292 522 1291 494 1164 494 1101 481 1099 481 1098 481 1053 493 948 491 925 482 924 482 923 482 921 482 920 482 898 495 826 495 810 482 808 482 807 482 805 482 804 482 780 491 733 482 731 482 730 482 707 494 621 487 619 487 618 487 617 487 609 493 572 482 571 482 512 482 510 482 509 482 477 495 424 495 404 482 402 482 401 482 340 482 339 482 338 482 336 482 320 493 322 528"/></Shape>
	    <String CONTENT="Si le conſpirateur eſtoit quelque perſonne in¬"
                    HPOS="320.0"
                    VPOS="481.0"
                    WIDTH="972.0"
                    HEIGHT="64.0"
                    WC="0.9942784451920054"></String>
          </TextLine>
          <TextLine ID="line_9"
                    TAGREFS="LT8"
                    BASELINE="264 583 1293 580" 
                    HPOS="262.0"
                    VPOS="540.0"
                    WIDTH="1031.0"
                    HEIGHT="59.0">
            <Shape><Polygon POINTS="264 583 264 593 551 599 552 599 1079 591 1101 591 1102 591 1144 598 1145 598 1146 598 1148 598 1157 591 1167 598 1168 598 1169 598 1171 599 1265 599 1265 598 1266 598 1293 590 1293 580 1289 553 1153 553 1152 552 1136 540 1134 540 1133 540 1132 540 1130 540 1098 552 1095 555 1039 555 1037 552 1021 540 1020 540 1018 540 1017 540 1016 540 971 552 966 553 877 553 877 552 846 540 845 540 843 540 768 552 752 556 707 556 702 552 686 541 684 541 683 541 656 541 655 541 653 541 652 541 638 552 622 541 621 541 619 541 584 541 583 541 582 541 580 541 567 552 566 555 513 555 510 552 495 541 494 541 493 541 491 541 458 548 425 541 424 541 423 541 421 541 408 552 404 555 346 552 323 552 308 541 307 541 305 541 276 541 274 541 273 541 272 541 262 547 264 583"/></Shape>
	    <String CONTENT="fame, de laquelle ils n’euſſent occaſion de crain¬"
                    HPOS="262.0"
                    VPOS="540.0"
                    WIDTH="1031.0"
                    HEIGHT="59.0"
                    WC="0.9916189575195312"></String>
          </TextLine>
          <TextLine ID="line_10"
                    TAGREFS="LT8"
                    BASELINE="264 641 1292 641" 
                    HPOS="264.0"
                    VPOS="602.0"
                    WIDTH="1028.0"
                    HEIGHT="57.0">
            <Shape><Polygon POINTS="264 641 264 650 521 659 522 659 524 659 548 652 769 659 770 659 772 659 797 652 853 659 854 659 1156 652 1207 659 1208 659 1210 659 1233 652 1276 659 1277 659 1279 659 1292 650 1292 641 1292 611 1269 602 1268 602 1219 602 1218 602 1217 602 1196 611 1074 602 1072 602 1071 602 1070 602 1059 611 1039 605 1037 605 1036 605 1035 605 1014 613 785 613 752 602 750 602 749 602 748 602 727 611 590 611 559 602 557 602 556 602 555 602 553 602 541 613 493 613 456 602 455 602 454 602 452 602 431 611 420 602 419 602 417 602 355 602 354 602 353 602 319 611 287 602 285 602 284 602 283 602 264 611 264 641"/></Shape>
	    <String CONTENT="dre ſa haine, &amp; inimitié, on pourroit dire qu’ils"
                    HPOS="264.0"
                    VPOS="602.0"
                    WIDTH="1028.0"
                    HEIGHT="57.0"
                    WC="0.990333720445633"></String>
          </TextLine>
          <TextLine ID="line_11"
                    TAGREFS="LT8"
                    BASELINE="264 699 1295 699" 
                    HPOS="264.0"
                    VPOS="660.0"
                    WIDTH="1031.0"
                    HEIGHT="57.0">
            <Shape><Polygon POINTS="264 699 264 708 335 717 336 717 338 717 353 710 420 717 421 717 471 710 535 717 536 717 618 710 1188 717 1190 717 1191 717 1206 710 1260 717 1261 717 1295 708 1295 699 1295 673 1268 673 1249 660 1248 660 1246 660 1245 660 1244 660 1210 672 1180 660 1179 660 1177 660 1176 660 1146 673 1002 673 960 660 959 660 958 660 956 660 931 672 912 660 911 660 909 660 880 660 878 660 877 660 876 660 863 671 824 672 808 660 807 660 805 660 804 660 752 668 698 660 696 660 695 660 652 671 626 665 625 665 578 672 497 660 495 660 494 660 474 671 264 672 264 699"/></Shape>
	    <String CONTENT="ont intereſt particulier à ceſte douceur, &amp; cle¬"
                    HPOS="264.0"
                    VPOS="660.0"
                    WIDTH="1031.0"
                    HEIGHT="57.0"
                    WC="0.9928711299993553"></String>
          </TextLine>
          <TextLine ID="line_12"
                    TAGREFS="LT8"
                    BASELINE="264 760 1293 756" 
                    HPOS="262.0"
                    VPOS="717.0"
                    WIDTH="1031.0"
                    HEIGHT="66.0">
            <Shape><Polygon POINTS="264 760 264 768 413 768 415 768 432 781 433 781 435 781 436 781 438 781 439 781 455 768 456 768 498 774 500 774 501 774 502 774 510 768 526 781 528 781 529 781 531 783 555 783 555 781 556 781 557 781 580 768 582 766 622 766 625 766 661 780 663 780 664 780 665 780 698 766 699 766 727 766 836 769 849 780 850 780 851 780 853 781 882 781 882 780 884 780 931 766 1184 779 1186 779 1292 764 1293 756 1292 730 1265 717 1264 717 1262 717 1148 729 1128 717 1126 717 1125 717 1124 717 1122 717 1079 729 1018 729 950 717 948 717 947 717 946 717 927 730 735 723 734 723 700 730 676 723 675 723 673 723 672 723 671 723 660 730 606 718 605 718 524 731 478 719 477 719 475 719 474 719 473 719 456 731 276 725 274 725 273 725 272 725 262 730 264 760"/></Shape>
	    <String CONTENT="mence, &amp; qu’il n’y auroit que l’exemple publi¬"
                    HPOS="262.0"
                    VPOS="717.0"
                    WIDTH="1031.0"
                    HEIGHT="66.0"
                    WC="0.9985745251178741"></String>
          </TextLine>
          <TextLine ID="line_13"
                    TAGREFS="LT8"
                    BASELINE="265 815 1293 819" 
                    HPOS="265.0"
                    VPOS="772.0"
                    WIDTH="1028.0"
                    HEIGHT="66.0">
            <Shape><Polygon POINTS="265 815 265 830 1082 827 1083 827 1095 836 1097 836 1098 836 1099 838 1133 838 1133 836 1173 827 1184 836 1186 836 1187 836 1188 836 1292 826 1293 819 1293 791 1261 774 1260 774 1213 774 1211 774 1210 774 1180 791 1167 791 1083 791 1082 789 1060 774 1059 774 1058 774 1031 774 1029 774 1028 774 1027 774 1004 789 924 789 900 773 898 773 897 773 896 773 824 788 823 788 818 788 791 788 769 773 768 773 766 773 721 773 719 773 718 773 717 773 703 783 680 773 679 773 677 773 676 773 653 784 621 773 619 773 618 773 617 773 615 773 598 787 580 772 579 772 578 772 576 772 575 772 541 784 528 772 526 772 525 772 524 772 493 779 463 772 462 772 460 772 459 772 458 772 439 787 438 787 265 787 265 815"/></Shape>
	    <String CONTENT="que qui fuſt fruſtré: Mais eſtant celle qui eſt la"
                    HPOS="265.0"
                    VPOS="772.0"
                    WIDTH="1028.0"
                    HEIGHT="66.0"
                    WC="0.9841771780275831"></String>
          </TextLine>
          <TextLine ID="line_14"
                    TAGREFS="LT8"
                    BASELINE="264 877 1292 877" 
                    HPOS="264.0"
                    VPOS="835.0"
                    WIDTH="1028.0"
                    HEIGHT="59.0">
            <Shape><Polygon POINTS="264 877 264 894 314 886 354 894 358 894 359 894 365 894 411 886 680 886 702 890 715 893 717 893 742 890 777 886 804 890 839 894 841 894 1074 888 1114 886 1118 886 1155 894 1156 894 1230 888 1275 894 1276 894 1277 894 1279 894 1292 886 1292 877 1292 847 1266 835 1265 835 1237 835 1235 835 1234 835 1233 835 1215 849 1156 849 1138 835 1137 835 1136 835 1134 835 1133 835 1105 847 1047 841 1045 841 847 847 816 835 815 835 814 835 726 846 688 835 687 835 686 835 684 835 683 835 667 849 648 849 628 835 626 835 625 835 597 835 595 835 594 835 571 847 557 835 556 835 555 835 536 835 535 835 533 835 532 835 517 847 462 835 460 835 459 835 458 835 442 849 361 849 303 835 301 835 300 835 264 847 264 877"/></Shape>
	    <String CONTENT="plus proche à eſtre leur Royne, contre laquelle"
                    HPOS="264.0"
                    VPOS="835.0"
                    WIDTH="1028.0"
                    HEIGHT="59.0"
                    WC="0.9992654571930567"></String>
          </TextLine>
          <TextLine ID="line_15"
                    TAGREFS="LT8"
                    BASELINE="262 936 1289 932" 
                    HPOS="261.0"
                    VPOS="892.0"
                    WIDTH="1028.0"
                    HEIGHT="55.0">
            <Shape><Polygon POINTS="262 936 262 947 1288 943 1289 932 1287 900 1239 892 1238 892 1237 892 1235 892 1223 900 1219 903 1214 900 1202 892 1200 892 1199 892 1198 892 1196 892 1195 892 1186 900 1182 904 1160 904 1153 900 1134 892 1133 892 1132 892 1130 892 1129 892 1117 900 1115 901 1114 900 1091 892 1090 892 1089 892 1087 892 1086 892 1075 901 1072 904 940 904 935 901 917 893 916 893 874 893 873 893 872 893 870 893 859 903 855 905 776 905 768 903 725 893 723 893 722 893 700 904 699 904 692 898 691 898 690 898 688 898 557 904 525 905 522 904 500 894 498 894 497 894 456 901 423 894 421 894 420 894 419 894 405 905 393 898 392 898 390 898 322 905 292 894 291 894 289 894 288 894 261 904 262 936"/></Shape>
	    <String CONTENT="ils ont deſcouuerte ceſte machination, &amp; les laiſ¬"
                    HPOS="261.0"
                    VPOS="892.0"
                    WIDTH="1028.0"
                    HEIGHT="55.0"
                    WC="0.9983210682868957"></String>
          </TextLine>
          <TextLine ID="line_16"
                    TAGREFS="LT8"
                    BASELINE="262 994 1291 994" 
                    HPOS="262.0"
                    VPOS="955.0"
                    WIDTH="1029.0"
                    HEIGHT="57.0">
            <Shape><Polygon POINTS="262 994 262 1004 388 1004 398 1012 400 1012 401 1012 402 1012 454 1004 475 1012 477 1012 478 1012 535 1004 886 1012 888 1012 947 1004 981 1012 982 1012 983 1012 1021 1004 1059 1012 1060 1012 1141 1004 1275 1010 1276 1010 1277 1010 1291 1002 1291 994 1291 965 1269 955 1268 955 1242 955 1241 955 1239 955 1238 955 1226 966 1175 966 982 966 979 965 950 955 948 955 911 955 909 955 908 955 907 955 896 965 894 966 734 966 730 963 710 955 708 955 707 955 590 963 553 966 332 966 324 962 309 955 308 955 307 955 262 960 262 994"/></Shape>
	    <String CONTENT="ſer en proye entre ſes mains, il n’y a pas vn de"
                    HPOS="262.0"
                    VPOS="955.0"
                    WIDTH="1029.0"
                    HEIGHT="57.0"
                    WC="0.9872586689889431"></String>
          </TextLine>
          <TextLine ID="line_17"
                    TAGREFS="LT8"
                    BASELINE="262 1049 1289 1052" 
                    HPOS="261.0"
                    VPOS="1012.0"
                    WIDTH="1028.0"
                    HEIGHT="58.0">
            <Shape><Polygon POINTS="262 1049 261 1059 278 1068 280 1068 281 1068 371 1060 384 1068 385 1068 386 1068 388 1068 455 1060 668 1060 810 1062 819 1070 820 1070 822 1070 823 1070 824 1070 841 1062 849 1070 850 1070 851 1070 853 1070 925 1062 1277 1068 1279 1068 1280 1068 1281 1068 1288 1062 1289 1052 1289 1027 1250 1013 1249 1013 1248 1013 1164 1024 1142 1017 1141 1017 1140 1017 1138 1017 1120 1025 1012 1013 1010 1013 1009 1013 1008 1013 994 1024 960 1018 959 1018 958 1018 938 1025 936 1027 815 1027 812 1025 774 1012 773 1012 738 1012 737 1012 735 1012 714 1022 578 1012 576 1012 575 1012 574 1012 559 1024 521 1017 520 1017 518 1017 517 1017 506 1024 505 1024 262 1024 262 1049"/></Shape>
	    <String CONTENT="ceux qui s’en ſont meſlez, qui ne doiue penſer,"
                    HPOS="261.0"
                    VPOS="1012.0"
                    WIDTH="1028.0"
                    HEIGHT="58.0"
                    WC="0.9993436729654352"></String>
          </TextLine>
          <TextLine ID="line_18"
                    TAGREFS="LT8"
                    BASELINE="264 1110 1289 1110" 
                    HPOS="264.0"
                    VPOS="1068.0"
                    WIDTH="1025.0"
                    HEIGHT="60.0">
            <Shape><Polygon POINTS="264 1110 264 1122 673 1120 698 1121 768 1126 769 1126 799 1121 807 1120 816 1121 862 1126 863 1126 865 1126 866 1126 873 1121 881 1126 882 1126 884 1126 885 1128 1013 1128 1013 1126 1014 1126 1016 1126 1024 1120 1025 1120 1132 1120 1133 1120 1219 1126 1221 1126 1222 1126 1223 1126 1234 1120 1273 1126 1275 1126 1276 1126 1289 1118 1289 1110 1289 1083 1129 1083 1109 1068 1107 1068 1106 1068 1105 1068 1103 1068 1070 1080 1036 1068 1035 1068 1033 1068 1032 1068 1031 1068 1013 1083 923 1083 881 1068 880 1068 878 1068 877 1068 850 1082 831 1068 830 1068 828 1068 827 1068 826 1068 797 1080 783 1068 781 1068 780 1068 758 1068 757 1068 756 1068 754 1068 737 1083 718 1083 650 1080 637 1068 636 1068 634 1068 610 1068 609 1068 607 1068 606 1068 594 1079 556 1068 555 1068 553 1068 552 1068 551 1068 536 1080 512 1080 497 1068 495 1068 494 1068 431 1068 429 1068 428 1068 401 1083 264 1083 264 1110"/></Shape>
	    <String CONTENT="que c’eſt fait de ſa vie, de ſes biens, &amp; de tout ce"
                    HPOS="264.0"
                    VPOS="1068.0"
                    WIDTH="1025.0"
                    HEIGHT="60.0"
                    WC="0.980437587086971"></String>
          </TextLine>
          <TextLine ID="line_19"
                    TAGREFS="LT8"
                    BASELINE="265 1169 1287 1167" 
                    HPOS="264.0"
                    VPOS="1126.0"
                    WIDTH="1023.0"
                    HEIGHT="61.0">
            <Shape><Polygon POINTS="265 1169 265 1182 440 1179 458 1182 494 1187 495 1187 497 1187 509 1180 513 1179 517 1180 526 1184 528 1184 529 1184 690 1180 785 1177 845 1179 1002 1184 1004 1184 1053 1177 1060 1177 1066 1177 1109 1186 1110 1186 1169 1177 1171 1177 1190 1186 1191 1186 1192 1186 1194 1186 1207 1179 1256 1186 1257 1186 1258 1186 1287 1176 1287 1167 1285 1134 1276 1126 1275 1126 1273 1126 1187 1126 1186 1126 1184 1126 1183 1126 1171 1137 1169 1138 1029 1138 1028 1137 1012 1126 1010 1126 1009 1126 959 1126 958 1126 956 1126 932 1137 901 1126 900 1126 898 1126 897 1126 896 1126 882 1138 779 1138 667 1138 665 1138 588 1128 587 1128 586 1128 584 1128 570 1140 539 1140 498 1128 497 1128 495 1128 494 1128 460 1138 423 1128 421 1128 420 1128 419 1128 417 1128 401 1138 351 1128 350 1128 349 1128 347 1128 334 1140 264 1140 265 1169"/></Shape>
	    <String CONTENT="qu’il a de plus cher en ce monde, ſi la royne d’Eſ¬"
                    HPOS="264.0"
                    VPOS="1126.0"
                    WIDTH="1023.0"
                    HEIGHT="61.0"
                    WC="0.9857544665243111"></String>
          </TextLine>
          <TextLine ID="line_20"
                    TAGREFS="LT8"
                    BASELINE="262 1227 896 1227" 
                    HPOS="262.0"
                    VPOS="1186.0"
                    WIDTH="634.0"
                    HEIGHT="57.0">
            <Shape><Polygon POINTS="262 1227 262 1235 278 1243 280 1243 281 1243 380 1237 885 1243 886 1243 888 1243 889 1243 896 1237 896 1227 896 1199 781 1199 769 1187 769 1186 768 1186 766 1186 765 1186 704 1196 641 1186 640 1186 638 1186 609 1196 560 1186 559 1186 557 1186 533 1198 506 1186 505 1186 504 1186 502 1186 477 1199 384 1199 371 1187 371 1186 370 1186 369 1186 335 1186 334 1186 332 1186 331 1186 331 1187 319 1199 262 1199 262 1227"/></Shape>
	    <String CONTENT="coſſe vient à eſtre leur Royne."
                    HPOS="262.0"
                    VPOS="1186.0"
                    WIDTH="634.0"
                    HEIGHT="57.0"
                    WC="0.992684118449688"></String>
          </TextLine>
        </TextBlock>
        <TextBlock HPOS="259.0"
                   VPOS="1248.0"
                   WIDTH="1033.0"
                   HEIGHT="519.0"
                   ID="block_2"
                   TAGREFS="BT100005">
          <Shape><Polygon POINTS="1292 1248 1292 1767 259 1767 259 1248"/></Shape>
          <TextLine ID="line_21"
                    TAGREFS="LT8"
                    BASELINE="318 1288 1288 1285" 
                    HPOS="316.0"
                    VPOS="1241.0"
                    WIDTH="972.0"
                    HEIGHT="64.0">
            <Shape><Polygon POINTS="318 1288 318 1296 470 1296 495 1304 497 1304 498 1304 552 1296 553 1296 576 1304 578 1304 579 1304 615 1296 628 1304 629 1304 630 1304 632 1305 692 1305 692 1304 694 1304 695 1304 708 1296 717 1296 841 1303 842 1303 907 1301 908 1301 909 1301 915 1296 916 1296 924 1303 925 1303 927 1303 928 1303 987 1296 1006 1295 1025 1296 1072 1301 1074 1301 1097 1296 1106 1295 1122 1296 1163 1301 1164 1301 1287 1296 1288 1285 1287 1253 1272 1241 1270 1241 1269 1241 1268 1241 1266 1241 1234 1256 1233 1256 1231 1256 1211 1241 1210 1241 1208 1241 1207 1241 1206 1241 1183 1248 1175 1241 1173 1241 1172 1241 1055 1241 1053 1241 1052 1241 1025 1256 1022 1256 991 1250 990 1250 827 1256 793 1257 700 1257 539 1256 524 1242 522 1242 521 1242 520 1242 518 1242 471 1254 458 1242 456 1242 455 1242 401 1242 400 1242 398 1242 380 1253 369 1243 369 1242 367 1242 366 1242 331 1242 330 1242 328 1242 327 1242 327 1243 316 1253 318 1288"/></Shape>
	    <String CONTENT="Il eſt à eſperer, que ceux qui ont eſté fideles à"
                    HPOS="316.0"
                    VPOS="1241.0"
                    WIDTH="972.0"
                    HEIGHT="64.0"
                    WC="0.9823445746531854"></String>
          </TextLine>
          <TextLine ID="line_22"
                    TAGREFS="LT8"
                    BASELINE="264 1345 1287 1342" 
                    HPOS="262.0"
                    VPOS="1301.0"
                    WIDTH="1025.0"
                    HEIGHT="61.0">
            <Shape><Polygon POINTS="264 1345 264 1354 386 1362 388 1362 489 1354 495 1354 504 1354 602 1362 603 1362 688 1354 690 1354 754 1362 756 1362 793 1353 799 1353 861 1353 862 1353 869 1359 870 1359 872 1359 873 1359 915 1354 931 1361 932 1361 934 1361 987 1354 1146 1361 1148 1361 1149 1361 1151 1361 1160 1353 1172 1359 1173 1359 1175 1359 1211 1353 1254 1359 1256 1359 1257 1359 1287 1351 1287 1342 1284 1316 1211 1316 1210 1315 1190 1301 1188 1301 1187 1301 1186 1301 1184 1301 1160 1315 1157 1316 1043 1316 1039 1314 1021 1308 1020 1308 1018 1308 983 1314 981 1314 979 1314 954 1301 952 1301 927 1301 925 1301 924 1301 923 1301 908 1312 882 1301 881 1301 880 1301 878 1301 877 1301 863 1312 859 1316 845 1316 841 1312 827 1301 826 1301 824 1301 823 1301 822 1301 795 1308 776 1301 774 1301 773 1301 772 1301 770 1301 754 1312 746 1316 634 1315 629 1311 613 1303 611 1303 610 1303 609 1303 582 1311 568 1315 543 1315 539 1311 529 1303 528 1303 526 1303 470 1303 469 1303 467 1303 466 1303 456 1311 448 1316 338 1310 328 1310 327 1310 326 1310 312 1316 304 1310 296 1303 295 1303 293 1303 292 1303 262 1308 264 1345"/></Shape>
	    <String CONTENT="la royne d’Angleterre, à la de ſcouuerte, &amp; ve¬"
                    HPOS="262.0"
                    VPOS="1301.0"
                    WIDTH="1025.0"
                    HEIGHT="61.0"
                    WC="0.9979960260291895"></String>
          </TextLine>
          <TextLine ID="line_23"
                    TAGREFS="LT8"
                    BASELINE="261 1403 1287 1400" 
                    HPOS="260.0"
                    VPOS="1362.0"
                    WIDTH="1027.0"
                    HEIGHT="58.0">
            <Shape><Polygon POINTS="261 1403 261 1412 552 1420 553 1420 555 1420 584 1413 766 1419 768 1419 769 1419 788 1412 845 1419 846 1419 1055 1412 1276 1419 1277 1419 1279 1419 1280 1419 1287 1412 1287 1400 1283 1373 1014 1373 1012 1373 950 1362 948 1362 947 1362 927 1373 925 1374 836 1374 753 1374 668 1363 667 1363 665 1363 642 1374 641 1376 584 1376 583 1374 570 1363 568 1363 567 1363 566 1363 564 1363 535 1372 495 1363 494 1363 493 1363 491 1363 478 1374 478 1376 440 1376 440 1374 419 1363 417 1363 416 1363 359 1373 345 1363 343 1363 342 1363 289 1363 288 1363 287 1363 260 1373 261 1403"/></Shape>
	    <String CONTENT="rification de la coniuration, perſeuereront tou¬"
                    HPOS="260.0"
                    VPOS="1362.0"
                    WIDTH="1027.0"
                    HEIGHT="58.0"
                    WC="0.9916581970949968"></String>
          </TextLine>
          <TextLine ID="line_24"
                    TAGREFS="LT8"
                    BASELINE="260 1462 1284 1459" 
                    HPOS="258.0"
                    VPOS="1417.0"
                    WIDTH="1026.0"
                    HEIGHT="65.0">
            <Shape><Polygon POINTS="260 1462 260 1473 791 1473 810 1481 811 1481 812 1482 866 1482 866 1481 905 1473 955 1481 956 1481 1016 1471 1079 1481 1080 1481 1153 1473 1200 1481 1202 1481 1203 1481 1229 1471 1266 1481 1268 1481 1269 1481 1270 1481 1272 1481 1284 1470 1284 1459 1283 1429 1260 1417 1258 1417 1221 1417 1219 1417 1218 1417 1194 1429 1194 1431 1058 1431 1058 1429 1027 1417 1025 1417 1024 1417 1022 1417 1021 1417 1005 1431 943 1431 912 1417 911 1417 909 1417 908 1417 907 1417 889 1431 832 1431 818 1417 816 1417 815 1417 814 1417 812 1417 784 1427 773 1417 772 1417 770 1417 769 1417 768 1417 731 1428 719 1419 718 1419 717 1419 671 1419 669 1419 668 1419 667 1419 650 1431 576 1419 575 1419 574 1419 549 1432 494 1432 463 1419 462 1419 460 1419 459 1419 421 1432 322 1432 304 1419 303 1419 301 1419 276 1419 274 1419 273 1419 272 1419 258 1427 260 1462"/></Shape>
	    <String CONTENT="ſiours en la meſme fidelité, quelque danger qu’ils"
                    HPOS="258.0"
                    VPOS="1417.0"
                    WIDTH="1026.0"
                    HEIGHT="65.0"
                    WC="0.9842119661031985"></String>
          </TextLine>
          <TextLine ID="line_25"
                    TAGREFS="LT8"
                    BASELINE="260 1521 1284 1516" 
                    HPOS="258.0"
                    VPOS="1477.0"
                    WIDTH="1026.0"
                    HEIGHT="63.0">
            <Shape><Polygon POINTS="260 1521 260 1531 345 1531 347 1531 382 1540 384 1540 385 1540 428 1531 429 1531 431 1531 495 1540 497 1540 498 1540 518 1529 520 1529 537 1539 539 1539 540 1539 774 1528 800 1528 818 1528 981 1537 982 1537 983 1537 1024 1527 1028 1527 1033 1527 1068 1533 1070 1533 1071 1533 1093 1527 1095 1527 1099 1527 1142 1533 1144 1533 1145 1533 1146 1533 1155 1527 1164 1535 1165 1535 1167 1535 1168 1535 1229 1527 1241 1536 1242 1536 1244 1536 1245 1536 1246 1536 1284 1525 1284 1516 1281 1491 1234 1491 1217 1477 1215 1477 1214 1477 1213 1477 1211 1477 1176 1487 1151 1477 1149 1477 1148 1477 1146 1477 1145 1477 1122 1490 1063 1477 1062 1477 1060 1477 1025 1491 1024 1493 857 1493 855 1491 838 1478 836 1478 835 1478 834 1478 750 1490 607 1479 606 1479 605 1479 578 1491 575 1493 572 1491 556 1486 555 1486 553 1486 494 1491 470 1494 464 1491 454 1487 452 1487 451 1487 345 1490 307 1481 305 1481 269 1481 268 1481 266 1481 265 1481 265 1482 258 1487 260 1521"/></Shape>
	    <String CONTENT="ſe voyent propoſé deuant les yeux. Or c’eſt v¬"
                    HPOS="258.0"
                    VPOS="1477.0"
                    WIDTH="1026.0"
                    HEIGHT="63.0"
                    WC="0.997494951207587"></String>
          </TextLine>
          <TextLine ID="line_26"
                    TAGREFS="LT8"
                    BASELINE="260 1579 1283 1576" 
                    HPOS="258.0"
                    VPOS="1540.0"
                    WIDTH="1025.0"
                    HEIGHT="58.0">
            <Shape><Polygon POINTS="260 1579 260 1590 345 1590 357 1597 358 1597 359 1597 361 1597 362 1597 380 1589 381 1589 633 1589 637 1589 742 1598 743 1598 745 1598 773 1589 777 1587 818 1587 863 1589 872 1597 873 1597 874 1597 876 1598 940 1598 940 1597 942 1597 943 1597 958 1587 959 1587 981 1587 1269 1597 1270 1597 1272 1597 1273 1597 1283 1587 1283 1576 1280 1549 1090 1549 1025 1540 1024 1540 1022 1540 989 1549 876 1549 866 1540 865 1540 863 1540 830 1540 828 1540 760 1549 525 1541 524 1541 522 1541 493 1549 272 1544 270 1544 269 1544 268 1544 258 1548 260 1579"/></Shape>
	    <String CONTENT="ne tentation bien dangereuſe, qu’vn Prince pour"
                    HPOS="258.0"
                    VPOS="1540.0"
                    WIDTH="1025.0"
                    HEIGHT="58.0"
                    WC="0.9953418843289639"></String>
          </TextLine>
          <TextLine ID="line_27"
                    TAGREFS="LT8"
                    BASELINE="261 1637 1284 1637" 
                    HPOS="261.0"
                    VPOS="1599.0"
                    WIDTH="1023.0"
                    HEIGHT="58.0">
            <Shape><Polygon POINTS="261 1637 261 1657 435 1646 501 1656 520 1657 521 1657 539 1655 591 1646 645 1653 646 1653 648 1653 649 1653 663 1646 683 1653 696 1657 698 1657 699 1657 735 1653 783 1646 815 1652 849 1657 850 1657 970 1651 1013 1648 1022 1649 1059 1657 1060 1657 1062 1657 1063 1657 1072 1649 1075 1646 1118 1646 1153 1648 1268 1655 1269 1655 1270 1655 1284 1646 1284 1637 1284 1611 1169 1603 1168 1603 973 1609 948 1599 947 1599 946 1599 850 1610 836 1599 835 1599 834 1599 803 1599 801 1599 800 1599 799 1599 784 1611 760 1611 707 1599 624 1599 622 1599 621 1599 598 1611 261 1611 261 1637"/></Shape>
	    <String CONTENT="garantir vn qui eſt digne de punition, mette en¬"
                    HPOS="261.0"
                    VPOS="1599.0"
                    WIDTH="1023.0"
                    HEIGHT="58.0"
                    WC="0.9976157719890276"></String>
          </TextLine>
          <TextLine ID="line_28"
                    TAGREFS="LT8"
                    BASELINE="260 1696 1281 1694" 
                    HPOS="258.0"
                    VPOS="1676.0"
                    WIDTH="1023.0"
                    HEIGHT="41.0">
            <Shape><Polygon POINTS="1269 1683 1256 1683 1242 1683 1229 1683 1215 1683 1202 1683 1188 1683 1175 1683 1161 1683 1148 1683 1134 1683 1121 1683 1107 1683 1094 1683 1080 1683 1067 1683 1053 1683 1040 1683 1027 1683 1013 1683 1000 1683 986 1683 973 1683 959 1683 946 1683 932 1683 919 1683 905 1683 892 1683 878 1683 865 1683 851 1683 838 1683 824 1683 811 1683 797 1683 784 1683 770 1683 757 1683 743 1683 730 1683 717 1683 703 1683 690 1683 676 1683 663 1683 649 1683 636 1683 622 1683 609 1683 595 1683 582 1683 568 1683 555 1683 541 1683 528 1683 514 1683 501 1683 487 1683 474 1683 460 1683 447 1683 433 1683 420 1683 407 1683 393 1683 380 1683 366 1683 353 1683 350 1676 258 1676 260 1696 260 1706 280 1713 281 1713 283 1713 369 1706 378 1706 382 1706 438 1717 439 1717 440 1717 467 1706 469 1706 470 1706 501 1713 502 1713 504 1713 505 1713 516 1706 551 1713 552 1714 552 1713 587 1706 588 1706 590 1706 717 1717 718 1717 780 1704 785 1704 792 1704 874 1715 876 1715 970 1704 974 1704 978 1704 1056 1715 1058 1715 1155 1704 1244 1715 1245 1715 1246 1715 1281 1703 1281 1694 1279 1683 1269 1683"/></Shape>
	    <String CONTENT="telle eipece de deleipon les pius joyaux lerui¬"
                    HPOS="258.0"
                    VPOS="1676.0"
                    WIDTH="1023.0"
                    HEIGHT="41.0"
                    WC="0.9828329688691079"></String>
          </TextLine>
          <TextLine ID="line_29"
                    TAGREFS="LT8"
                    BASELINE="261 1756 396 1756" 
                    HPOS="261.0"
                    VPOS="1721.0"
                    WIDTH="135.0"
                    HEIGHT="45.0">
            <Shape><Polygon POINTS="261 1756 261 1766 396 1766 396 1756 396 1730 272 1721 270 1721 269 1721 268 1721 261 1726 261 1756"/></Shape>
	    <String CONTENT="teurs."
                    HPOS="261.0"
                    VPOS="1721.0"
                    WIDTH="135.0"
                    HEIGHT="45.0"
                    WC="0.9980950156847636"></String>
          </TextLine>
        </TextBlock>
        <TextBlock HPOS="259.0"
                   VPOS="1769.0"
                   WIDTH="1030.0"
                   HEIGHT="187.0"
                   ID="block_1"
                   TAGREFS="BT100005">
          <Shape><Polygon POINTS="1289 1769 1282 1944 259 1956 259 1769"/></Shape>
          <TextLine ID="line_30"
                    TAGREFS="LT8"
                    BASELINE="318 1815 1283 1810" 
                    HPOS="316.0"
                    VPOS="1765.0"
                    WIDTH="967.0"
                    HEIGHT="63.0">
            <Shape><Polygon POINTS="318 1815 318 1823 681 1828 683 1828 719 1822 721 1822 722 1822 792 1828 793 1828 878 1820 884 1820 888 1820 935 1827 936 1827 938 1827 954 1820 960 1827 962 1827 963 1827 965 1828 1040 1828 1040 1827 1101 1819 1105 1819 1114 1819 1262 1826 1264 1826 1265 1826 1283 1818 1283 1810 1280 1780 1261 1780 1245 1765 1244 1765 1242 1765 1241 1765 1239 1765 1203 1779 1177 1765 1176 1765 1175 1765 1173 1765 1141 1776 1114 1765 1113 1765 1111 1765 1110 1765 1109 1765 1094 1779 1044 1780 1040 1780 1025 1768 1024 1768 1022 1768 1021 1768 1020 1768 1018 1768 1002 1780 971 1769 970 1769 969 1769 967 1769 936 1780 909 1766 908 1766 907 1766 905 1766 904 1766 886 1781 850 1781 796 1781 795 1781 780 1768 779 1768 777 1768 735 1768 734 1768 733 1768 731 1768 715 1781 715 1783 687 1783 687 1781 624 1768 622 1768 621 1768 619 1768 619 1769 607 1780 580 1768 579 1768 578 1768 576 1768 575 1768 563 1779 533 1769 532 1769 531 1769 529 1769 528 1769 513 1783 512 1783 446 1769 444 1769 443 1769 417 1783 366 1783 350 1769 349 1769 347 1769 330 1769 328 1769 327 1769 326 1769 326 1770 316 1779 318 1815"/></Shape>
	    <String CONTENT="Le refus de iuſlice fait par le Prince à ſes ſu¬"
                    HPOS="316.0"
                    VPOS="1765.0"
                    WIDTH="967.0"
                    HEIGHT="63.0"
                    WC="0.9937748325114347"></String>
          </TextLine>
          <TextLine ID="line_31"
                    TAGREFS="LT8"
                    BASELINE="258 1874 1279 1872" 
                    HPOS="257.0"
                    VPOS="1831.0"
                    WIDTH="1022.0"
                    HEIGHT="59.0">
            <Shape><Polygon POINTS="258 1874 258 1881 339 1882 347 1890 349 1890 350 1890 351 1890 353 1890 374 1882 376 1882 1277 1885 1279 1872 1275 1842 1024 1842 1016 1841 986 1831 985 1831 983 1831 982 1831 952 1839 869 1831 867 1831 866 1831 865 1831 855 1839 853 1842 710 1843 695 1839 675 1832 673 1832 672 1832 613 1839 566 1843 500 1843 490 1838 479 1832 478 1832 440 1832 439 1832 438 1832 427 1838 416 1843 257 1838 258 1874"/></Shape>
	    <String CONTENT="iets, meſmement à ceux qui ſont les principaux,"
                    HPOS="257.0"
                    VPOS="1831.0"
                    WIDTH="1022.0"
                    HEIGHT="59.0"
                    WC="0.9895804872115453"></String>
          </TextLine>
          <TextLine ID="line_32"
                    TAGREFS="LT8"
                    BASELINE="264 1934 1277 1925" 
                    HPOS="262.0"
                    VPOS="1886.0"
                    WIDTH="1015.0"
                    HEIGHT="69.0">
            <Shape><Polygon POINTS="264 1934 264 1955 314 1946 440 1946 467 1954 470 1954 471 1954 473 1954 478 1952 512 1944 649 1944 668 1950 677 1952 679 1952 680 1952 731 1948 797 1943 935 1944 1213 1948 1214 1948 1277 1938 1277 1925 1275 1900 1132 1892 1130 1892 1071 1900 1039 1886 1037 1886 1036 1886 1035 1886 1033 1886 1016 1901 934 1901 913 1888 912 1888 911 1888 890 1888 889 1888 888 1888 886 1888 872 1900 827 1901 801 1888 800 1888 770 1888 769 1888 768 1888 719 1903 595 1899 587 1890 586 1890 584 1890 583 1890 475 1901 462 1890 460 1890 459 1890 432 1890 431 1890 429 1890 428 1890 413 1900 374 1892 373 1892 371 1892 370 1892 357 1904 331 1897 330 1897 328 1897 269 1899 268 1899 266 1899 266 1900 262 1903 264 1934"/></Shape>
	    <String CONTENT="pres de ſa perſonne, a eſté touſiours dommagea¬"
                    HPOS="262.0"
                    VPOS="1886.0"
                    WIDTH="1015.0"
                    HEIGHT="69.0"
                    WC="0.9929722622036934"></String>
          </TextLine>
        </TextBlock>
        <TextBlock HPOS="1199.0"
                   VPOS="1944.0"
                   WIDTH="84.0"
                   HEIGHT="59.0"
                   ID="block_9"
                   TAGREFS="BT17">
          <Shape><Polygon POINTS="1283 1944 1283 2003 1199 2003 1199 1944"/></Shape>
          <TextLine ID="line_33"
                    TAGREFS="LT8"
                    BASELINE="1196 1989 1281 1989" 
                    HPOS="1196.0"
                    VPOS="1942.0"
                    WIDTH="85.0"
                    HEIGHT="60.0">
            <Shape><Polygon POINTS="1196 1989 1196 2000 1280 2002 1281 1989 1281 1958 1261 1956 1248 1943 1248 1942 1246 1942 1245 1942 1244 1942 1242 1942 1227 1950 1211 1942 1210 1942 1208 1942 1207 1942 1206 1942 1206 1943 1196 1952 1196 1989"/></Shape>
	    <String CONTENT="ble"
                    HPOS="1196.0"
                    VPOS="1942.0"
                    WIDTH="85.0"
                    HEIGHT="60.0"
                    WC="0.9994627038637797"></String>
          </TextLine>
        </TextBlock>
        <TextBlock HPOS="851.0"
                   VPOS="2315.0"
                   WIDTH="350.0"
                   HEIGHT="62.0"
                   ID="eSc_textblock_8ba39644"
                   TAGREFS="BT9">
          <Shape><Polygon POINTS="851 2315 851 2377 1201 2377 1201 2315"/></Shape>
        </TextBlock>
      </PrintSpace>
    </Page>
  </Layout>
</alto>
