1392 2463
202.0 150.0 961.0 60.0 Les vns, ont touſiours deu ant les yeux le bon

147.0 205.0 1017.0 71.0 heur de la vie paſſee, l’attente de pareil aiſe à l’a¬

149.0 268.0 1014.0 65.0 uenir, il ne leur ſouuient pas tant de ce qu’ils en¬

149.0 329.0 1011.0 66.0 durent ce peu de temps que dure vne bataille,

143.0 388.0 1021.0 62.0 comme de ce qu’il cõuiendra à iamais endurer à

149.0 444.0 911.0 67.0 eux, à leurs enfans, & à toute leur poſterité.

357.0 93.0 599.0 50.0 DIREOGVE I.

206.0 503.0 962.0 67.0 Les autres n’ont rien qui les enhardiſſe, qu’v¬

149.0 561.0 1018.0 62.0 ne petite pointe de leur conuoitiſe, qui ſe rebou¬

147.0 621.0 1023.0 65.0 che ſoudain cõtre le dãger, & qui ne peut eſtre ſi

149.0 678.0 1021.0 69.0 ardẽte, qu’elle ne ſe doiue (ce ſemble) eſteindre

154.0 743.0 1014.0 72.0 par la moindre goutte de ſang, qui ſorte de leurs

156.0 803.0 169.0 69.0 playes.

203.0 855.0 965.0 60.0 Aux batailles tant renommees de Milciadeë,

151.0 912.0 1023.0 69.0 & de Themiſtocles, qui ont eſté donnees deux

149.0 976.0 1025.0 58.0 mille ans y a, & viuent encore auiourdhuy, auſſi

151.0 1034.0 1023.0 62.0 freſches en la memoire des liures, & des hõmes,

151.0 1091.0 1026.0 62.0 comme ſi c’euſt eſté l’autr'hier, qui furent don¬

150.0 1171.0 1029.0 42.0 Hecs en Glece, pour le ble de Grece, e pourrez

154.0 1208.0 1023.0 68.0 emple de tout le mõde, & qu’eſt ce qu’on penſe

153.0 1269.0 1026.0 61.0 qui donna à ſi petit nombre de gens, comme e¬

154.0 1324.0 1023.0 58.0 ſtoyent les Grecs, non le pouuoir, mais le cœur

156.0 1382.0 1023.0 65.0 de ſouſtenir la force de tant de nauires, que la

161.0 1443.0 1021.0 63.0 mer meſmes en eſtoit chargee, de deffaire tãt de

158.0 1503.0 1023.0 63.0 nations, qui eſtoyent en ſi grand nombre, que l’e

158.0 1559.0 1023.0 70.0 ſcadron des Grecs, n’euſt pas fourny ſeulement

164.0 1624.0 1017.0 54.0 de Capitaines aux armees des ennemis: ſinon

164.0 1677.0 1019.0 68.0 qu’il ſemble que ces glorieux iours-là, celn’eſtoit

165.0 1737.0 1010.0 66.0 pas tant la bataille des Grecs contre les Perſes,

173.0 1796.0 1001.0 63.0 cõme la victoire de la liberté, ſur la domination,

169.0 1851.0 689.0 67.0 de la franchiſe, ſur la conuoitiſe.

1078.0 114.0 79.0 41.0 105

229.0 1910.0 950.0 68.0 C’eſt choſe eſtrange, d’ouyr parler de la vail¬

171.0 1973.0 1006.0 71.0 lance que la liberté met dans le cœur de ceux qui

911.0 2041.0 51.0 48.0 m
