1449 2435
280.0 70.0 67.0 65.0 28

278.0 148.0 1030.0 61.0 paſſer outre ſur toutes ces difficultez, i’euſſe ſuy

276.0 221.0 1036.0 49.0 auec vn Ionas, pluſfoſt que de faire ma-charge. A

274.0 266.0 1037.0 62.0 la fin ie m’y hazarday: mais ie ne ſu pas ſa toſt en

276.0 330.0 1033.0 59.0 France, que dés la premiere iournee ie m'apper¬

274.0 388.0 1035.0 58.0 ceu trop eleremẽt que i’eſtois au vray monde des

273.0 443.0 1036.0 58.0 miſeres & dans vn royaume de beſtes, ou biẽ plus

274.0 503.0 1032.0 59.0 toſt de traiſtres & brigans. A la premiere hoſtelle

271.0 561.0 1037.0 63.0 rie où ie logeay, i’entendy vn qui ſe plaignoit de la

276.0 622.0 1030.0 59.0 grande cherté de viures: l’autre diſoit, les groſſes

271.0 681.0 1038.0 56.0 tailles qu’on va redoublant tous les iours, ces

273.0 741.0 1035.0 58.0 grands impoſts nous ruinent, nous mangent: &

270.0 802.0 1035.0 58.0 puis les inuentions nouuelles que ces bougres

269.0 856.0 1036.0 59.0 d’Italiens donnent au Roy pour arracher du peu

274.0 914.0 1027.0 55.0 ple tous les deniers de ſa ſueur, nous acheuent à

269.0 971.0 1035.0 61.0 bon eſcient de peindre: au diable ſoyent les A¬

265.0 1032.0 1037.0 61.0 theiſtes: ils vienent la plus part en France pour

271.0 1091.0 1031.0 60.0 nous aider à eſcorcher, pour nous gabeller &

270.0 1151.0 1030.0 59.0 nous tondre, & pour ſuccer iuſques au ſang les

271.0 1213.0 1029.0 57.0 poures gens. Les autres y vienent auec vne main

270.0 1266.0 1031.0 61.0 de papier,ou auec vn liure de raiſons, Dieu ſcait

270.0 1325.0 1028.0 62.0 quel liure: ils dreſſent apres leur banque dans Pa

270.0 1383.0 1030.0 61.0 ris, dedans Rouen, ou dedans Lyon: & lors qu’ils

269.0 1440.0 1027.0 64.0 ont bourſe garnie, ils font le ſaut, la Banque rou¬

270.0 1501.0 1031.0 64.0 te. C’eſt le vray moyen de gaigner, voire de paſ¬

269.0 1558.0 1027.0 62.0 ſer en credit les plus grands Princes de la France.

271.0 1617.0 1026.0 64.0 Et qu’il ſoit vray qu’on le demande au Peron, au

270.0 1678.0 1030.0 60.0 comte de Rets. Tu te trompes, repliquoit l’au¬

269.0 1738.0 1025.0 61.0 tre, il eſt paruenu autrement que tu ne penſes le

267.0 1797.0 1027.0 61.0 bon homme: ne ſcay tu pas ce qu’on dit en pro¬

270.0 1857.0 153.0 50.0 uerbe:

487.0 82.0 621.0 51.0 DIALOGVE II.

331.0 1910.0 639.0 55.0 Pour bien ſeruir & loyal eſtre,

328.0 1972.0 734.0 55.0 De Maquerem on deuient traiſtre:

1105.0 2023.0 183.0 57.0 Traiſtre
