1468 2445
303.0 79.0 86.0 69.0 116

304.0 143.0 1009.0 68.0 ville, fie breſche de cinq cens pas, & le ieudy de¬

305.0 207.0 1008.0 61.0 iant Paſques, leur liura vn aſſaut fort & rude

303.0 266.0 1014.0 62.0 duquel ſe voyant viuement & biea, repouſſé a¬

303.0 323.0 1010.0 61.0 uec ſa courte honte, & perte de bon nombre

300.0 381.0 1010.0 67.0 des ſiens, comme l'hiſtoire, que ie te monſtre.

300.0 444.0 1013.0 55.0 ray, en ſait: mentioniil s’eſt contenté de les tenir

300.0 503.0 1010.0 64.0 aſſiegez, par le moyon de quelques: ſoris & tren¬

299.0 559.0 1011.0 65.0 chees, qu’il ſit faire pour empeſcher les noſtres

293.0 616.0 1020.0 64.0 de ſortir, & les viures d’aller à eux :s’aſſeurant

296.0 676.0 1011.0 67.0 par ce moyen, de les ſaire à la longne mourit de

294.0 736.0 127.0 53.0 faim.

503 69 598 67 DIALOGVE II.

364.0 796.0 942.0 55.0 Et en veſte façon, les a tenus de tous coſſez

292.0 851.0 1016.0 65.0 enfermes, ſan les aſſaillir de plus pres, que de

292.0 911.0 1014.0 65.0 la portes d’vn moſquet, depuis le mois de Mars

287.0 967.0 701.0 66.0 iuſques au mors d’Aouſt dernier.

356.0 1039.0 938.0 55.0 Durant lequel rempt, ces bonnes gens ont

289.0 1088.0 1021.0 63.0 eu vne infinité de malaiſe, de faim, de poureté &

284.0 1145.0 1015.0 65.0 diſerte. Laquelle pluails alloyent auant, plus

282.0 1204.0 1017.0 64.0 s’alloit augmentant, iuſques là, qu’ils ont e¬

281.0 1263.0 1011.0 65.0 ſté courmins de manger euyrs, ſouliers, par¬

277.0 1321.0 1019.0 64.0 chemius bouulis ,ι& autres uelles eſtrangea

278.0 1380.0 195.0 54.0 viandes.

305.0 1435.0 993.0 71.0 Ccpendant, da parole de Dicu qui leur eſtoit

273.0 1498.0 1022.0 64.0 iournellembnt preſche;:nœurriſſoit leurs a¬

271.0 1566.0 538.0 51.0 mes euroute abomdance,

286.0 1615.0 1008.0 65.0 Eux le vagaiccrneduits tu telle, porplerité,

270.0 1676.0 1022.0 61.0 qu’ils n’attendoyent plus que la mort, peioyent

266.0 1733.0 1019.0 62.0 ſans coſſe le Srlignrurc? pour, deurn de liurance.

267.0 1788.0 1024.0 71.0 Que. I ſan hon Paiſis eſtoir , de les erpoler es

263.0 1852.0 1025.0 63.0 mains cruellerbdu larlures da lourx-ennemis;

265.0 1905.0 1023.0 65.0 qu’il les fortifiaſt & raflermiſt de caur, dn corps

262.0 1968.0 1025.0 62.0 & d’ame en-vne conſtante foydi, eſperance de

1147.0 2019.0 129.0 64.0 la vie
