1417 2420
142.0 141.0 1032.0 67.0 ple, en ce faict: y eut il iamais Princeſſe plus in¬

137.0 205.0 1040.0 59.0 iuſtement & tyranniquement retenue priſonnie¬

137.0 262.0 1039.0 62.0 re,plus ſeuerement traitee, plus ſouuent expoſee

137.0 321.0 1040.0 63.0 au danger de mort qu’elle fut par ſa feue ſœur: cõ

137.0 377.0 1037.0 62.0 biẽ qu’elle ne l’euſt iamais offenſee? Si eſt ce que

135.0 442.0 1035.0 56.0 iamais n’entreprint, ne conſpira contre elle: &

137.0 494.0 1032.0 65.0 quand elle l’euſt entreprins, il eſt ſans doute quel¬

138.0 553.0 1031.0 56.0 le euſt eſté iuſtement condamnee, combien qu’el

138.0 614.0 1036.0 60.0 le euſt peu pretendre droict à la Couronne. Auſsi

138.0 672.0 1035.0 56.0 Dieu a ouy ſa iuſte plainte, & luy a fait iuſtice de

139.0 734.0 193.0 52.0 ſa main.

337.0 82.0 575.0 43.0 DIALOGVE II.

200.0 787.0 981.0 64.0 Quand la royne d’Eſcoſſe auroit eu ſeulemẽt

137.0 847.0 1043.0 60.0 ce but de recouurer ſa liberté, & employer les

139.0 904.0 1033.0 62.0 moyens tend ins à s’eſchapper,elle ſeroit excuſa¬

139.0 963.0 1039.0 56.0 ble: mais d’auoir voulu vſurper l’eſtat de la royne

141.0 1050.0 1037.0 28.0 a Angieterte Cadeuter la la periome. cci Die

141.0 1084.0 1036.0 61.0 indiguement recognu, ce que la royne d’Angleter

141.0 1138.0 1039.0 63.0 re a fait en ſon endroict. Elle a eu puiſſance ſur la

141.0 1195.0 1037.0 60.0 royne d’Eſcoſſe, ſur ſa vie, (il eſt certain) ſur ſon

141.0 1257.0 1036.0 60.0 eſtat. Les occaſions en ont eſté ſi propres, ſi ſou¬

142.0 1318.0 1036.0 60.0 uent par tant de guerres ciuiles & partialitez qui

139.0 1375.0 1039.0 67.0 ſont en ce Royaume-là, qu’il n’y a homme qui par

141.0 1433.0 1033.0 60.0 diſcours humain ne le recognoiſſe: ſi eſt-ce qu’el¬

141.0 1492.0 1033.0 60.0 le n’a voulu iamais attenter ſur ſa vie, ny la liurer

142.0 1551.0 1031.0 62.0 és mains de ceux qui la vouloyent faire iuger par

143.0 1607.0 1030.0 62.0 les eſtats: encores moins faire entreprinſe ſur le

145.0 1667.0 1028.0 63.0 Royaume. Mais au contraire elle a taſché par

145.0 1727.0 1031.0 61.0 tous moyens à le pacifier & le conſeruer pour ſon

145.0 1782.0 1029.0 65.0 fils: touteſois à preſent elle luy rend tout le con¬

148.0 1849.0 146.0 50.0 traire.

205.0 1903.0 969.0 61.0 Ce que l’on peut alleguer pour attirer à cle¬

148.0 1962.0 1021.0 64.0 mence la royne d’Angleterre à pardonner ce fait,

911.0 2030.0 107.0 45.0 C.Hi.
