1426 2421
236 68 85 54 122

236 133 1028 55 le reputation & credit, eſmeu d’vne meſchante e¬

235 197 1029 50 mulation & ialouſie, & d’vne bonne opinion de

236 252 1028 61 ſoy meſme: luy ſemblant bien d’auoir pour le

238 313 1027 51 moins merité en ſauuant le Capitole des mains

239 371 1026 58 des François, autant que meritoit Camillus en

239 426 1028 56 les dechaſſant du tout. Cela fut cauſe que tout ou

239 488 1026 62 tré d’enuie ne ſe pouuant contenir pour la gloire

239 544 1028 62 & renom de Camillus, il alla ſemãt parmi le peu

244 603 1024 64 ple pluſieurs ſaux bruits encontre luy, & contre

243 668 1025 50 les Senateurs Romains, pour les mettre en mau¬

244 723 1025 59 uaiſe opinion enuers le peuple. Entre autres cho

243 778 1029 57 ſes il diſoit que le threſor qu’on auoit aſſemblé

246 837 1025 62 pour bailler aux François & racheter le Capito¬

243 897 1030 67 le, auoit eſté vſurpé par quelques vns des grands:

246 961 1023 58 que ſi on le pouuoit rauoir on le pourroit conuer

246 1012 1027 64 tir au profit publique, ſoulageãt d’autant le peu¬

250 1073 1028 64 ple des tributs ordinaires, ou en acquittant quel¬

248 1133 1028 53 que autre debte. Ces faux bruits, ceſte calomnie

251 1190 1028 62 ſembla de telle importance & de ſi dangereuſe

250 1250 1029 62 conſequence au Senat, qui voyoit deſia comme le

255 1308 1021 66 peuple commençoit à tumultuer, qu’il fut con¬

254 1366 1022 54 traint, pour remedier à la deſunion & deſordre

252 1428 1030 62 quis'en pouuoit enſuyure, de recourir au moyen

255 1483 1024 62 extraordinaire, qui eſtoit accouſtumé parmi eux

258 1542 1022 55 és extremes dangers: ſcauoir de creer vn Dicta¬

259 1601 1005 61 teur dedans Rome pour cognoiſtre de ce fait.

465 68 589 46 DIALOGVE II.

308 1657 976 65 Le Dictateur creé, il fait appeller Manlius de¬

259 1718 1028 56 uant luy, & eſtant le Dictateur conduit au milieu

262 1779 1029 59 des Senateurs, & Manlius au milieu du peuple en

256 1834 1032 66 vne place publique. Là, Manlius fut interrogué

260 1893 1034 65 de ce qu’il ſcauoit du threſor publique, & luy fut

265 1955 1030 62 cõmandé de dire entre mains de qui il le cuidoit

1173 2010 122 57 eſtre
