1420 2445
158.0 156.0 1029.0 62.0 ceux qui troublent ſon eſtat. La punit ion de ce¬

161.0 217.0 1030.0 53.0 ſte conſpiration, n’adiouſtera rien à leur mauuai¬

157.0 274.0 1034.0 54.0 ſe volonté: mais l’impunité adiouſtera bien aux

161.0 335.0 1023.0 62.0 moyens de l’executer. Le Pape, le roy d’Eſpagne,

158.0 392.0 1032.0 63.0 ny le duc d’Albe, quelle parente lle, ny confedera

160.0 452.0 1028.0 53.0 tion, ou amitié ſi eſtroicte ont ils à ladicte royne

161.0 510.0 1029.0 63.0 d’Eſcoſſe, que pour ſon reſpect ils ayent iamais

160.0 569.0 1028.0 58.0 voulu s’armer contre la royne d’Angleterre? c’eſt

160.0 624.0 1028.0 67.0 pluſtoſt la haine que le Pape, Ie roy d’Eſpagne, &

161.0 684.0 1023.0 64.0 le duc d’Albe, portent à la royne d’Angleterre,

160.0 744.0 1026.0 61.0 l'enuie qu’ils ont de la voir ſi heureuſe, au plus

157.0 802.0 784.0 53.0 fort des malheurs de tous ſes voiſins.

359 85 585 63 DIALOGVE II.

214.0 858.0 976.0 64.0 L’ambition qu’ils ont de ce Royaume ſi floriſ

157.0 922.0 1031.0 60.0 ſant, & encores l’indignatiõ qu’a le Pape, de voir

157.0 979.0 1031.0 61.0 le Religion plantee, tant en ce Royaume, qu’en ce

154.0 1035.0 1032.0 55.0 luy d’Eſcoſſe, de voir ſes reuenus, & ſon authori¬

157.0 1097.0 1031.0 58.0 té du tout perdue, ſans eſpoir de recouurement.

154.0 1161.0 1034.0 54.0 La royne d'Eſcoſſe ne leur ſert que de couleur, &

156.0 1215.0 1035.0 61.0 de leur fournir de moyens à pratiquer troubles, &

153.0 1274.0 1038.0 51.0 remuemens en tous les deux Royaumes: Quand

154.0 1329.0 1036.0 63.0 la royne d’Eſcoſſe ny ſera plus, leur malice demeu

153.0 1393.0 1035.0 56.0 rera, mais leurs moyens ceſſeront, & entre autres

153.0 1450.0 1033.0 61.0 celuy qui eſt le plus ſpecieux, & auantageux pour

154.0 1509.0 1034.0 59.0 leur party: C’eſt que la royne d’Eſcoſſe ne peut

152.0 1563.0 1035.0 64.0 faillir d’eſtre royne d’Angleterre, par le droict de

157.0 1628.0 704.0 59.0 prochaineté, & cours de ſon aage.

1148.0 91.0 41.0 61.0 A2

210.0 1682.0 977.0 64.0 Ceſte conſideration apporte de grands mal¬

152.0 1740.0 1035.0 62.0 heurs à l’Angleterre: car les ennemis de la Reli¬

154.0 1801.0 1033.0 61.0 gion & de la Royne, en ont le cœur enflé, voyant

153.0 1855.0 1035.0 67.0 la ſaiſon de leur regne ſi proche: Ses plus affectiõ

153.0 1919.0 1030.0 53.0 nez ſeruiteurs, en ſont au contraire intimidez,

157.0 1976.0 1022.0 66.0 voyans leur ruine d’autant approcher: & les Prin¬

903.0 2044.0 95.0 47.0 C.V¬
