1442 2435
327.0 112.0 18.0 43.0 9

272.0 142.0 1016.0 64.0 frorani aucunement pour le deſſein des home

272.0 198.0 1015.0 64.0 quez qui ont iniuſtement deliberé de nous metr

274.0 258.0 1016.0 68.0 Armtous à mort auec noi ſemmel & cufans, ſo¬

274.0 316.0 1014.0 70.0 tons pluſtoſt aſſeurea, que ſi le Seiguaur a or¬

273.0 378.0 1014.0 65.0 rloobadę nous deliurer tous, ou aucuns de nous

274.0 432.0 1016.0 73.0 Aro dul ne luy pourra reſiſter, s’il luy plaiſt qut

272.0 503.0 857.0 50.0 uous mourions tous,ne craignons poinc

493.0 77.0 593.0 63.0 DIALOGVE II

343.0 545.0 944.0 75.0 Gar il a pleu à noſtre Pere, nous donper v¬

272.0 611.0 1011.0 68.0 menutre habitarion, qui eſt le Royaume ceſeſte,

270.0 669.0 1017.0 66.0 auquel il n’y a point de mutation, poureté, mi

272.0 726.0 1018.0 64.0 ſere. larmes, pleurs, dueil, ou triſteſſe, ains feli¬

273.0 783.0 589.0 66.0 cic? & beatitude eternelle.

349.0 854.0 940.0 61.0 Il vaut beaucoup mieux eſtre logez auce le po

274.0 899.0 1016.0 72.0 vir Lazare au ſein d’Abraham, qu’auec le mau¬

274.0 960.0 1021.0 62.0 pais riche,auec Cain, auec Saul,auec Heròde, ou

272.0 1019.0 451.0 65.0 iuiec Iudas en enſer,

351.0 1073.0 942.0 73.0 Capendant il nous faut hoire du breuuage

273.0 1145.0 1021.0 64.0 ſpr le Seigneur nous a prepard vn chacua ſelon

270.0 1191.0 256.0 67.0 ſa portion,

353.0 1266.0 944.0 57.0 Ane fast pas que nour ayons hot de la croix

274.0 1310.0 1025.0 69.0 de Chriſt, ny regtet de boire du fiel duquel il a

273.0 1370.0 1024.0 61.0 eſté le premier abbreuué: ſachans, que noſtu¬

273.0 1432.0 1021.0 62.0 triſteſſe ſera tournee enioye, & que nous rirous

272.0 1488.0 1025.0 70.0 Anoſtre tour, quand les meſchans pleureront, &

282.0 1548.0 443.0 67.0 Brinc eront leudene.

351.0 1605.0 940.0 67.0 Par telles & ſemblables paroles, des paſteurs

285.0 1666.0 1010.0 62.0 ſollicitans iournellement le peuple, de ſeprer

285.0 1724.0 1012.0 64.0 parer à receuoir totu ce qu’il plairoit à Dieu

281.0 1785.0 1017.0 62.0 leur enuoyer, les enſeignoyent & enrretenayent

281.0 1841.0 1018.0 63.0 de plus en plus en tout deuoir & hon oſfice dr

278.0 1902.0 1027.0 62.0 pieté & crainte de Dieu. Lors que contre, toute

284.0 1956.0 1011.0 75.0 eſperance, Dieu eſtant par maniere de dire, com¬

1209.0 2021.0 82.0 86.0 me
