1444 2434
243.0 60.0 99.0 60.0 170

244.0 124.0 1041.0 62.0 dit, d’vne pierre deux igalands coups, deliurant

242.0 182.0 1040.0 64.0 ſoy & ſa patrie de ce monſtre pernieieux, & met¬

243.0 244.0 1041.0 58.0 tant le duc en ſa placee maintenant que l’autre eſt

244.0 300.0 1040.0 59.0 bien loin. Autrement ceſt fait de la Mole: le ty¬

243.0 363.0 1039.0 58.0 ran iamais ne pardonne à pas vn de ceux qui le

244.0 419.0 1040.0 65.0 faſchent, quelque mignon de cour qu’il ſoit. Et

242.0 478.0 1040.0 64.0 ie t’en diray vne preuue que poſsible tu ne ſcay

250.0 544.0 105.0 57.0 pas.

483.0 48.0 601.0 67.0 DIALOGVE II.

247.0 588.0 1041.0 73.0 L’hi. Ie t’en ſupplie. Ie ſuis tout preſt de t’eſcou¬

250.0 654.0 1034.0 69.0 ter, ſi c’eſt quelque preuue nouuelle qui puiſſe ſer

250.0 708.0 329.0 60.0 uir à l’hiſtoiré.

251.0 772.0 1036.0 62.0 Le pol. Ce que ie te veux dire, n’eſt pas nouueau à

253.0 830.0 1038.0 65.0 quelques vns qui me l’õt dit pour choſe ſeure. La

254.0 889.0 1037.0 65.0 plus part ignore le ſonds de la trahiſon du tyran:

253.0 949.0 1036.0 65.0 & cecy me ſemble tout propre pour aider à bien

255.0 1003.0 267.0 63.0 l'eſclarcir.

303.0 1062.0 990.0 67.0 Tu ſcay que Lignerollesfut tué à Bloys la cour

258.0 1126.0 1031.0 62.0 y eſtant, & que le bruit courur entre aucuns, que

255.0 1181.0 1036.0 68.0 le roy de Pologne, qu’on appelloit lors Monſieur

255.0 1245.0 1036.0 57.0 l'auoit ſait tuer pour auoir deſcouuert au tyran

258.0 1299.0 1033.0 66.0 vn paquet d’Eſpagne qui venoit à Monſieur, trai¬

258.0 1358.0 1034.0 65.0 tant de quelques iutelligences ſecretes auec l’El¬

265.0 1421.0 181.0 69.0 pagnol.

328.0 1476.0 967.0 64.0 Autres penſoyent que c’eſtoit ſimplement

269.0 1534.0 1027.0 65.0 Villequier, qui pour deſmeller ſa querelle s’eſtãt

263.0 1594.0 1033.0 66.0 accompagné de ſes amis, auoit anticipé ſur La¬

265.0 1655.0 874.0 65.0 gnerolles luy en preſtant vne dans le ſein.

324.0 1710.0 973.0 64.0 Mais voicy la vraye occaſion de la mort de Li¬

265.0 1771.0 1034.0 66.0 gnerolles que i'ay apprins eſtant en Cour, de la

266.0 1830.0 1033.0 64.0 bouche d’aucuns des grands, qui cuidoyent que

267.0 1889.0 507.0 63.0 ie fuſſe encores Papiſte.

327.0 1947.0 974.0 70.0 Le tyran & ſa mere qui deſir oyent ſur toutes

1147.0 2002.0 154.0 61.0 choſes
