1424 2440
305 59 588 67 DIALOGVE II.

1078.0 79.0 77.0 57.0 4

130.0 134.0 1029.0 67.0 choſe bõne pour nous en ſon edit, & qu’il l'appel

128.0 196.0 1031.0 54.0 le itreuocable. Car en ce cas touſiours il nous

127.0 253.0 1032.0 60.0 faut croire qu’il en fera cõme de ceſtuy-là de l’an

128.0 314.0 1034.0 61.0 1570 au mois d’Aouſt, qui n’a ſerui à autre choſe

128.0 376.0 1030.0 61.0 qu’à nous attraper & nous perdre, quelque irre¬

127.0 431.0 1033.0 61.0 uocable qu’il fut. Et ſe faut touſiours ſouuenir de

124.0 490.0 1036.0 64.0 ce dont on auertit le deffunct Amiral. Que le ty¬

124.0 554.0 1036.0 58.0 tan ne permettra iamais que ſes ſuiets, qui ſe ſe¬

124.0 615.0 1035.0 58.0 rõt vne fois eleuez en armes pour quelque occa¬

126.0 669.0 1034.0 60.0 ſion iuſte ou miuſte que ce ſoit, iouyſſent de la fa

126.0 727.0 1029.0 60.0 ueur & benefice des loix: A plus forte raiſon me

123.0 784.0 1037.0 56.0 dois-ie faſcher de ce vilain edit des ſõ entree ſi ef¬

122.0 839.0 343.0 65.0 fronté & inique.

549.0 837.0 606.0 69.0 Le pol. Toutefois ſi en diray¬

122.0 912.0 965.0 46.0 ie encores deux ou trois traits ſous ton congé.

122.0 961.0 1036.0 62.0 L’hi. Tu le peux faire: mais ie m’aſſeure que s’il fal

123.0 1022.0 1035.0 61.0 loit eſplucher le ſens caché & les myſteres conte¬

123.0 1081.0 1032.0 61.0 nus dedans les articles de tels edits irreuocables,

122.0 1138.0 1036.0 60.0 que ce ne ſeroit iamais fait Et l’heure me ſemble

123.0 1201.0 872.0 59.0 fort tarde, il eſt temps de penſer ailleurs.

123.0 1255.0 1039.0 65.0 Le pol.I’auray fait en deux mots. C’eſt qu’il ordõ¬

123.0 1313.0 1036.0 64.0 ne que la Rochelle, Niſmes, & Montaubã, & les

126.0 1373.0 1036.0 62.0 gentilshõmes & autres qui iuſqu’àlors ſe ſont cõ,

124.0 1435.0 1038.0 62.0 ſeruez en la Religiõ pourront iouyr de l’exercice.

124.0 1495.0 1034.0 62.0 d’icelle. Et ceux qui pour crainte de mort ou au¬

126.0 1550.0 1033.0 63.0 tre infirmité ont eſté cõtraints de faire promeſ¬

124.0 1609.0 1031.0 67.0 ſes &obligatiõs, & bailler cautiõs pour chãgerde

126.0 1668.0 1034.0 67.0 religiõ ſõt deliurez de telles promeſſes & cautiõs.

124.0 1732.0 1036.0 61.0 L'hi. Les premiers, quoy qu’il leur promette n'au

127.0 1786.0 1029.0 68.0 rõt pas ſeulemẽt la vie, s’ils s’arreſtẽt à ceſt edit,

128.0 1846.0 1035.0 62.0 Les derniers cõfeſſans leurs fautes sõt abſous du

128.0 1905.0 1023.0 64.0 ſouuerain roy de telles promeſſes. Mais il vaut

128.0 1968.0 1032.0 69.0 mieur mourir vne autre fois que d’en plus faire.
