1408 2445
122.0 126.0 1035.0 71.0 La pol. On dit qu’il n’en auoit point d’autre que

126.0 183.0 1038.0 64.0 l'occaſion de ialouſie, de tant que la Mole eſtoit

123.0 247.0 1034.0 57.0 ſauorizé d’vne ieune princeſſe que ie ne nomme

126.0 301.0 1031.0 75.0 point pour le reſpect de ſon mary, plus que le ty¬

123.0 361.0 1034.0 65.0 ran n’euſt voulu. Apres ie ſceu que pour ceſte oc

123.0 422.0 1037.0 61.0 caſion meſme, le tyran voyant que ſon frere n’a¬

126.0 478.0 1034.0 68.0 uoit voulu faire deſpecher la Mole, fit vne nuict

126.0 537.0 1029.0 60.0 deſſein luy-meſmes de l’eſtrangler dedãs ſa cour,

126.0 599.0 1033.0 63.0 où la Molle eſtoit retourné apres le camp de la

134.0 660.0 246.0 62.0 Roche lle.

307.0 52.0 609.0 68.0 DIALOGVE II.

179.0 713.0 980.0 69.0 Et pour ce faire ſachant que la Molle eſtoit en

125.0 771.0 1034.0 64.0 la chambre de la ducheſſe de Neuers dãs le Lou¬

126.0 834.0 1036.0 66.0 ure, il print auec luy le duc de Guyſe, & cettains

127.0 896.0 1035.0 65.0 gentils hommes que ie te nommerayiuſques à ſix,

127.0 967.0 1043.0 51.0 auſquels il commanda ſur la vie d'eſtrangler ce¬

127.0 1010.0 1040.0 71.0 luy qu’il diroit auec des cordes qu’il leur diſtri¬

127.0 1077.0 121.0 57.0 bua.

1065.0 76.0 88.0 38.0 169

180.0 1128.0 994.0 70.0 En ceſt equippage le tyran portant vne bugie.

127.0 1184.0 1041.0 61.0 allumee, il diſpoſa à la ſortie de la chambre de la

130.0 1246.0 1041.0 67.0 ducheſſe de Neuers, ſes compagnons boutreaux

130.0 1304.0 1037.0 66.0 ſur les briſees que la Mole deuoit prendre pour

126.0 1361.0 1045.0 61.0 aller à la chambre de ſon maiſtre le duc d’Alen¬

129.0 1423.0 1041.0 67.0 çon. Mais bien ſeruit au poure ieune homme de

127.0 1479.0 1043.0 61.0 ce qu’au lieu d'aller à ſon maiſtre, il deſcẽdit trou

130.0 1540.0 1040.0 62.0 ner ſa maiſtreſſe: ſans rien ſcauoir de la partie, la¬

130.0 1604.0 1040.0 64.0 que lle il ne pouuoir autrement eſchapper qu’en

133.0 1659.0 1035.0 59.0 deſcendant en bas, comme il fit au lieu de mon¬

130.0 1721.0 1040.0 55.0 ter à ſon maiſtre, comme les autr es le penſoyent.

130.0 1779.0 1041.0 62.0 L'hi. Voila vn ieune homme perdu, s’il ne prend

134.0 1839.0 1036.0 62.0 garde de bonne heure aux embuſchesde ce tyran.

135.0 1896.0 1036.0 65.0 Le pol. Il a beau ſe donner de garde: s’il ne prent

135.0 1953.0 1035.0 70.0 l’expedient de Bodille: & s’il ne fait, comme l’on

916.0 2015.0 89.0 57.0 l.v.
