1479 2437
287 89 67 55 14

532 93 584 54 DIALOGVE II.

289 152 1022 60 gleterre de faire iuſtice, & aſſeurer ſon eſtat & la

287 215 1025 62 Religion en Angleterre, ou refuſant iuſtice, y rui¬

284 272 1028 65 ner l’eſtat & la religion enſemble. Car on ne peut

284 331 1024 67 dire qu’apres le decez de la Royne d’Angleterre,

283 391 1028 61 les choſes eſtant en l'eſtat qu’elles ſont, il y ayt

285 452 1024 62 moyen d’empeſcher que la toyne d’Eſcoſſe ne vie

284 510 1024 61 ne à ſucceder, & par conſequent tout l’eſtat du

284 569 1024 59 Royaume à renuerſer, & la Religion à changers

281 630 1027 59 tous ceux qui ne voudront eſtre ſi meſchans que

280 687 1026 58 de quitter le ciel pour la terre, & tenier leur re¬

280 744 1026 62 ligion, pour le moins bannis, chaſſez, eux & leurs

280 802 1028 61 enfans miſerables, cõme on a ia veu le pourtraict

280 862 601 62 au regne de la Royne Marie.

279 917 1029 63 L’hi. Cela eſt eertain: Et beaucoup de gens de biẽ

276 976 1022 67 Anglois, auec leſquels i’ay deuiſé de ceſt affaire,

280 1041 1028 50 ne s’attendent pas à mieux Encore dernierement

277 1092 1028 60 la royne Elizabeth, eſtant tombee malade (crai¬

279 1156 1019 61 gnant que pire luy auint) il y en auoit deſia plu¬

277 1233 918 41 lleuts qui pemojent a troumerieais quiiles.

276 1272 1026 61 Le pol. Ha poures gens! Et comment eſt-ce qu’vn

276 1326 1026 65 Parlement (duquel l’authorité eſt ſi grande, com¬

276 1389 1025 52 me tu ſcay) ne fait ouuertement reſoudre ceſte

277 1445 1024 63 Royne en ce faict-cy, en ce fait dy-ié, auquel il

274 1504 1027 66 n’eſt pas queſtion ſeulemẽt de punir le paſſé, mais

274 1562 1024 55 auſsi d’euiter le mal preſent & aduenir. Dieu au¬

270 1627 1030 57 ra bien puny d’aueuglement, ceux qui ne verront

272 1682 1028 59 clair en ceſt affaire. Ceux qui ont remis vn pareil

272 1738 1026 58 forfaict autrefois, l’ont remis à ceux de qui il n’a¬

272 1796 1024 62 uoyent occaſion de douter ſemblable conſpira¬

266 1857 1030 60 tion: mais de pardonner à ceux qui tetiennent la

269 1915 1024 64 meſme volonté, & meſmes moyens pour mal fai¬

1217 1979 71 54 re,
