1443 2417
263.0 71.0 87.0 55.0 110

264.0 161.0 1029.0 41.0 lc pluncondouamnee, que do do nolceneocione

322.0 202.0 970.0 59.0 L’amour eſt vne vertu non petite, & naturelle¬

261.0 260.0 1028.0 60.0 ment veut commencer du plus parfaict, du vray

264.0 318.0 1023.0 62.0 Prince, vers ſes ſuiets: du vray pere, vers ſes en¬

260.0 375.0 1031.0 62.0 fans, deſcendant, pluſtoſt que montant: & lors

266.0 437.0 1025.0 54.0 par vne certaine reflexion les enfans commencẽt

260.0 495.0 758.0 51.0 à aimer le Pere: les ſuiets, le Prince.

513.0 68.0 579.0 56.0 DIALOGVE II.

315.0 553.0 973.0 53.0 Et cõme c’eſt aux peres decõmencer, auſsi eſt¬

259.0 614.0 1030.0 57.0 ce à eux-meſmes de recõmencer, s’il s’interrompt

259.0 672.0 1029.0 59.0 & s’ils vienent à desfiance, de cercher les moyons

257.0 737.0 330.0 49.0 de les aſſeurer.

313.0 784.0 975.0 64.0 Brief, qu’on conſidere le droit, ou l’honneur, il

255.0 844.0 1030.0 65.0 eſtt ouſiours requis à vn Roy, de quitter les ar¬

252.0 903.0 1035.0 66.0 mes premier, que ſes ſuiets: à plus forte raiſon

252.0 965.0 1031.0 62.0 l’eſt-il requis, ô compagnons, à vn tyran, traiſtre,

253.0 1043.0 1032.0 41.0 & peruac, daqueme meua tralte de les Iulets reu

256.0 1080.0 1029.0 64.0 çoit ce mal de luy eſtre ſerf, & eſclaue, cõtre tout

255.0 1141.0 336.0 51.0 droit & deuoir.

317.0 1195.0 968.0 60.0 Ce ieune homme ſembla ſi vieux, ſi prudent

252.0 1255.0 1032.0 64.0 & ſage en ſon diſcours, qu’il n’y eut homme en la

252.0 1318.0 1032.0 61.0 compagnie qui ne couruſt de pieds, & mains tout

251.0 1373.0 1030.0 63.0 ſoudain apres ſon auis: ainſi fut la premiere reſo¬

252.0 1432.0 1021.0 61.0 lution d’entre eux priſe de ne plus ſe deſarmer,

253.0 1491.0 1023.0 66.0 pendant que le tyran, & ſes ſatellites ſeroyent ar¬

251.0 1554.0 1030.0 51.0 mez, comme de nouueau confirmee par les voix

251.0 1607.0 1029.0 66.0 & ſuffrages de tous les aſsiſtans: auſquels ſuyuãt

249.0 1666.0 1028.0 58.0 les raiſons de ce vieux ieune homme ſembla bon

251.0 1728.0 1029.0 56.0 d’ainſrle faire: tant pour conſeruer la reputation

249.0 1784.0 1031.0 66.0 du roy Charles neufieme, auquel, comme à bon

253.0 1840.0 1024.0 70.0 pefe de famille (car ainſi auſs i s’appelle il ſoy¬

248.0 1902.0 1025.0 66.0 meſme) touche de ſe deſarmer le premier: Que

251.0 1960.0 1021.0 74.0 (& plus veritablement). pour garder auec leurs

1170.0 2032.0 103.0 46.0 vies
