1424 2439
132.0 149.0 1016.0 66.0 me deſcendu pour voir leur affliction, le vingt &

135.0 208.0 1012.0 64.0 ſixieme du muis d’Aouſt dernier paſſé: lors que

134.0 268.0 1011.0 63.0 ils ne pouuoyẽt, ſelon l'apparence humaine, au¬

135.0 323.0 1010.0 60.0 tre choſe faire (s’ils ne vouloyent renier Dien)

136.0 383.0 1012.0 61.0 tout à plat, que ſe laiſſer mourir de faim, il¬

136.0 443.0 1014.0 66.0 furent receus à compoſition par le ſeigneur de la

139.0 501.0 1011.0 68.0 Chaſtre (uon ſans le ſceu du. Tyraa, quoy qu’au

139.0 560.0 1011.0 67.0 parauant, il euſt dit, qu’il les ſeroit manger l'vn

141.0 620.0 1007.0 66.0 l'autre, Dieu luy ayant pour ce regard flechy &

139.0 680.0 1011.0 62.0 amolly le cœur) qui leur promit de leur laiſſer

139.0 734.0 1011.0 65.0 la vie & biens ſauues, & ll'exercice de la Reli¬

138.0 794.0 1012.0 67.0 gion à la forme de l’edict, moyennant qu’il don¬

139.0 857.0 1009.0 60.0 naſſent quarante mille ſrancs au Tyran? ee que

135.0 914.0 792.0 65.0 les poures gens ont fait & accomply.

337.0 85.0 590.0 61.0 DIALOGVE, II.

138.0 975.0 1014.0 62.0 Quoy que los cunemis par apres contre tourr

136.0 1028.0 1014.0 68.0 foy donner ſelon leur couſtume, ayent pillé &

138.0 1085.0 1012.0 61.0 deſrobé ce, que bon leur a ſemblé de leurs meu¬

138.0 1146.0 1009.0 65.0 bles, demantelé leur ville, enleué iuſques à leur

139.0 1204.0 1008.0 65.0 horologe, & maſſacré quelques vns d’entte eun,

141.0 1262.0 1014.0 63.0 & notamment le Bailly & Gouuerneur de San¬

141.0 1330.0 1010.0 54.0 cerre. Et contraint les autres, qui ne iouiſſent

141.0 1376.0 1010.0 71.0 d'vn ſeul brin de liberté, d’eſtre vagabons & er¬

142.0 1437.0 1012.0 65.0 rans à la mercy des volleurs & brigans. Au ſue¬

146.0 1501.0 1006.0 64.0 plus, ie ne veux pas oublier à te faire entendro,

146.0 1556.0 1006.0 67.0 que l’vn des moyens, deſquels Dieu s’eſt princi¬

143.0 1617.0 1012.0 64.0 palement ſeruy pour la deliurance de ces honnes

145.0 1673.0 1013.0 66.0 gẽs de Sancerre, a eſté la venue des ambaſſadeurs

141.0 1733.0 1013.0 65.0 de Pologne, qui arriuerent en la Cour du Ty¬

145.0 1795.0 1009.0 65.0 ran, quelques iours au paranant la compoſſion

146.0 1843.0 279.0 63.0 de Sancerre

1088.0 95.0 57.0 49.0 111

200.0 1907.0 959.0 67.0 L’hiſtor. Ie te prie declare moy un peu par le

153.0 1970.0 1007.0 71.0 menu ton dire, iene puis pas bonnement

897.0 2023.0 46.0 60.0 lz
