1427 2442
225.0 157.0 972.0 69.0 Sur cela, la Royne, & la plus part de ſon Con¬

165.0 241.0 1035.0 42.0 ſen,de m’a iceu que dire, ny oppoier autre choles

167.0 280.0 1031.0 61.0 que la ligue, qu’elle auoit freſchement faite auec

167.0 339.0 1030.0 62.0 Charles de Valois, enuers lequel, quoy qu’elle le

165.0 397.0 1033.0 64.0 recognoiſſe pour tyran, traiſtre, & meſchant, elle

165.0 455.0 1032.0 70.0 eſtoit reſolue de garder ſa foy promiſe. Qu’elle

168.0 516.0 1030.0 61.0 voudroit bien qu’il fuſt mort, & que Dieu en fiſt

164.0 576.0 1029.0 62.0 la vengeance, qu’elle l’en prie de bon cœur: mais,

164.0 636.0 1032.0 61.0 que d’aller contre ſa promeſſe, qu’elle ne le fera

162.0 697.0 1032.0 62.0 iamais. Surquoy, apres luy auoir repliqué, que

160.0 754.0 1033.0 62.0 telle promeſſe peut eſtre à bon droit compa¬

160.0 808.0 1036.0 58.0 ree à celle d’Herodes, à Herodias, & autres ſem¬

157.0 868.0 1040.0 66.0 blables, qui ne meritẽt pas d’eſtre gardees, au de¬

157.0 929.0 1036.0 64.0 triment de la gloire de Dieu : Qu’il y a des pro¬

157.0 989.0 1039.0 54.0 meſſes, leſquelles ſont bonnes à leur naiſſance,

152.0 1047.0 1042.0 64.0 mais (comme Ciceron le dit) par traict de temps

156.0 1108.0 1037.0 62.0 vienent à eſtre dommageables, & pernicieuſes:

153.0 1169.0 1040.0 58.0 comme d’vn preſt, qu’on aura promis faire, à vn

154.0 1225.0 1039.0 63.0 qu’on tient eſtre bon citoyen, auquel, ſi d’auentu¬

152.0 1283.0 1038.0 62.0 re il ſe rendoit ennemy de la Republique, on n’eſt

154.0 1345.0 1040.0 63.0 nullement tenu d’accomplir la promeſſe: qu’ainſi

153.0 1398.0 437.0 61.0 en eſt-il de ſa ligue.

323.0 100.0 620.0 46.0 DIALOSVE II.

1139.0 122.0 23.0 31.0 J

214.0 1459.0 978.0 67.0 Que ſa Maieſté, a promis foy, & homage dés

152.0 1520.0 1036.0 55.0 le Bapteſme, au Dieu viuant, ſouuerain Roy, du¬

152.0 1576.0 1036.0 66.0 quel Charles de Valois eſt ennemy iuré. Que dés

150.0 1636.0 1033.0 63.0 lors qu’elle fut introduicte en l’Egliſe de Dieu,

147.0 1697.0 1038.0 58.0 elle contracta auec les autres membres de l’E¬

153.0 1756.0 1032.0 67.0 gliſe de quelque region qu’ils ſoyent,ligue, & cõ¬

147.0 1813.0 1034.0 64.0 ſederatiõ inuiolable: que Dieu la ſõme de ſa foy,

146.0 1873.0 1042.0 61.0 & toute raiſon diu ine, ciuile, & des gens la diſpen

146.0 1931.0 1033.0 68.0 ſe de celle qu’elle a donnee au Fidefrage: lequel,

147.0 1994.0 1038.0 64.0 comme elle peut cognoiſtre, n’a iamais contracté
