1414 2422
164.0 138.0 1029.0 69.0 tre eux deux eſt mutuelle & reciproque. Le ſem¬

165.0 201.0 1036.0 64.0 blable eſt d’entre vn Roy & ſes ſuiets, qui luy sõt

164.0 263.0 354.0 53.0 comme vaſſaux.

320.0 80.0 617.0 50.0 DIALOGVE TI.

223.0 316.0 974.0 63.0 Chacun ſcait combien la puiſſance des Sei¬

165.0 379.0 1036.0 59.0 gneurs, ou maiſtres enuers leurs ſerfs & eſclaues:

162.0 437.0 1036.0 64.0 eſt grande: toutefois ſi le Seigneur ne prouuoit

161.0 493.0 1032.0 64.0 & ſubuient au ſerf en ſa maladie,le ſerf ſans autre

160.0 553.0 1030.0 61.0 manumiſsion eſt declaré libre par la loy: laquel¬

160.0 613.0 1031.0 62.0 le n’a eſté ordõnee qu’à celle fin que ceux qui ont

162.0 675.0 1028.0 61.0 quelque auchorité & puiſſance n’en vienent point

157.0 727.0 220.0 57.0 à abuſer.

202.0 789.0 985.0 54.0 La condition des ſuiets ne doit pas eſtre pire

156.0 846.0 1027.0 59.0 que celle des ſerfs. Que ſi le ſerf eſt fait libre,

153.0 904.0 1030.0 66.0 quand ſon Seigneur abuſe de ſon pouuoir, pour¬

154.0 966.0 826.0 60.0 quoy ne ſera-il le ſemblable des ſuiets?

206.0 1061.0 979.0 26.0 2es duies, deſdels nous paſons m egdele,

148.0 1081.0 1042.0 61.0 ſe ſont ſouſtraits,comme les hiſtoires en font foy

148.0 1141.0 1047.0 57.0 de la ſuletion & obeiſſance de la maiſon d’Auſtri¬

145.0 1198.0 1048.0 65.0 che, à laquelle ils s’eſtoyent obligez ſous certai¬

145.0 1260.0 1044.0 61.0 nes conditions: pource que la maiſon d’Auſtr i¬

148.0 1318.0 1037.0 62.0 che ne les daignoit accomplir de ſa part. Ainſi

146.0 1377.0 1044.0 61.0 ſont ils auiourd’huy libres, ayans ſecoué, non

150.0 1434.0 1032.0 64.0 pas abbatu l’Empire de celle maiſon: laquelle

145.0 1494.0 1033.0 65.0 cependant cognoiſſant ſa grand faute à approuué

144.0 1548.0 1034.0 69.0 leur ſubſtraction & reuendication de leur li¬

142.0 1605.0 144.0 55.0 berté.

1133.0 96.0 64.0 46.0 91.

202.0 1672.0 970.0 62.0 Quant à nos poures freres de la Rochelle, s’e¬

140.0 1729.0 1035.0 61.0 ſtans autresfois diſtraits de la ſuietion des An¬

141.0 1789.0 1033.0 63.0 glois, ils ſe ſousmirent au Roy de France ſous

138.0 1847.0 1034.0 66.0 certaines conditions, que Froiſſard recite en ſon

137.0 1898.0 194.0 63.0 hiſtoire.
