1426 2434
154.0 151.0 1027.0 64.0 eſtre, que les Senateurs auoyent auſsi bonne en¬

156.0 213.0 1026.0 60.0 uie de le ſcauoir comme le peuple. Mais pour ce

155.0 271.0 1023.0 57.0 que Manlius n’en reſpondoit point pertinẽment,

152.0 327.0 1031.0 62.0 ains en tergiuerſant diſoit qu’il n’eſtoit ia beſoin

154.0 388.0 1021.0 62.0 de leur dire ce que eux meſmes ſcauoyent trop

152.0 443.0 1026.0 65.0 mieux,ilfut mis en priſon par l’authorité du Di¬

151.0 505.0 1028.0 61.0 ctateur, qui de calomniateur fit deuenir par ce

154.0 565.0 1028.0 58.0 moyen Manlius accuſateur. Et eſtant par apres

152.0 620.0 1026.0 57.0 ſa fauſſeté & enuie cognue fut chaſtié, comme il

155.0 684.0 261.0 54.0 le meritoit.

307.0 87.0 617.0 50.0 DIALOGVE TI.

204.0 738.0 971.0 62.0 Par là & par autres exemples auenus en beau¬

148.0 799.0 1030.0 61.0 coup de Republiques mal ordonnees l’on peut

150.0 857.0 1025.0 61.0 voir aiſément, combien de maux peuuent auenir

146.0 916.0 1029.0 60.0 en vn eſtat grand ou petit audetriment de la li¬

146.0 992.0 1029.0 35.0 perte ciule, ilcelt oiure ee uberte de pouuon a&

144.0 1034.0 1031.0 59.0 cuſer quiconque ſoit d’entre les grans ny eſt eſta

144.0 1091.0 1029.0 61.0 bly. Noſtre Frãce depuis que l’ordre des trois e¬

140.0 1148.0 1031.0 66.0 ſtats a eſté ſupprimé, que les offices de Iudicatu¬

140.0 1206.0 1034.0 58.0 re de Conſeiller? & Preſidens, &, pour le dire en

140.0 1265.0 1034.0 62.0 vn mot, depuis que la police & la iuſtice a eſté e¬

140.0 1326.0 1028.0 61.0 ſtouffee & corrompue, vendue en gros & en me¬

140.0 1384.0 863.0 61.0 nu en a produit d’exemples lamentables.

1106.0 102.0 75.0 45.0 13

189.0 1444.0 978.0 59.0 Il ne faut que ſe remettre en memoire les ca¬

139.0 1500.0 1032.0 63.0 lamitez auenues pour le maſſacre fait à Vaſſy par

138.0 1559.0 1032.0 63.0 le duc de Guyſe: & celles qui ont enſuyui la con¬

138.0 1619.0 1029.0 53.0 iuration du Triumuirat, contre lequel nul n’o¬

136.0 1679.0 1028.0 61.0 ſoit mot ſonner, quoy que l’on ſceuſt ſes entre¬

139.0 1732.0 149.0 67.0 priſes.

192.0 1794.0 975.0 65.0 Auſquelles on n’oſa s’oppoſer qu’auec vne biẽ

135.0 1853.0 1031.0 63.0 forte armee, la quelle ſuyuie de pluſieurs guerres

133.0 1910.0 1031.0 64.0 ciuiles a fait tomber la poure France de la fieure

135.0 1971.0 691.0 58.0 en vn chaut mal, comme l’on dit.
