1432 2463
147.0 145.0 1028.0 65.0 ce & à la liberté de ſon eſtat & de ſa patrie, pre¬

151.0 206.0 1022.0 63.0 poſant touſiours le public à ſon particulier pro¬

149.0 270.0 80.0 58.0 fit.

357.0 77.0 567.0 62.0 DIALOGVE II.

210.0 322.0 967.0 65.0 Que le peuple auſsi reſpectera de tant les No

150.0 400.0 1027.0 43.0 Dlee queleoetone ceite verca, merechoutriee de

153.0 439.0 1025.0 67.0 Nobleſſe, qu’il n’y a rien qu’ils ne facẽt pour leur

150.0 502.0 1028.0 60.0 obeir en ce qui ſera de leur charge, & pour les

149.0 559.0 1026.0 66.0 honorer en priué autant qu’ils peuuent deſirer

153.0 618.0 1024.0 60.0 d’eux. Et qu’au reſte tous ces deux Eſtats ſe ſou¬

154.0 677.0 1023.0 60.0 uiendront auec celuy de la Iuſtice de ce que Va¬

150.0 732.0 1027.0 63.0 lerius Coruinus qui fuſt fait Conſul dedans Ro¬

151.0 795.0 1027.0 60.0 me le vingtroiſieme an de ſon aage dit pour lors

135.0 849.0 1040.0 67.0 à ſes ſoldats: que le Conſulat eſtoit le guerdon

149.0 909.0 1026.0 61.0 & le prix de la vertu & non du ſang. Et auſsi tous

150.0 970.0 1027.0 61.0 enſemble par vne bonne intelligence s’en iront

149.0 1026.0 1025.0 61.0 cercher la vertu & la ſuffiſance, là où elle ſera lo¬

151.0 1086.0 1023.0 66.0 gee, ſans reſpect de l’aage ou du ſang, pour l’eſle¬

153.0 1148.0 1020.0 64.0 uer en tel degré qu’ils cognoiſtront eſtre propice

154.0 1206.0 686.0 59.0 pour leur commun bien & ſalut.

1096.0 106.0 81.0 44.0 119,

149.0 1258.0 1025.0 63.0 L'hi. Si cela eſt bien pratiqué ce ſera vne belle

150.0 1319.0 1023.0 63.0 choſe. Auſsi ſi cela ne s’y trouue, i’eſpere bien

153.0 1377.0 342.0 65.0 peu de leur fait.

149.0 1435.0 1024.0 64.0 Le pol. Ne doute pas qu’il ne ſe face, i’en ay bon

154.0 1496.0 1019.0 66.0 gage, Dieu mercy, il feroit bon voir que ceux-là

150.0 1551.0 1025.0 65.0 qui profeſſent vn Ieſus Chriſt, fiſſent conte de

145.0 1611.0 1025.0 63.0 leur honneur au detriment de ſon Egliſe, & à la

153.0 1672.0 1017.0 65.0 perte du troupeau: ou que l’ambition malheu¬

153.0 1735.0 1021.0 58.0 reuſe regnaſt, où l’eſprit de Dieu doit auoir ſou

153.0 1793.0 337.0 51.0 uerain Empire.

151.0 1845.0 1024.0 63.0 L’hiſt. Ia n’auiene, ce ſeroit aſſez pour tout rui¬

153.0 1907.0 1022.0 64.0 ner. Car ceſte ambition a touſiours ruiné les Re

157.0 1970.0 233.0 66.0 publiques.

906.0 2018.0 128.0 60.0 h.iiii.
