1442 2449
262.0 85.0 100.0 61.0 H6

319.0 160.0 974.0 63.0 Pour ce faire ils auoyent donné charge à ſept

264.0 217.0 1028.0 61.0 des plus auiſez obſeruateurs de l’antiquité de re¬

262.0 276.0 1027.0 62.0 cueillir de tous les bons-liures qui traitent l’hi¬

261.0 334.0 1029.0 61.0 ſtoire& eſtat ancien des François & Gaulois, l’or

260.0 397.0 1034.0 60.0 dre, police & ſorme de gouuernement qui eſtoit

265.0 458.0 1027.0 60.0 parmi eux, auant que la tyrannie ſuſt en regne: &

264.0 514.0 1029.0 62.0 particulierement celuy de leur patrie du tempa

264.0 571.0 1028.0 64.0 que la religion en ſuſt chaſſee, pour ramener le

266.0 632.0 489.0 60.0 tout à leurs principes.

520.0 87.0 599.0 64.0 DIALOGVE-II.

258.0 684.0 1035.0 72.0 L’hi. C’eſt tresbien fair: pleuſt à Dieu que i’y fuſ

255.0 746.0 1037.0 63.0 ſe pour leur en dire ce que i’en ſcay. Le docte

258.0 806.0 1034.0 55.0 Paſquier en ſon liure des recerches de la France,

257.0 869.0 1032.0 61.0 releuera grandement de peine ces ſept deputez.

257.0 933.0 1035.0 56.0 Et le grand Hotoman on ſa Francogaule, qu’it a

258.0 985.0 1036.0 51.0 mis de nouueau en lumiere les en iettera hors du

258.0 1044.0 1030.0 62.0 tour tant il cotte dextrement les paſſages qui peu

261.0 1100.0 456.0 53.0 uent ſeruir en ce fait.

275.0 1155.0 1017.0 62.0 Ce ſeroit vne belle choſe, ſi l’on pouuoit (en

257.0 1217.0 1035.0 61.0 retenant l’anciene religion) que les Albigeois du

258.0 1278.0 1032.0 60.0 temps du comte Raymond: les poures de Lyon,

258.0 1334.0 1034.0 61.0 ceux de la valleé de Prage la, ceux de Cabrieres &

258.0 1394.0 1030.0 60.0 Merindol ont tenu & que nous tenons auiour¬

260.0 1453.0 1028.0 62.0 d’huy plus dépuree Dieu mercy) ramener ceſt e¬

254.0 1508.0 1032.0 62.0 ſtat preſent tout conſit & rouillé en vices au mo

255.0 1572.0 1042.0 59.0 delle de ce temps-la. C’eſt vn auis que tu ſcay bie

253.0 1627.0 1036.0 61.0 eſtre le ſouuerain remede à vn eſtat du tout pour

251.0 1687.0 990.0 61.0 ry & preſt à cheoir comme eſt celuy de France.

253.0 1744.0 1035.0 64.0 Le pol. Cela eſt certain: & s’appelle radreſſer, non

255.0 1804.0 1035.0 64.0 pas renuerſer l’eſtat, le ramener à ſon principe. Et

255.0 1866.0 1034.0 63.0 pour certain ces bonnes gens, pour la part qui les

258.0 1922.0 915.0 58.0 touche, ſont ſur le point d’en venir là.

250.0 1976.0 1040.0 68.0 L'hi. O le beau trait que ce ſeroit! pourueu qu’il

1180.0 2031.0 105.0 62.0 fuſt
