1443 2449
268.0 76.0 102.0 57.0 162

261.0 146.0 1030.0 70.0 porté ce meſchant petit relaſche, le tyran par ſon

262.0 209.0 1028.0 63.0 edit ſe haſta de nous l’accorder au parauant leur

264.0 273.0 221.0 53.0 arriuee.

324 320 965 71 Or pour reuenir aux Polonois, eux eſfans quel

258.0 387.0 1028.0 64.0 que ſour apres ce beau tour qui leur ſut ioué, en¬

257.0 453.0 1030.0 53.0 trez à traiter des aſtaires de leur Royaume: apres

253.0 503.0 1032.0 60.0 auoir receu le ſerment du duc d’Aniou, qu'il n'at¬

250.0 560.0 1036.0 64.0 tenteroit rien de parole ny de fait contre les loix

254.0 624.0 1031.0 61.0 de Pologne: ains les regiroit & gouuerneroit ſe¬

251.0 678.0 1031.0 64.0 lon icelles, ils voulurent auſsi qu’il leur promiſt

251.0 737.0 1028.0 60.0 dd’entretenir & laiſſer paiſibles les Polonois en

250.0 798.0 1028.0 65.0 leur religion reformee Papiſtique & autre, telk

251.0 854.0 279.0 69.0 qu’elle y eſt.

495.0 71.0 617.0 65.0 DIALOGVE II.

336.0 911.0 943.0 63.0 Et comme ſur ceſt article, il ſe print à faite

247.0 971.0 1029.0 69.0 quelque difficulté, les ambaſſadeurs luy repliqne

246.0 1031.0 1029.0 66.0 rent qu’il falloit donc qu’il fiſt ſon conte, qu'ilne

249.0 1093.0 1025.0 53.0 leur ſeroit iamais Roy, qu’ils ne veulent point vn

243.0 1151.0 1032.0 62.0 tytan, lequel leur force la conſcitnce, ny vn qui

243.0 1235.0 1027.0 34.0 lous va taua precense de zelc de ncens idem

243.0 1265.0 1027.0 68.0 diſsipé la paix publique, qu’ils ont enuie de nour¬

242.0 1325.0 101.0 61.0 Fir.

246.0 1380.0 1020.0 67.0 2*Et inſiſterent tellement ſur celas qu’il fallut que

240.0 1442.0 1024.0 62.0 le duc d’Aniou leur en paſſaſt le ſerment & pro¬

236.0 1497.0 157.0 64.0 meſſe.

236.0 1557.0 1028.0 66.0 L’hi. Ha poure gentilhomme! Il eſt à craindre ie

239.0 1619.0 1022.0 62.0 t’aſſeure qu’il en ait bleſſé ſa conſcience, tant il

232.0 1671.0 678.0 71.0 fait du religieux. Quel zelajeur!

288.0 1736.0 972.0 64.0 Mais i’oſe dire que ſi l’on euſt requis de luy vn

232.0 1797.0 1027.0 57.0 ſerment en propres termes de ſeruir à iamais au

235.0 1878.0 1024.0 37.0 diabis, qu’itueuit dount la paroi y aumban

231.0 1911.0 1025.0 57.0 cœur, & auſsi bien qu’il luy ſert de fait en ſa vie,

236.0 1971.0 1021.0 69.0 pluſtoſt que d’eſtre repouſſé d’vn Royaume ſi

1153.0 2044.0 96.0 58.0 opu
