1474 2429
289 85 45 38 2

291 121 1021 75 ARGVMENT DV SECOND

680 190 235 66 Dialogue.

342 302 975 69 Le Politique & l’Hiſtoriographe François, re¬

292 367 1025 63 uenans par diuers chemins de leur charge,ſe ren¬

291 430 1026 57 contrent (comme Dieu veut) logez en vne meſ¬

292 484 1025 63 me hoſtellerie à Fribourg en Briſgoye, & apres

292 545 1028 59 s’eſtre recognus, careſſez & recueillis, ils recitent

291 600 1023 65 l’vn à l’autre le ſuccez de leurs voyages, l'eſtat pre

291 662 1023 64 ſent de la France, & par occaſion quelque trait de

345 719 925 63 celuy d’Angleterre. Ils traitent auſsi de la

407 777 822 65 puiſſance des Rois, de la tyrannie, &

446 839 709 61 de la ſeruitude volontaire, & plu¬

461 897 680 53 ſieurs autres belles matieres treſ

512 958 581 59 neceſſaires en ce temps, re¬

538 1014 533 53 ſeruans au lendemain ce

622 1070 340 63 qu’ils ont à dire

707 1128 174 70 de plus.

1137 1299 166 69 DIA¬
