1427 2422
157.0 138.0 1039.0 61.0 terre: d’oublier ceſte vertu ſi recommãdable aux

160.0 217.0 1032.0 41.0 Princes, que la debonairete par la cruelle eſtullo

156.0 261.0 1036.0 64.0 de ſag de ſes plus proches, les anciens Empereurs

156.0 321.0 1034.0 55.0 qui ont pardõné les cõiurations contr’eux faites,

157.0 376.0 1034.0 66.0 Iuy ſeront propoſez, leſquels elle a ſurpaſſé iuſ¬

157.0 438.0 1031.0 62.0 ques à preſent en ceſte louãge d’humanité & cle¬

156.0 500.0 1036.0 59.0 mence Dauantage la punition qu’on en feroit ſi

154.0 557.0 1036.0 59.0 ignominieuſe:que ſi d’vn coſté on met deuant les

156.0 614.0 1035.0 61.0 yeux la maieſté Royale, en laquelle chacũ à veu la

153.0 670.0 1031.0 64.0 royne d’Eſcoſſe, eſtant royne d’Eſcoſſe & de Frã¬

152.0 731.0 1036.0 64.0 çe des deux plus ancienes Couronnes de toute la

149.0 791.0 1039.0 63.0 terre, & apres le ſpectacle miſerable, qu’elle fuſt

149.0 850.0 1037.0 60.0 liuree entre les mains d’vn bourreau: il n’y a ſi fe¬

148.0 906.0 1038.0 57.0 lon & cruel cœur tant fuſt il ſeuere & hardy en la

148.0 968.0 1036.0 61.0 condãnation, qui ne fuſt amolly & larmoyãt à l’e

145.0 1025.0 1039.0 63.0 xecution. D’autre part le reſpect du fils du roy

144.0 1084.0 1040.0 66.0 d’Eſcoſſe ſera de quelque valeur, pour reſpectet

145.0 1143.0 1036.0 61.0 l'honneur de la mere inſeparable de l’honneur

142.0 1202.0 1041.0 64.0 du fils: lequel ne peut eſtre, s’il a bon cœur, qu’il

141.0 1263.0 1043.0 59.0 ne ſe reſſente du des hõneur que ſa mere aura ſouf

141.0 1322.0 1042.0 61.0 fert par la main des Anglois: tellement que quãd

141.0 1381.0 1038.0 62.0 la mere en ſeroit digne, ſi on aime ou reſpecte le

140.0 1438.0 1039.0 63.0 fils: il faut luy deferer en ceſt endroit qu’on ne

142.0 1498.0 1035.0 64.0 deshonore point la mere & luy en elle conſequẽ¬

141.0 1559.0 1035.0 59.0 ment.Outre les points que i’ay traictez de la iu

138.0 1613.0 1038.0 58.0 ſtice & de la cõmiſeration, encore adiouſtera-on

135.0 1676.0 1041.0 61.0 ce point de l’vtilité du royaume:car on dira ſi on

137.0 1733.0 1036.0 64.0 viẽt iuſques là que d’entreprẽdre ſur la perſonne

135.0 1793.0 1037.0 58.0 de la royne d’Eſcoſſe: les Rois voiſins auront vn

134.0 1852.0 1039.0 62.0 beau pretexte, voire occaſion, digne de Rois, pro¬

134.0 1912.0 1038.0 63.0 tecteurs des Princes affligez, d’entreprendre vne

135.0 1973.0 1032.0 70.0 guerre contre la royne d’Angleterre: de ſorte que

351.0 68.0 583.0 63.0 DIALOGVE II.

1136.0 82.0 58.0 55.0 37
