1462 2426
262.0 74.0 19.0 53.0 6

249 160 1033 44 te lupphions ocignieor, qu'arte piaue en nous par¬¬

250.0 196.0 1028.0 53.0 donnant nos fautes, continuer tes benedictions &

250.0 253.0 1031.0 63.0 grakes ſur nous, & ſur tes autres enfans & ſerui¬

252.0 316.0 1026.0 58.0 teurs, comme tu cognois eſtre expedient pour le

253.0 374.0 1025.0 59.0 bien de ta gloire. Sur tout Pere & Sauueur, fay

253 432 1026 61 nous touſiours fermement eſperer és promeſſes

253.0 490.0 1018.0 61.0 du ſalut eternel qui nous a eſté acquis par le ſang

253.0 548.0 1021.0 62.0 precieux de ton Fils ton bien-aimé. Et nous fay

254.0 607.0 1024.0 60.0 continuellement dependre de ta prouidence, par

253.0 664.0 1025.0 63.0 laquelle iuſqu’aux plus petits d’entre les oyſeaux,

254.0 725.0 1029.0 52.0 ſont nourris & ſouſtentez; & les cheueux de nos

254.0 784.0 1023.0 61.0 teſtes comptez & gardez, iuſques à tant Seigneur,

257.0 843.0 1025.0 58.0 que tu nous retires de ces miſeres, pour nous fai¬

253.0 897.0 1029.0 55.0 re iouyr de l’immortalité bien-heureuſe, de la¬

253.0 962.0 1035.0 56.0 quelle iouyſſent ceux que tu as retitez en paix. Ce

256.0 1018.0 1034.0 62.0 pendant Seigneur, nous te ſupplions de prouuoir

254.0 1078.0 1040.0 56.0 en general & en particulier, à toutes les neceſsitez

253.0 1132.0 1039.0 60.0 de ton Egliſe, de haſter le temps de la vocation

254.0 1194.0 1024.0 51.0 des tiens, & abbreger les iours de la reſtauration

253.0 1249.0 1028.0 61.0 des choſes. Et de nous faire en partitulier la gra¬

254.0 1310.0 1032.0 57.0 ce que nous puiſsiõs bien toſt eſtre rendus en ſau

254.0 1367.0 1024.0 65.0 ueté, à l’Egliſe qui nous a enuoyé pour luy pou¬

257.0 1429.0 1024.0 58.0 uoir rendre fidelemẽt compte de la charge qu’el¬

253.0 1486.0 1033.0 59.0 le nous a donnee: fay-le Seigneur, pour l’amour

254.0 1539.0 1031.0 63.0 de Ieſus Chriſt ton Fils noſtre ſauueur. Ainſi

252.0 1601.0 172.0 56.0 ſoit-il.

490 72 586 53 DIALOGVETI.

252.0 1659.0 1036.0 63.0 Le pol.Ainſi ſoit-il. Or il faut que ie te dye deuãt

253.0 1723.0 1030.0 61.0 que paſſer outre, que ie me reſiouy grandement,

250.0 1779.0 1038.0 60.0 & m’eſinerueille quand & quand, conſiderant la

252.0 1842.0 1036.0 58.0 peine que tu as eue, & les dangers par où tu as paſ

250.0 1893.0 1043.0 68.0 ſé en faiſant vn ſi long voyage, de l’embon poinct

252.0 1962.0 554.0 61.0 que tu nous en rapportes.

1153.0 2006.0 116.0 60.0 L'hi¬
