1443 2435
255.0 112.0 80.0 63.0 134

250.0 177.0 1033.0 63.0 rẽt à vneautre fois recueilly l’auis ſur ce poĩt, trou

251.0 248.0 1032.0 44.0 nant le ſeigneur de la Noue differẽt bien fort d’o

250.0 298.0 1033.0 61.0 pinion d’auec leur auis tout courant, pour des rai

251.0 358.0 1032.0 61.0 fons qu’il alleguoit, dont le peuple ne ſe pouuoit

250.0 416.0 1033.0 53.0 ſarisfaire: ils commencerent dés l’heure à mal e¬

249.0 474.0 1032.0 53.0 ſtimer & parler de ceſt homme tant renommé,

250.0 531.0 1034.0 66.0 iuſques là qu’il fut contraint, craignant que mal

250.0 592.0 1034.0 61.0 ne luy auint ſauter, comme on dit, de la poile & ſe

250.0 649.0 1031.0 62.0 ietter dedans les braiſes, accompagné de Cham¬

253.0 710.0 1031.0 66.0 pigny & de quelques autres amis, auec leſquels il

250.0 772.0 1034.0 57.0 s’alla rendre, ainſi que nous fuſmes auertis le me¬

251.0 830.0 1033.0 57.0 credy onzieme iour de Mars en l’armee du duc

250.0 884.0 1031.0 64.0 d’Aniou: duquel ſelon l’apparence il fut recueil¬

250.0 944.0 1034.0 62.0 ly volontiers & aſſeuré de ſa perſonne. Il ne fut

253.0 1003.0 1034.0 64.0 pas ſi toſt en l'armee de l’ennemy, que les ſoldats

254.0 1063.0 1031.0 66.0 par deſſus les rempars luy reprocherent qu’il a¬

250.0 1121.0 1034.0 65.0 uoit delaiſſé Syon, pour aller en Egypte:mais i’en

251.0 1179.0 447.0 64.0 eſpere proù de bien.

495.0 105.0 568.0 61.0 DTALOGVE II.

307.0 1241.0 976.0 60.0 Durant le ſiege, à ce qu’on nous rapporta, nos

249.0 1295.0 1032.0 63.0 freres de la Rochelle ont ſouuent parlementé a¬

253.0 1359.0 1031.0 60.0 uec le duc d’Aniou touchant quelques moyens

250.0 1419.0 1037.0 60.0 de paix, de laquelle l’ennemy oyoit fort volõtiers

251.0 1474.0 1033.0 62.0 parler ſe voyant fruſtré de l’eſperancede pouuoir

246.0 1535.0 1045.0 62.0 forcer la Rochelle, pource qu’il auoit perdu vn

249.0 1590.0 1036.0 64.0 bien fort grand nombre de ſa nobleſſe, & treſgrãd

246.0 1672.0 1039.0 41.0 nombre de Capitaies & ioidats, & que fesior¬

246.0 1712.0 1041.0 61.0 uiuans auoyent le cœur failly, quoy que les Suiſ¬

246.0 1769.0 1041.0 55.0 ſes en nõbre de ó mil fuſſẽt arriuez à leur ſecours.

324.0 1828.0 968.0 55.0 En fin le duc d’Aniou ayant receu certainez

240.0 1889.0 1054.0 63.0 nouuelles qu’il eſtoit eſleu roy de Poloigne, par

242.0 1943.0 1049.0 64.0 les menees de Monluc Eueſque de Valence & de

240.0 2012.0 1048.0 82.0 les autres agents. Election autant à l'auantage &

1166.0 2071.0 118.0 48.0 ſou¬
