<?xml version="1.0" encoding="UTF-8"?>
<alto xmlns:xsi="http://www.w3.org/2001/XMLSchema-instance"
      xmlns="http://www.loc.gov/standards/alto/ns-v4#"
      xsi:schemaLocation="http://www.loc.gov/standards/alto/ns-v4# http://www.loc.gov/standards/alto/v4/alto-4-2.xsd">
  <Description>
    <MeasurementUnit>pixel</MeasurementUnit>
    <sourceImageInformation>
      <fileName>page_00363.png</fileName>
      <fileIdentifier>mets//page_00205.zip/page_00363.png</fileIdentifier>
    </sourceImageInformation>
  </Description>
  <Tags>
    <OtherTag ID="BT7" LABEL="CustomZone" DESCRIPTION="block type CustomZone"/><OtherTag ID="BT8" LABEL="DamageZone" DESCRIPTION="block type DamageZone"/><OtherTag ID="BT9" LABEL="DigitizationArtefactZone" DESCRIPTION="block type DigitizationArtefactZone"/><OtherTag ID="BT10" LABEL="DropCapitalZone" DESCRIPTION="block type DropCapitalZone"/><OtherTag ID="BT11" LABEL="GraphicZone" DESCRIPTION="block type GraphicZone"/><OtherTag ID="BT12" LABEL="MainZone" DESCRIPTION="block type MainZone"/><OtherTag ID="BT13" LABEL="MarginTextZone" DESCRIPTION="block type MarginTextZone"/><OtherTag ID="BT14" LABEL="MusicZone" DESCRIPTION="block type MusicZone"/><OtherTag ID="BT15" LABEL="NumberingZone" DESCRIPTION="block type NumberingZone"/><OtherTag ID="BT17" LABEL="QuireMarksZone" DESCRIPTION="block type QuireMarksZone"/><OtherTag ID="BT18" LABEL="RunningTitleZone" DESCRIPTION="block type RunningTitleZone"/><OtherTag ID="BT19" LABEL="SealZone" DESCRIPTION="block type SealZone"/><OtherTag ID="BT20" LABEL="StampZone" DESCRIPTION="block type StampZone"/><OtherTag ID="BT21" LABEL="TableZone" DESCRIPTION="block type TableZone"/><OtherTag ID="BT22" LABEL="TitlePageZone" DESCRIPTION="block type TitlePageZone"/><OtherTag ID="BT100001" LABEL="MainZone-Head" DESCRIPTION="block type MainZone-Head"/><OtherTag ID="BT100005" LABEL="MainZone-P" DESCRIPTION="block type MainZone-P"/><OtherTag ID="BT100008" LABEL="MainZone-Sp" DESCRIPTION="block type MainZone-Sp"/><OtherTag ID="BT100006" LABEL="MainZone-Continued" DESCRIPTION="block type MainZone-Continued"/><OtherTag ID="BT100011" LABEL="MainZone-Entry" DESCRIPTION="block type MainZone-Entry"/><OtherTag ID="BT100010" LABEL="MainZone-Other" DESCRIPTION="block type MainZone-Other"/><OtherTag ID="BT100002" LABEL="MainZone-Lg" DESCRIPTION="block type MainZone-Lg"/>
    <OtherTag ID="LT7" LABEL="CustomLine" DESCRIPTION="line type CustomLine"/><OtherTag ID="LT8" LABEL="DefaultLine" DESCRIPTION="line type DefaultLine"/><OtherTag ID="LT9" LABEL="DropCapitalLine" DESCRIPTION="line type DropCapitalLine"/><OtherTag ID="LT10" LABEL="HeadingLine" DESCRIPTION="line type HeadingLine"/><OtherTag ID="LT11" LABEL="InterlinearLine" DESCRIPTION="line type InterlinearLine"/><OtherTag ID="LT12" LABEL="MusicLine" DESCRIPTION="line type MusicLine"/><OtherTag ID="LT764" LABEL="default" DESCRIPTION="line type default"/>
  </Tags>
  <Layout>
    <Page WIDTH="1442"
          HEIGHT="2449"
          PHYSICAL_IMG_NR="163"
          ID="eSc_dummypage_">
      <PrintSpace HPOS="0"
                  VPOS="0"
                  WIDTH="1442"
                  HEIGHT="2449">
        <TextBlock HPOS="242.0"
                   VPOS="113.0"
                   WIDTH="87.0"
                   HEIGHT="55.0"
                   ID="block_4"
                   TAGREFS="BT15">
          <Shape><Polygon POINTS="329 113 329 168 242 168 242 113"/></Shape>
          <TextLine ID="line_0"
                    TAGREFS="LT8"
                    BASELINE="242 152 341 149" 
                    HPOS="241.0"
                    VPOS="107.0"
                    WIDTH="100.0"
                    HEIGHT="60.0">
            <Shape><Polygon POINTS="242 152 242 161 318 167 319 167 321 167 341 156 341 149 340 121 290 107 288 107 287 107 285 107 284 107 262 122 261 123 241 123 242 152"/></Shape>
	    <String CONTENT="164"
                    HPOS="241.0"
                    VPOS="107.0"
                    WIDTH="100.0"
                    HEIGHT="60.0"
                    WC="0.9999831517537435"></String>
          </TextLine>
        </TextBlock>
        <TextBlock HPOS="232.0"
                   VPOS="177.0"
                   WIDTH="1062.0"
                   HEIGHT="764.0"
                   ID="block_5"
                   TAGREFS="BT100005">
          <Shape><Polygon POINTS="1290 177 1294 936 234 941 232 177"/></Shape>
          <TextLine ID="line_2"
                    TAGREFS="LT8"
                    BASELINE="294 223 1275 220" 
                    HPOS="292.0"
                    VPOS="175.0"
                    WIDTH="983.0"
                    HEIGHT="63.0">
            <Shape><Polygon POINTS="294 223 294 229 319 236 321 236 322 236 324 236 330 229 332 229 532 229 548 231 630 238 631 238 686 231 699 229 721 231 781 235 782 235 784 235 785 235 791 231 796 228 844 228 852 231 870 238 871 238 872 238 962 231 1006 228 1018 231 1036 236 1037 236 1038 238 1111 238 1111 236 1112 236 1113 236 1120 231 1126 228 1132 231 1149 238 1150 238 1151 238 1274 231 1275 220 1274 189 1244 175 1243 175 1241 175 1240 175 1239 175 1218 189 1135 189 1124 179 1124 178 1123 178 1122 178 1120 178 1082 186 1068 175 1067 175 1066 175 1021 175 1019 175 1018 175 1017 175 1003 187 954 175 953 175 951 175 950 175 925 189 772 189 631 189 604 176 603 176 562 176 561 176 559 176 537 186 492 176 491 176 490 176 488 176 475 189 458 180 457 180 456 180 359 187 306 176 305 176 303 176 302 176 302 178 292 186 294 223"/></Shape>
	    <String CONTENT="Partant dreſſerent vne requeſte bien ample"
                    HPOS="292.0"
                    VPOS="175.0"
                    WIDTH="983.0"
                    HEIGHT="63.0"
                    WC="0.9973005496320271"></String>
          </TextLine>
          <TextLine ID="line_3"
                    TAGREFS="LT8"
                    BASELINE="242 281 1273 278" 
                    HPOS="241.0"
                    VPOS="238.0"
                    WIDTH="1032.0"
                    HEIGHT="59.0">
            <Shape><Polygon POINTS="1207 240 1194 240 1190 240 1181 247 1171 240 1166 240 1156 240 1146 247 1092 240 1085 240 1072 240 1045 247 1037 240 1030 240 1017 240 1003 240 989 240 976 240 972 240 946 247 886 240 885 240 883 240 853 247 799 240 785 240 772 240 758 240 754 240 735 248 716 240 714 240 713 240 584 248 454 240 453 240 452 240 450 240 441 248 428 240 418 240 404 240 401 240 356 247 339 240 336 240 322 240 319 238 275 238 273 238 272 238 241 248 242 281 242 297 381 289 596 289 620 293 633 296 634 296 635 296 637 296 639 293 649 289 849 292 1119 295 1120 295 1122 295 1136 288 1138 288 1146 295 1147 295 1149 295 1150 296 1250 296 1250 295 1251 295 1273 287 1273 278 1270 248 1218 248 1207 240 1207 240"/></Shape>
	    <String CONTENT="pleine de toutes ſortes de raiſons diuines &amp; hu¬"
                    HPOS="241.0"
                    VPOS="238.0"
                    WIDTH="1032.0"
                    HEIGHT="59.0"
                    WC="0.9905366115272045"></String>
          </TextLine>
          <TextLine ID="line_4"
                    TAGREFS="LT8"
                    BASELINE="241 340 1275 340" 
                    HPOS="241.0"
                    VPOS="297.0"
                    WIDTH="1034.0"
                    HEIGHT="63.0">
            <Shape><Polygon POINTS="241 340 241 349 253 356 254 356 255 356 383 351 401 359 403 359 404 359 405 359 442 349 573 349 590 359 592 359 593 359 668 349 799 349 821 359 822 359 823 359 919 349 987 359 988 359 1038 352 1128 359 1130 359 1131 359 1147 351 1160 359 1161 359 1162 359 1164 360 1218 360 1218 359 1275 348 1275 340 1275 307 1258 297 1256 297 1255 297 1254 297 1229 308 1097 308 1078 299 1077 299 1075 299 1074 299 1072 299 1062 307 1040 297 1038 297 1037 297 1036 297 1010 304 966 297 965 297 964 297 962 297 950 308 897 308 876 297 875 297 874 297 826 307 738 306 729 297 728 297 727 297 725 297 668 306 633 297 631 297 630 297 570 307 426 297 424 297 423 297 422 297 409 308 358 308 319 297 318 297 317 297 315 297 314 297 298 308 241 308 241 340"/></Shape>
	    <String CONTENT="maines, &amp; de moyẽs encore plus amples propres"
                    HPOS="241.0"
                    VPOS="297.0"
                    WIDTH="1034.0"
                    HEIGHT="63.0"
                    WC="0.9804468336312667"></String>
          </TextLine>
          <TextLine ID="line_5"
                    TAGREFS="LT8"
                    BASELINE="241 395 1275 400" 
                    HPOS="239.0"
                    VPOS="351.0"
                    WIDTH="1036.0"
                    HEIGHT="65.0">
            <Shape><Polygon POINTS="241 395 239 405 250 413 251 413 253 413 254 413 431 406 477 413 479 413 540 406 614 413 615 413 909 408 930 408 931 408 959 416 961 416 962 416 1274 409 1275 400 1274 360 1247 353 1245 353 1244 353 1228 360 1215 364 1206 359 1195 353 1194 353 1192 353 1191 353 1190 353 1181 359 1173 364 1162 359 1149 353 1147 353 1146 353 1145 353 1127 359 1116 363 1105 359 1090 353 1089 353 1087 353 1086 353 1085 353 1078 359 1070 365 1022 365 989 359 955 353 954 353 953 353 942 359 931 364 923 359 913 352 912 352 910 352 909 352 908 352 882 359 864 363 860 359 852 352 851 352 849 352 848 352 846 352 825 359 818 360 799 359 739 352 738 352 736 352 735 352 727 359 720 364 644 364 629 357 618 355 616 355 615 355 614 355 603 357 585 363 479 363 472 357 464 351 462 351 461 351 460 351 458 351 435 357 427 360 423 357 415 351 413 351 412 351 364 351 363 351 362 351 360 351 352 357 347 361 340 357 328 351 326 351 325 351 324 351 309 357 299 363 276 363 269 357 261 351 260 351 258 351 257 351 255 351 241 356 241 395"/></Shape>
	    <String CONTENT="à eſtablir la paix: &amp; ainſi faicte &amp; ſignee ils la bail"
                    HPOS="239.0"
                    VPOS="351.0"
                    WIDTH="1036.0"
                    HEIGHT="65.0"
                    WC="0.9844067618250847"></String>
          </TextLine>
          <TextLine ID="line_6"
                    TAGREFS="LT8"
                    BASELINE="238 458 1277 455" 
                    HPOS="236.0"
                    VPOS="412.0"
                    WIDTH="1041.0"
                    HEIGHT="65.0">
            <Shape><Polygon POINTS="238 458 238 468 577 468 590 476 592 476 593 476 595 477 635 477 635 476 717 468 752 476 754 476 755 476 812 466 816 466 995 466 1038 474 1040 474 1094 468 1258 474 1259 474 1260 474 1262 474 1277 465 1277 455 1275 421 1263 412 1262 412 1260 412 1259 412 1258 412 1225 423 1171 412 1169 412 1168 412 1166 412 1153 423 1079 414 1078 414 1077 414 1055 423 1040 412 1038 412 1037 412 1036 412 1034 412 1002 423 1002 424 902 424 902 423 844 412 842 412 841 412 818 424 757 424 754 424 740 413 739 413 738 413 736 413 672 424 664 424 562 424 555 424 543 413 541 413 540 413 539 413 476 423 378 413 377 413 375 413 348 424 340 424 284 424 281 424 247 413 246 413 245 413 243 413 242 413 242 414 236 419 238 458"/></Shape>
	    <String CONTENT="lerent à leur Roy pour la preſenter au tyran. Mais"
                    HPOS="236.0"
                    VPOS="412.0"
                    WIDTH="1041.0"
                    HEIGHT="65.0"
                    WC="0.9918817223287096"></String>
          </TextLine>
          <TextLine ID="line_7"
                    TAGREFS="LT8"
                    BASELINE="239 517 1275 514" 
                    HPOS="238.0"
                    VPOS="476.0"
                    WIDTH="1037.0"
                    HEIGHT="58.0">
            <Shape><Polygon POINTS="239 517 239 526 388 533 389 533 390 533 407 526 409 526 412 526 433 533 434 533 435 534 435 533 437 533 458 526 461 526 1274 526 1275 514 1273 487 988 487 981 484 950 476 949 476 947 476 883 484 864 485 845 482 792 476 791 476 743 482 729 484 691 482 645 480 644 480 642 480 641 480 639 481 631 487 238 480 239 517"/></Shape>
	    <String CONTENT="à ce qu’on m’a fait entendre, on les renuoya tous"
                    HPOS="238.0"
                    VPOS="476.0"
                    WIDTH="1037.0"
                    HEIGHT="58.0"
                    WC="0.9860754477977752"></String>
          </TextLine>
          <TextLine ID="line_8"
                    TAGREFS="LT8"
                    BASELINE="241 576 1274 572" 
                    HPOS="239.0"
                    VPOS="530.0"
                    WIDTH="1035.0"
                    HEIGHT="63.0">
            <Shape><Polygon POINTS="241 576 241 585 531 585 574 593 575 593 646 583 653 583 669 583 829 591 830 591 920 582 931 582 964 582 1245 590 1247 590 1248 590 1274 580 1274 572 1271 542 1215 531 1214 531 1213 531 1195 541 1194 542 1017 542 1015 541 1003 530 1002 530 1000 530 962 530 961 530 959 530 934 540 925 544 823 544 819 540 810 531 808 531 807 531 777 531 776 531 774 531 773 531 765 540 759 542 703 538 652 536 650 536 607 538 526 544 516 538 506 533 505 533 449 533 447 533 446 533 437 537 423 545 349 545 339 537 334 533 333 533 332 533 330 533 239 536 241 576"/></Shape>
	    <String CONTENT="à Mets: où le tyran auec ſa cour alloit accompa¬"
                    HPOS="239.0"
                    VPOS="530.0"
                    WIDTH="1035.0"
                    HEIGHT="63.0"
                    WC="0.9689108419418335"></String>
          </TextLine>
          <TextLine ID="line_9"
                    TAGREFS="LT8"
                    BASELINE="239 634 1274 636" 
                    HPOS="238.0"
                    VPOS="589.0"
                    WIDTH="1036.0"
                    HEIGHT="59.0">
            <Shape><Polygon POINTS="239 634 238 640 272 648 273 648 1273 647 1274 636 1274 597 1266 590 1264 590 1263 590 1262 590 1260 590 1226 598 1217 590 1215 590 1214 590 1213 590 1211 590 1198 597 1180 590 1179 590 1032 590 1030 590 1029 590 1028 590 1015 600 1011 602 972 602 954 600 909 590 908 590 906 590 905 590 894 600 891 602 834 602 829 600 818 590 816 590 815 590 814 590 812 590 787 600 785 600 784 600 747 589 746 589 744 589 743 589 742 589 727 600 724 602 488 602 483 600 442 589 441 589 439 589 438 589 437 589 423 600 420 602 397 602 393 600 364 589 363 589 362 589 360 589 359 589 345 600 343 601 239 601 239 634"/></Shape>
	    <String CONTENT="gner ſon frere qui s’en alloit en ſon exih où Dieù"
                    HPOS="238.0"
                    VPOS="589.0"
                    WIDTH="1036.0"
                    HEIGHT="59.0"
                    WC="0.98145524928203"></String>
          </TextLine>
          <TextLine ID="line_10"
                    TAGREFS="LT8"
                    BASELINE="239 693 1275 693" 
                    HPOS="239.0"
                    VPOS="651.0"
                    WIDTH="1036.0"
                    HEIGHT="60.0">
            <Shape><Polygon POINTS="239 693 239 702 305 710 306 710 307 710 309 710 318 703 326 710 328 710 329 710 330 710 442 703 445 703 446 703 494 711 495 711 716 703 729 703 732 703 769 710 770 710 772 710 773 710 782 703 784 703 819 703 851 703 866 711 867 711 868 711 935 703 942 703 962 703 1130 710 1131 710 1132 710 1134 710 1142 703 1143 703 1151 703 1218 711 1220 711 1275 703 1275 693 1275 663 1136 663 1135 662 1122 651 1120 651 1119 651 1117 651 1116 651 1086 659 1056 651 1055 651 1053 651 1052 651 1034 661 1030 663 1008 663 1004 661 994 651 992 651 991 651 969 651 968 651 966 651 965 651 955 659 953 662 944 659 919 651 917 651 916 651 915 651 897 659 890 662 874 659 834 651 833 651 773 658 770 658 769 658 746 651 744 651 743 651 709 658 684 662 506 662 495 655 487 651 486 651 484 651 460 655 423 662 403 655 392 651 390 651 389 651 388 651 375 654 345 662 239 654 239 693"/></Shape>
	    <String CONTENT="la voulu ieleguer, pour le bien de chacũ de nous."
                    HPOS="239.0"
                    VPOS="651.0"
                    WIDTH="1036.0"
                    HEIGHT="60.0"
                    WC="0.9936255836486816"></String>
          </TextLine>
          <TextLine ID="line_11"
                    TAGREFS="LT8"
                    BASELINE="239 752 1273 752" 
                    HPOS="239.0"
                    VPOS="708.0"
                    WIDTH="1034.0"
                    HEIGHT="62.0">
            <Shape><Polygon POINTS="239 752 239 761 265 770 266 770 268 770 319 763 359 770 360 770 434 763 438 763 733 763 743 763 792 770 793 770 795 770 811 764 815 763 823 764 863 770 864 770 912 764 924 763 1271 764 1273 752 1273 708 1199 708 1198 708 1196 708 1195 708 1187 715 1179 708 1177 708 1176 708 1141 708 1139 708 1138 708 1135 710 1109 722 980 722 968 712 966 712 965 712 964 712 962 712 961 712 950 722 759 722 733 715 703 708 702 708 701 708 686 715 676 722 633 722 623 717 605 708 604 708 603 708 601 708 600 708 589 717 585 719 573 718 541 712 540 712 539 712 537 712 531 718 528 721 520 718 491 708 490 708 488 708 487 708 486 708 473 719 471 722 405 722 404 719 392 710 390 710 389 710 360 708 359 708 358 708 356 708 343 721 341 722 321 722 319 721 262 708 261 708 260 708 258 708 239 719 239 752"/></Shape>
	    <String CONTENT="Que Dieu doint à ces bonnes gens autant de-bic"
                    HPOS="239.0"
                    VPOS="708.0"
                    WIDTH="1034.0"
                    HEIGHT="62.0"
                    WC="0.9878935331993914"></String>
          </TextLine>
          <TextLine ID="line_12"
                    TAGREFS="LT8"
                    BASELINE="239 813 1266 810" 
                    HPOS="238.0"
                    VPOS="768.0"
                    WIDTH="1028.0"
                    HEIGHT="60.0">
            <Shape><Polygon POINTS="239 813 239 821 623 828 625 828 626 828 627 828 633 824 638 821 645 824 652 827 653 827 654 827 701 824 781 820 789 825 792 827 793 827 795 827 796 827 797 827 803 825 816 820 981 820 1077 827 1089 827 1090 827 1092 827 1093 827 1107 820 1123 827 1124 827 1126 827 1127 828 1264 828 1266 810 1264 779 1250 768 1248 768 1247 768 1245 768 1244 768 1217 780 1183 780 1160 768 1158 768 1120 768 1119 768 1117 768 1116 768 1102 779 1092 770 1090 770 1089 770 1087 770 1086 770 1068 775 1017 768 1015 768 1014 768 995 778 943 768 942 768 940 768 939 768 925 780 725 782 514 782 442 770 441 770 439 770 408 780 354 770 352 770 351 770 349 770 337 780 317 770 315 770 314 770 313 770 287 780 255 770 254 770 253 770 251 770 250 770 238 779 239 813"/></Shape>
	    <String CONTENT="&amp; de bon heur, que nous auons ſouffert demal,"
                    HPOS="238.0"
                    VPOS="768.0"
                    WIDTH="1028.0"
                    HEIGHT="60.0"
                    WC="0.9975226084391277"></String>
          </TextLine>
          <TextLine ID="line_13"
                    TAGREFS="LT8"
                    BASELINE="238 870 1270 870" 
                    HPOS="238.0"
                    VPOS="827.0"
                    WIDTH="1032.0"
                    HEIGHT="56.0">
            <Shape><Polygon POINTS="238 870 238 883 1270 883 1270 870 1270 836 1256 827 1255 827 1254 827 1229 827 1228 827 1226 827 1225 827 1213 838 1188 827 1187 827 1186 827 1184 827 1160 838 1123 827 1122 827 1120 827 1119 827 1117 827 1109 834 1101 827 1100 827 1098 827 1033 827 1032 827 1030 827 1029 827 1013 839 973 839 909 827 908 827 906 827 905 827 891 839 706 839 672 827 671 827 669 827 668 827 667 827 652 839 599 839 569 827 567 827 566 827 565 827 537 838 510 827 509 827 507 827 506 827 505 827 491 839 420 839 407 827 405 827 404 827 379 827 378 827 377 827 375 827 363 838 294 838 261 827 260 827 258 827 257 827 238 836 238 870"/></Shape>
	    <String CONTENT="de malheur &amp; de mal-encontre ſous ceſte race de"
                    HPOS="238.0"
                    VPOS="827.0"
                    WIDTH="1032.0"
                    HEIGHT="56.0"
                    WC="0.9924723442564619"></String>
          </TextLine>
          <TextLine ID="line_14"
                    TAGREFS="LT8"
                    BASELINE="245 931 422 929" 
                    HPOS="243.0"
                    VPOS="895.0"
                    WIDTH="179.0"
                    HEIGHT="53.0">
            <Shape><Polygon POINTS="245 931 245 938 284 948 285 948 287 948 288 948 296 941 378 945 379 945 422 936 422 929 419 906 255 895 254 895 253 895 251 895 251 896 243 904 245 931"/></Shape>
	    <String CONTENT="tyrans."
                    HPOS="243.0"
                    VPOS="895.0"
                    WIDTH="179.0"
                    HEIGHT="53.0"
                    WC="0.9996025477136884"></String>
          </TextLine>
        </TextBlock>
        <TextBlock HPOS="473.0"
                   VPOS="99.0"
                   WIDTH="630.0"
                   HEIGHT="60.0"
                   ID="block_2"
                   TAGREFS="BT18">
          <Shape><Polygon POINTS="1103 99 1103 159 473 159 473 99"/></Shape>
          <TextLine ID="line_1"
                    TAGREFS="LT10"
                    BASELINE="467 148 1098 142" 
                    HPOS="465.0"
                    VPOS="108.0"
                    WIDTH="633.0"
                    HEIGHT="53.0">
            <Shape><Polygon POINTS="1078 134 1064 134 1051 134 1037 134 1023 134 1010 134 996 134 983 134 969 134 955 134 942 134 928 134 915 134 901 134 887 134 874 134 860 134 846 134 833 134 819 134 806 134 792 134 778 134 765 134 751 134 738 134 724 134 710 134 697 134 683 134 669 134 656 134 642 131 641 119 638 117 630 110 630 108 629 108 627 108 626 108 588 115 465 114 467 148 467 153 491 161 492 161 494 161 536 153 539 153 548 161 550 161 551 161 552 161 625 153 638 152 642 153 656 159 657 159 659 159 701 153 709 152 710 153 720 160 721 160 723 160 724 160 725 160 747 153 751 152 757 152 789 159 791 159 792 159 816 152 823 151 831 152 855 159 856 159 857 159 859 159 871 152 875 151 882 152 908 159 909 159 910 159 947 157 949 157 950 157 950 156 955 152 958 149 966 152 988 157 989 157 991 157 1097 151 1098 142 1096 134 1092 134"/></Shape>
	    <String CONTENT="BIALO GVLAI."
                    HPOS="465.0"
                    VPOS="108.0"
                    WIDTH="633.0"
                    HEIGHT="53.0"
                    WC="0.9496142119169235"></String>
          </TextLine>
        </TextBlock>
        <TextBlock HPOS="240.0"
                   VPOS="953.0"
                   WIDTH="1038.0"
                   HEIGHT="221.0"
                   ID="eSc_textblock_7ba37cec"
                   TAGREFS="BT100008">
          <Shape><Polygon POINTS="240 953 240 1174 1278 1174 1278 953"/></Shape>
          <TextLine ID="line_15"
                    TAGREFS="LT8"
                    BASELINE="238 990 1273 987" 
                    HPOS="236.0"
                    VPOS="941.0"
                    WIDTH="1037.0"
                    HEIGHT="65.0">
            <Shape><Polygon POINTS="238 990 238 998 319 1006 321 1006 322 1006 324 1006 332 998 401 998 443 998 446 998 509 1006 510 1006 563 998 644 1006 645 1006 646 1006 680 998 752 1004 754 1004 806 997 830 1005 831 1005 833 1005 834 1005 864 997 1013 997 1199 1005 1200 1005 1202 1005 1203 1005 1213 997 1259 1004 1260 1004 1262 1004 1263 1004 1273 995 1273 987 1271 955 1245 941 1244 941 1186 941 1184 941 1183 941 1181 941 1166 955 1145 955 1004 941 1003 941 1002 941 1000 941 980 953 968 945 966 945 965 945 964 945 962 945 931 953 902 941 901 941 900 941 898 941 867 953 815 941 814 941 812 941 789 953 757 941 755 941 754 941 752 941 751 941 733 955 699 948 698 948 697 948 695 948 683 955 611 955 597 942 596 942 595 942 570 942 569 942 567 942 566 942 554 953 505 955 461 942 460 942 458 942 457 942 456 942 437 956 400 956 383 942 382 942 381 942 379 942 378 942 377 942 360 956 325 956 309 942 307 942 306 942 258 942 257 942 255 942 254 942 236 953 238 990"/></Shape>
	    <String CONTENT="L&#x27;hi. Amẽ, par ſa grace. Ie ſerois treſmarty qu’ils"
                    HPOS="236.0"
                    VPOS="941.0"
                    WIDTH="1037.0"
                    HEIGHT="65.0"
                    WC="0.9899627130765182"></String>
          </TextLine>
          <TextLine ID="line_16"
                    TAGREFS="LT8"
                    BASELINE="241 1048 1271 1046" 
                    HPOS="239.0"
                    VPOS="1002.0"
                    WIDTH="1032.0"
                    HEIGHT="56.0">
            <Shape><Polygon POINTS="241 1048 241 1058 1270 1057 1271 1046 1270 1013 1255 1002 1254 1002 1252 1002 1251 1002 1079 1013 1064 1002 1063 1002 1062 1002 1038 1002 1037 1002 1036 1002 1008 1013 991 1002 989 1002 988 1002 987 1002 985 1002 944 1013 913 1002 912 1002 910 1002 909 1002 908 1002 895 1013 804 1013 762 1002 761 1002 759 1002 758 1002 757 1002 757 1004 747 1012 723 1004 721 1004 720 1004 718 1004 697 1016 618 1016 584 1004 582 1004 581 1004 580 1004 544 1016 450 1016 419 1004 418 1004 416 1004 415 1004 413 1004 397 1014 313 1004 311 1004 310 1004 309 1004 294 1016 239 1016 241 1048"/></Shape>
	    <String CONTENT="euſſent le moindre mal de tous les uoſtres. Mais"
                    HPOS="239.0"
                    VPOS="1002.0"
                    WIDTH="1032.0"
                    HEIGHT="56.0"
                    WC="0.9950935145219167"></String>
          </TextLine>
          <TextLine ID="line_17"
                    TAGREFS="LT8"
                    BASELINE="239 1108 1266 1103" 
                    HPOS="238.0"
                    VPOS="1062.0"
                    WIDTH="1028.0"
                    HEIGHT="67.0">
            <Shape><Polygon POINTS="239 1108 239 1118 310 1118 313 1119 326 1129 328 1129 329 1129 330 1129 416 1119 428 1118 435 1119 477 1129 479 1129 480 1129 482 1129 494 1119 498 1117 540 1117 546 1119 562 1127 563 1127 565 1127 566 1127 588 1119 596 1117 641 1118 642 1119 652 1127 653 1127 654 1127 656 1127 702 1119 713 1118 725 1119 758 1123 759 1123 761 1123 762 1123 766 1119 773 1115 841 1119 887 1122 889 1122 890 1122 891 1122 894 1119 900 1115 965 1119 988 1121 989 1121 999 1119 1037 1114 1056 1119 1072 1125 1074 1125 1075 1125 1111 1119 1151 1114 1169 1119 1176 1122 1177 1122 1179 1122 1264 1119 1266 1103 1263 1074 1186 1074 1184 1073 1135 1062 1134 1062 1078 1073 1077 1073 1062 1063 1060 1063 1059 1063 1058 1063 1056 1063 1055 1063 1040 1073 1038 1073 995 1063 994 1063 939 1073 927 1076 849 1076 846 1073 836 1063 834 1063 833 1063 831 1063 773 1073 750 1076 731 1072 713 1069 712 1069 659 1072 599 1076 555 1072 521 1069 520 1069 518 1069 509 1072 492 1077 483 1072 475 1066 473 1066 472 1066 446 1066 445 1066 443 1066 442 1066 435 1072 428 1077 420 1072 412 1066 411 1066 409 1066 408 1066 407 1066 388 1072 371 1076 238 1072 239 1108"/></Shape>
	    <String CONTENT="ie te prie dy moy vn peu, eſt-ce tour ce que tu as"
                    HPOS="238.0"
                    VPOS="1062.0"
                    WIDTH="1028.0"
                    HEIGHT="67.0"
                    WC="0.9687387621402741"></String>
          </TextLine>
          <TextLine ID="line_18"
                    TAGREFS="LT8"
                    BASELINE="238 1167 1096 1160" 
                    HPOS="236.0"
                    VPOS="1123.0"
                    WIDTH="860.0"
                    HEIGHT="66.0">
            <Shape><Polygon POINTS="238 1167 238 1176 260 1187 261 1187 262 1189 317 1189 317 1187 318 1187 341 1175 586 1174 727 1185 728 1185 729 1185 758 1172 846 1179 848 1179 906 1172 917 1180 919 1180 920 1180 921 1180 923 1180 924 1180 934 1172 946 1182 947 1182 949 1182 950 1182 985 1175 1037 1182 1038 1182 1096 1168 1096 1160 1092 1127 811 1130 806 1130 776 1123 774 1123 773 1123 772 1123 772 1125 766 1130 765 1131 674 1131 668 1130 645 1125 644 1125 642 1125 641 1125 614 1131 611 1131 608 1131 575 1125 574 1125 573 1125 571 1125 563 1131 562 1133 561 1131 552 1126 551 1126 550 1126 548 1126 498 1133 490 1133 482 1133 419 1126 418 1126 416 1126 392 1133 388 1136 236 1136 238 1167"/></Shape>
	    <String CONTENT="apprins durant le temps de ton voyage?"
                    HPOS="236.0"
                    VPOS="1123.0"
                    WIDTH="860.0"
                    HEIGHT="66.0"
                    WC="0.9974374065273687"></String>
          </TextLine>
        </TextBlock>
        <TextBlock HPOS="230.0"
                   VPOS="1188.0"
                   WIDTH="1049.0"
                   HEIGHT="221.0"
                   ID="eSc_textblock_9d1ac093"
                   TAGREFS="BT100008">
          <Shape><Polygon POINTS="230 1188 230 1409 1279 1409 1279 1188"/></Shape>
          <TextLine ID="line_19"
                    TAGREFS="LT8"
                    BASELINE="241 1225 1271 1220" 
                    HPOS="239.0"
                    VPOS="1175.0"
                    WIDTH="1032.0"
                    HEIGHT="71.0">
            <Shape><Polygon POINTS="241 1225 241 1235 285 1235 299 1246 300 1246 302 1246 303 1246 356 1234 408 1234 516 1232 612 1232 614 1232 637 1240 638 1240 639 1240 686 1234 754 1244 755 1244 808 1235 872 1243 874 1243 875 1243 876 1243 890 1234 965 1234 1011 1243 1013 1243 1067 1231 1130 1229 1151 1229 1166 1236 1168 1236 1169 1236 1270 1228 1271 1220 1270 1187 1248 1175 1247 1175 1245 1175 1244 1175 1243 1175 1220 1185 1210 1176 1209 1176 1207 1176 1206 1176 1205 1176 1186 1183 1164 1175 1162 1175 1161 1175 1160 1175 1158 1175 1145 1187 1116 1179 1115 1179 1113 1179 1058 1187 1041 1176 1040 1176 1038 1176 1037 1176 1036 1176 988 1189 958 1178 957 1178 955 1178 954 1178 953 1178 938 1190 796 1190 772 1176 770 1176 769 1176 767 1176 739 1190 702 1178 701 1178 699 1178 648 1190 631 1178 630 1178 629 1178 550 1178 548 1178 547 1178 524 1190 422 1179 420 1179 419 1179 396 1191 373 1179 371 1179 370 1179 369 1179 367 1179 347 1191 268 1180 266 1180 265 1180 239 1191 241 1225"/></Shape>
	    <String CONTENT="Le pol. C’en eſt bien la plus grande partie. Mais"
                    HPOS="239.0"
                    VPOS="1175.0"
                    WIDTH="1032.0"
                    HEIGHT="71.0"
                    WC="0.9752197362938706"></String>
          </TextLine>
          <TextLine ID="line_20"
                    TAGREFS="LT8"
                    BASELINE="242 1283 1271 1278" 
                    HPOS="241.0"
                    VPOS="1239.0"
                    WIDTH="1030.0"
                    HEIGHT="67.0">
            <Shape><Polygon POINTS="242 1283 242 1293 352 1293 355 1293 396 1304 397 1304 398 1304 400 1304 401 1304 413 1293 415 1293 454 1293 456 1293 483 1304 484 1304 486 1306 536 1306 536 1304 537 1304 571 1293 599 1303 600 1303 601 1303 645 1292 649 1292 664 1292 826 1303 827 1303 829 1303 830 1303 844 1293 906 1292 923 1303 924 1303 925 1303 927 1303 928 1303 962 1291 964 1291 977 1302 979 1302 980 1302 981 1303 1038 1303 1038 1302 1040 1302 1041 1302 1059 1291 1062 1291 1126 1302 1127 1302 1128 1302 1149 1291 1150 1291 1270 1291 1271 1278 1269 1243 1225 1239 1224 1239 1222 1239 1213 1243 1202 1248 1195 1243 1191 1239 1190 1239 1188 1239 1160 1239 1158 1239 1157 1239 1156 1239 1150 1243 1143 1250 1101 1250 1085 1244 1064 1239 1063 1239 1062 1239 1060 1239 1059 1239 1051 1244 1045 1248 1018 1244 991 1242 989 1242 972 1246 958 1248 951 1246 939 1240 938 1240 936 1240 935 1240 934 1240 927 1246 924 1248 912 1246 883 1240 882 1240 880 1240 879 1240 872 1247 867 1251 619 1251 615 1250 586 1240 585 1240 584 1240 582 1240 561 1250 556 1251 541 1250 461 1242 460 1242 458 1242 457 1242 446 1251 445 1253 241 1253 242 1283"/></Shape>
	    <String CONTENT="encor y a-il quelque trait, que i’ay apprins, Dieu"
                    HPOS="241.0"
                    VPOS="1239.0"
                    WIDTH="1030.0"
                    HEIGHT="67.0"
                    WC="0.9977162456512452"></String>
          </TextLine>
          <TextLine ID="line_21"
                    TAGREFS="LT8"
                    BASELINE="241 1341 1270 1338" 
                    HPOS="239.0"
                    VPOS="1295.0"
                    WIDTH="1031.0"
                    HEIGHT="57.0">
            <Shape><Polygon POINTS="241 1341 241 1352 1269 1349 1270 1338 1269 1307 1247 1295 1245 1295 1244 1295 1243 1295 1218 1304 1171 1295 1169 1295 1168 1295 1166 1295 1151 1307 1066 1307 1041 1295 1040 1295 1038 1295 1037 1295 1036 1295 1023 1306 1004 1296 1003 1296 1002 1296 1000 1296 980 1307 923 1307 902 1296 901 1296 900 1296 898 1296 876 1306 864 1295 863 1295 861 1295 860 1295 815 1302 769 1295 767 1295 766 1295 765 1295 757 1302 733 1296 732 1296 731 1296 729 1296 728 1296 714 1308 691 1308 676 1296 675 1296 674 1296 672 1296 671 1296 650 1307 581 1296 580 1296 578 1296 548 1308 452 1308 420 1296 419 1296 418 1296 416 1296 415 1296 400 1308 369 1308 341 1296 340 1296 339 1296 337 1296 336 1296 324 1307 310 1296 309 1296 307 1296 257 1296 255 1296 254 1296 253 1296 239 1306 241 1341"/></Shape>
	    <String CONTENT="ſoit loué, qui te ſeruira à l&#x27;hiſtoire: &amp; à monſtrer"
                    HPOS="239.0"
                    VPOS="1295.0"
                    WIDTH="1031.0"
                    HEIGHT="57.0"
                    WC="0.9772947105494413"></String>
          </TextLine>
          <TextLine ID="line_22"
                    TAGREFS="LT8"
                    BASELINE="242 1401 1146 1397" 
                    HPOS="241.0"
                    VPOS="1353.0"
                    WIDTH="905.0"
                    HEIGHT="63.0">
            <Shape><Polygon POINTS="242 1401 242 1410 806 1416 807 1416 808 1416 810 1416 819 1409 861 1414 863 1414 864 1414 866 1414 874 1408 875 1408 983 1408 984 1408 994 1414 995 1414 996 1414 998 1414 999 1414 1014 1408 1015 1408 1126 1414 1127 1414 1128 1414 1146 1406 1146 1397 1143 1365 1111 1365 1098 1355 1098 1353 1097 1353 1096 1353 1094 1353 1093 1353 1064 1364 1053 1355 1053 1353 1052 1353 1051 1353 1049 1353 1048 1353 1022 1361 979 1353 977 1353 976 1353 974 1353 974 1355 962 1365 870 1365 845 1353 844 1353 842 1353 807 1355 806 1355 804 1355 789 1365 782 1359 781 1359 780 1359 778 1359 777 1359 762 1365 751 1356 751 1355 750 1355 748 1355 747 1355 746 1355 706 1365 674 1359 672 1359 629 1365 604 1355 603 1355 563 1355 562 1355 561 1355 559 1355 539 1367 509 1356 507 1356 506 1356 505 1356 467 1368 369 1368 343 1356 341 1356 340 1356 339 1356 302 1367 265 1356 264 1356 262 1356 261 1356 260 1356 241 1365 242 1401"/></Shape>
	    <String CONTENT="de plus en plus l’honneſteté de nos Valois."
                    HPOS="241.0"
                    VPOS="1353.0"
                    WIDTH="905.0"
                    HEIGHT="63.0"
                    WC="0.9861566532741893"></String>
          </TextLine>
        </TextBlock>
        <TextBlock HPOS="234.0"
                   VPOS="1414.0"
                   WIDTH="1045.0"
                   HEIGHT="229.0"
                   ID="eSc_textblock_be1e1d4a"
                   TAGREFS="BT100008">
          <Shape><Polygon POINTS="234 1414 234 1643 1279 1643 1279 1414"/></Shape>
          <TextLine ID="line_23"
                    TAGREFS="LT8"
                    BASELINE="241 1459 1271 1454" 
                    HPOS="239.0"
                    VPOS="1414.0"
                    WIDTH="1032.0"
                    HEIGHT="66.0">
            <Shape><Polygon POINTS="241 1459 241 1470 431 1470 433 1470 484 1480 486 1480 487 1480 520 1469 521 1469 524 1469 548 1478 550 1478 551 1478 552 1478 584 1469 585 1469 588 1469 618 1478 619 1478 620 1480 712 1480 712 1478 713 1478 714 1478 725 1469 754 1474 755 1474 757 1474 769 1468 772 1468 829 1468 830 1468 860 1477 861 1477 863 1477 934 1469 965 1477 966 1477 968 1477 1013 1468 1214 1476 1215 1476 1217 1476 1218 1476 1230 1466 1245 1474 1247 1474 1248 1474 1250 1474 1271 1465 1271 1454 1270 1425 1248 1414 1247 1414 1245 1414 1244 1414 1218 1424 1169 1417 1168 1417 1123 1424 1112 1416 1111 1416 1109 1416 1108 1416 1041 1424 1021 1416 1019 1416 1018 1416 1017 1416 1015 1416 1015 1417 1007 1424 981 1416 980 1416 979 1416 977 1416 976 1416 964 1425 826 1425 814 1416 812 1416 811 1416 810 1416 808 1416 774 1425 751 1417 750 1417 748 1417 710 1424 686 1417 684 1417 683 1417 682 1417 680 1417 668 1428 550 1428 511 1417 510 1417 509 1417 460 1429 405 1429 386 1419 385 1419 383 1419 332 1428 318 1419 317 1419 315 1419 254 1419 253 1419 251 1419 250 1419 239 1425 241 1459"/></Shape>
	    <String CONTENT="L’hi. Ie te prie, amy, dy le donques, &amp; ne erain pas"
                    HPOS="239.0"
                    VPOS="1414.0"
                    WIDTH="1032.0"
                    HEIGHT="66.0"
                    WC="0.9835487993863913"></String>
          </TextLine>
          <TextLine ID="line_24"
                    TAGREFS="LT8"
                    BASELINE="242 1519 1273 1514" 
                    HPOS="241.0"
                    VPOS="1473.0"
                    WIDTH="1032.0"
                    HEIGHT="60.0">
            <Shape><Polygon POINTS="242 1519 242 1530 642 1526 659 1526 744 1533 746 1533 781 1526 787 1525 800 1525 887 1531 889 1531 890 1531 913 1525 983 1531 984 1531 985 1531 987 1531 996 1525 1096 1530 1097 1530 1098 1530 1100 1530 1109 1523 1256 1530 1258 1530 1259 1530 1260 1530 1273 1522 1273 1514 1269 1473 1220 1485 1187 1485 1168 1474 1165 1473 1164 1473 1162 1473 1161 1473 1160 1473 1158 1474 1146 1484 1130 1477 1128 1477 1127 1477 1126 1477 1109 1484 1100 1476 1098 1476 1097 1476 1096 1476 1092 1476 1044 1484 1026 1477 1015 1473 1014 1473 1013 1473 1011 1473 1010 1473 1003 1477 988 1487 875 1487 849 1480 822 1474 821 1474 819 1474 802 1481 789 1485 755 1483 721 1478 720 1478 718 1478 717 1478 710 1483 708 1485 705 1483 699 1478 698 1478 697 1478 695 1478 694 1478 693 1478 687 1483 684 1485 678 1484 652 1476 650 1476 649 1476 648 1476 646 1476 637 1484 633 1487 608 1484 518 1476 517 1476 516 1476 514 1476 501 1487 499 1488 456 1488 453 1488 431 1477 430 1477 400 1477 398 1477 397 1477 396 1477 382 1488 344 1477 343 1477 341 1477 340 1477 307 1485 251 1481 250 1481 249 1481 247 1481 241 1485 242 1519"/></Shape>
	    <String CONTENT="que ie le cache. Leurs actes ont bien merité"
                    HPOS="241.0"
                    VPOS="1473.0"
                    WIDTH="1032.0"
                    HEIGHT="60.0"
                    WC="0.9856614920828077"></String>
          </TextLine>
          <TextLine ID="line_25"
                    TAGREFS="LT8"
                    BASELINE="245 1576 1271 1572" 
                    HPOS="243.0"
                    VPOS="1530.0"
                    WIDTH="1028.0"
                    HEIGHT="61.0">
            <Shape><Polygon POINTS="245 1576 245 1591 1270 1583 1271 1572 1270 1542 1251 1530 1250 1530 1248 1530 1247 1530 1245 1530 1218 1540 1183 1530 1181 1530 1180 1530 1179 1530 1141 1542 1107 1531 1105 1531 1104 1531 1102 1531 1086 1538 1066 1530 1064 1530 1063 1530 1062 1530 1025 1541 1011 1530 1010 1530 1008 1530 928 1530 927 1530 925 1530 879 1544 747 1544 716 1531 714 1531 713 1531 712 1531 686 1545 578 1545 543 1533 541 1533 540 1533 539 1533 537 1533 524 1545 409 1545 397 1538 396 1538 394 1538 393 1538 341 1545 303 1533 302 1533 300 1533 299 1533 298 1533 285 1544 243 1546 245 1576"/></Shape>
	    <String CONTENT="qu’on n’attende apres leur mort à dire leur vilai¬"
                    HPOS="243.0"
                    VPOS="1530.0"
                    WIDTH="1028.0"
                    HEIGHT="61.0"
                    WC="0.996496297565161"></String>
          </TextLine>
          <TextLine ID="line_26"
                    TAGREFS="LT8"
                    BASELINE="239 1636 390 1632" 
                    HPOS="238.0"
                    VPOS="1593.0"
                    WIDTH="152.0"
                    HEIGHT="57.0">
            <Shape><Polygon POINTS="239 1636 239 1646 339 1650 340 1650 389 1642 390 1632 388 1605 329 1593 328 1593 326 1593 302 1605 284 1598 283 1598 281 1598 238 1608 239 1636"/></Shape>
	    <String CONTENT="ne vie."
                    HPOS="238.0"
                    VPOS="1593.0"
                    WIDTH="152.0"
                    HEIGHT="57.0"
                    WC="0.9997555017471313"></String>
          </TextLine>
        </TextBlock>
        <TextBlock HPOS="241.0"
                   VPOS="1649.0"
                   WIDTH="1046.0"
                   HEIGHT="424.0"
                   ID="block_1"
                   TAGREFS="BT100008">
          <Shape><Polygon POINTS="1287 1649 1287 2062 241 2073 241 1649"/></Shape>
          <TextLine ID="line_27"
                    TAGREFS="LT8"
                    BASELINE="241 1695 1274 1691" 
                    HPOS="239.0"
                    VPOS="1646.0"
                    WIDTH="1035.0"
                    HEIGHT="68.0">
            <Shape><Polygon POINTS="241 1695 241 1702 287 1712 288 1714 332 1714 332 1712 333 1712 351 1703 623 1711 625 1711 626 1711 645 1702 654 1708 656 1708 657 1708 659 1708 728 1702 780 1710 781 1710 782 1710 784 1710 795 1702 804 1708 806 1708 807 1708 808 1708 875 1702 927 1710 928 1710 930 1710 931 1710 940 1702 994 1710 995 1710 1049 1700 1191 1710 1192 1710 1194 1710 1195 1710 1207 1700 1262 1707 1263 1707 1264 1707 1266 1707 1274 1699 1274 1691 1271 1646 1202 1646 1200 1646 1199 1646 1198 1646 1175 1658 1107 1657 1093 1648 1087 1646 1086 1646 1085 1646 1071 1648 1033 1658 1019 1651 1018 1651 1017 1651 957 1658 944 1651 939 1647 938 1647 936 1647 935 1647 934 1647 920 1651 909 1655 898 1651 885 1647 883 1647 882 1647 880 1647 879 1647 874 1653 863 1661 808 1661 788 1654 765 1647 763 1647 762 1647 761 1647 759 1647 751 1654 746 1659 691 1659 683 1655 664 1647 663 1647 661 1647 660 1647 659 1647 648 1657 642 1661 563 1662 528 1662 524 1658 511 1648 510 1648 509 1648 480 1648 479 1648 477 1648 476 1648 457 1659 456 1661 454 1659 433 1648 431 1648 364 1648 363 1648 362 1648 360 1648 345 1661 290 1661 261 1648 260 1648 258 1648 257 1648 255 1648 239 1659 241 1695"/></Shape>
	    <String CONTENT="Le pol. Tu dis vray: &amp; c’eſt vne hõte, au lieu qu’vn"
                    HPOS="239.0"
                    VPOS="1646.0"
                    WIDTH="1035.0"
                    HEIGHT="68.0"
                    WC="0.9759214497962088"></String>
          </TextLine>
          <TextLine ID="line_28"
                    TAGREFS="LT8"
                    BASELINE="242 1752 1273 1748" 
                    HPOS="241.0"
                    VPOS="1704.0"
                    WIDTH="1032.0"
                    HEIGHT="63.0">
            <Shape><Polygon POINTS="242 1752 242 1761 925 1767 927 1767 928 1767 953 1760 1233 1766 1235 1766 1273 1757 1273 1748 1271 1718 1236 1704 1235 1704 1203 1704 1202 1704 1200 1704 1199 1704 1187 1714 1176 1706 1175 1706 1173 1706 1102 1704 1101 1704 1100 1704 1071 1717 1058 1710 1056 1710 1055 1710 1006 1717 989 1704 988 1704 987 1704 985 1704 984 1704 957 1712 934 1704 932 1704 931 1704 930 1704 928 1704 912 1719 886 1719 870 1706 868 1706 867 1706 866 1706 864 1706 834 1719 713 1719 698 1706 697 1706 695 1706 694 1706 693 1706 664 1715 639 1706 638 1706 637 1706 635 1706 634 1706 620 1718 574 1707 573 1707 571 1707 570 1707 556 1719 535 1719 520 1707 518 1707 517 1707 494 1707 492 1707 491 1707 490 1707 475 1721 456 1721 430 1707 428 1707 427 1707 426 1707 424 1707 409 1721 307 1721 276 1707 275 1707 273 1707 272 1707 241 1719 242 1752"/></Shape>
	    <String CONTENT="chacun deuſt crier à l’eau, au feu, à l’arme, à l’aide"
                    HPOS="241.0"
                    VPOS="1704.0"
                    WIDTH="1032.0"
                    HEIGHT="63.0"
                    WC="0.993564836811601"></String>
          </TextLine>
          <TextLine ID="line_29"
                    TAGREFS="LT8"
                    BASELINE="243 1812 1271 1806" 
                    HPOS="242.0"
                    VPOS="1768.0"
                    WIDTH="1029.0"
                    HEIGHT="61.0">
            <Shape><Polygon POINTS="243 1812 243 1823 472 1823 495 1829 497 1829 498 1829 499 1829 501 1829 501 1828 507 1821 509 1821 533 1821 689 1828 690 1828 1270 1817 1271 1806 1269 1779 1111 1779 1097 1770 1096 1770 1094 1770 1093 1770 1092 1770 1090 1770 1081 1776 1014 1768 1013 1768 947 1779 714 1771 713 1771 712 1771 710 1771 694 1782 603 1782 586 1771 585 1771 584 1771 531 1771 529 1771 468 1782 337 1775 336 1775 242 1783 243 1812"/></Shape>
	    <String CONTENT="contre ces traiſtres malheureux, qu’il s’en trouue"
                    HPOS="242.0"
                    VPOS="1768.0"
                    WIDTH="1029.0"
                    HEIGHT="61.0"
                    WC="0.9908189916610718"></String>
          </TextLine>
          <TextLine ID="line_30"
                    TAGREFS="LT8"
                    BASELINE="243 1870 1270 1865" 
                    HPOS="242.0"
                    VPOS="1825.0"
                    WIDTH="1028.0"
                    HEIGHT="63.0">
            <Shape><Polygon POINTS="243 1870 243 1881 639 1881 679 1888 680 1888 720 1880 721 1880 754 1885 755 1885 757 1885 758 1885 765 1878 766 1878 781 1878 871 1885 872 1885 874 1885 886 1878 894 1885 895 1885 897 1885 898 1885 977 1878 979 1878 980 1878 1011 1885 1013 1885 1079 1877 1085 1877 1086 1877 1097 1885 1098 1885 1100 1885 1101 1885 1160 1878 1258 1885 1259 1885 1260 1885 1262 1885 1270 1877 1270 1865 1269 1835 1259 1827 1258 1827 1256 1827 1255 1827 1199 1835 1179 1827 1177 1827 1176 1827 1175 1827 1145 1835 1131 1828 1130 1828 1128 1828 1059 1835 1038 1828 1037 1828 1036 1828 1034 1828 1033 1828 1022 1835 1007 1829 1006 1829 1004 1829 966 1836 955 1829 954 1829 953 1829 951 1829 950 1829 925 1836 901 1825 900 1825 898 1825 897 1825 859 1836 806 1825 804 1825 803 1825 802 1825 788 1838 731 1838 706 1827 705 1827 703 1827 702 1827 701 1827 689 1838 601 1838 588 1827 586 1827 585 1827 532 1827 531 1827 529 1827 528 1827 521 1834 501 1827 499 1827 498 1827 456 1828 454 1828 453 1828 442 1838 428 1828 427 1828 426 1828 374 1828 373 1828 371 1828 370 1828 354 1839 265 1832 264 1832 262 1832 242 1839 243 1870"/></Shape>
	    <String CONTENT="encor&#x27; de ſi laſches qui n’oſent leur tenif propos"
                    HPOS="242.0"
                    VPOS="1825.0"
                    WIDTH="1028.0"
                    HEIGHT="63.0"
                    WC="0.9731104099750518"></String>
          </TextLine>
          <TextLine ID="line_31"
                    TAGREFS="LT8"
                    BASELINE="242 1929 1271 1925" 
                    HPOS="241.0"
                    VPOS="1884.0"
                    WIDTH="1030.0"
                    HEIGHT="56.0">
            <Shape><Polygon POINTS="242 1929 242 1940 1270 1936 1271 1925 1269 1892 1229 1884 1228 1884 1226 1884 1225 1884 1213 1892 1206 1896 1180 1892 1126 1884 1124 1884 1123 1884 1096 1893 1085 1896 1074 1893 1038 1884 1037 1884 1036 1884 1034 1884 1010 1893 1008 1895 1007 1893 998 1885 996 1885 995 1885 994 1885 992 1885 969 1895 962 1897 800 1897 796 1896 772 1885 770 1885 769 1885 767 1885 766 1885 750 1896 747 1899 716 1899 713 1896 695 1885 694 1885 693 1885 668 1885 667 1885 665 1885 664 1885 650 1897 641 1897 580 1899 575 1897 544 1887 543 1887 487 1887 486 1887 484 1887 483 1887 468 1899 467 1900 439 1900 437 1899 375 1887 374 1887 373 1887 371 1887 360 1896 241 1900 242 1929"/></Shape>
	    <String CONTENT="qu&#x27;en leur diſant voſtre clemence, voſtre bõnté,"
                    HPOS="241.0"
                    VPOS="1884.0"
                    WIDTH="1030.0"
                    HEIGHT="56.0"
                    WC="0.9913815248012543"></String>
          </TextLine>
          <TextLine ID="line_32"
                    TAGREFS="LT8"
                    BASELINE="247 1986 1266 1982" 
                    HPOS="246.0"
                    VPOS="1942.0"
                    WIDTH="1020.0"
                    HEIGHT="56.0">
            <Shape><Polygon POINTS="247 1986 247 1998 1264 1994 1266 1982 1263 1956 1209 1956 1196 1946 1195 1946 1194 1946 1192 1946 1138 1955 1120 1942 1119 1942 1117 1942 1077 1942 1075 1942 1074 1942 1041 1955 1022 1942 1021 1942 1019 1942 972 1942 970 1942 969 1942 968 1942 954 1955 923 1956 898 1944 897 1944 841 1944 840 1944 838 1944 837 1944 822 1957 792 1957 774 1944 773 1944 772 1944 725 1944 724 1944 723 1944 693 1956 650 1944 649 1944 648 1944 646 1944 645 1944 631 1956 584 1959 441 1959 403 1945 401 1945 400 1945 398 1945 397 1945 379 1957 310 1945 309 1945 246 1959 247 1986"/></Shape>
	    <String CONTENT="voſtre douceur, voſtre Maieſté treſchreſtienee o¬"
                    HPOS="246.0"
                    VPOS="1942.0"
                    WIDTH="1020.0"
                    HEIGHT="56.0"
                    WC="0.9961319708824158"></String>
          </TextLine>
          <TextLine ID="line_33"
                    TAGREFS="LT8"
                    BASELINE="245 2046 1300 2040" 
                    HPOS="243.0"
                    VPOS="2000.0"
                    WIDTH="1057.0"
                    HEIGHT="69.0">
            <Shape><Polygon POINTS="245 2046 245 2059 360 2069 362 2069 363 2069 385 2059 386 2059 390 2059 447 2069 449 2069 531 2059 536 2059 540 2059 612 2068 614 2068 713 2059 714 2059 770 2068 772 2068 840 2059 1034 2066 1036 2066 1097 2058 1120 2055 1297 2057 1300 2040 1297 2014 1198 2014 1179 2000 1177 2000 1176 2000 1153 2000 1151 2000 1150 2000 1123 2014 1085 2014 1063 2000 1062 2000 1060 2000 1059 2000 1058 2000 1029 2014 944 2014 928 2001 927 2001 925 2001 924 2001 923 2001 895 2013 880 2001 879 2001 878 2001 830 2001 829 2001 827 2001 826 2001 808 2014 776 2014 761 2002 759 2002 758 2002 757 2002 755 2002 724 2013 712 2002 710 2002 709 2002 669 2002 668 2002 667 2002 665 2002 642 2017 584 2017 569 2006 567 2006 566 2006 565 2006 563 2006 541 2013 513 2002 511 2002 510 2002 509 2002 507 2002 491 2013 479 2004 477 2004 476 2004 377 2004 375 2004 374 2004 351 2014 258 2012 257 2012 255 2012 243 2017 245 2046"/></Shape>
	    <String CONTENT="res qu’ils ſachent qu’il n’y a ſchelmes plus vilains¬"
                    HPOS="243.0"
                    VPOS="2000.0"
                    WIDTH="1057.0"
                    HEIGHT="69.0"
                    WC="0.9870760193410909"></String>
          </TextLine>
        </TextBlock>
        <TextBlock HPOS="1175.0"
                   VPOS="2073.0"
                   WIDTH="90.0"
                   HEIGHT="56.0"
                   ID="block_0"
                   TAGREFS="BT17">
          <Shape><Polygon POINTS="1265 2073 1265 2129 1175 2129 1175 2073"/></Shape>
          <TextLine ID="line_34"
                    TAGREFS="LT8"
                    BASELINE="1177 2103 1262 2103" 
                    HPOS="1177.0"
                    VPOS="2073.0"
                    WIDTH="85.0"
                    HEIGHT="60.0">
            <Shape><Polygon POINTS="1177 2103 1177 2123 1184 2130 1184 2131 1186 2131 1187 2131 1188 2133 1210 2133 1210 2131 1211 2131 1213 2131 1213 2130 1225 2118 1262 2115 1262 2103 1262 2073 1177 2073 1177 2103"/></Shape>
	    <String CONTENT="que"
                    HPOS="1177.0"
                    VPOS="2073.0"
                    WIDTH="85.0"
                    HEIGHT="60.0"
                    WC="0.9999010364214579"></String>
          </TextLine>
        </TextBlock>
        <TextBlock HPOS="892.0"
                   VPOS="2312.0"
                   WIDTH="312.0"
                   HEIGHT="97.0"
                   ID="eSc_textblock_bca73109"
                   TAGREFS="BT9">
          <Shape><Polygon POINTS="896 2313 892 2409 1204 2405 1204 2312"/></Shape>
        </TextBlock>
      </PrintSpace>
    </Page>
  </Layout>
</alto>
