1473 2429
281.0 78.0 65.0 65.0 76

271.0 152.0 1039.0 59.0 ie te prie de traiter vn peu clerement ceſte matie¬

270.0 213.0 679.0 59.0 re:elle n’eſt pas hors de propos.

271.0 268.0 687.0 62.0 Le pol. Ie le veux bien: Eſcoute.

330.0 326.0 979.0 57.0 Premierement il faut eſtablit ceſte maxime:

271.0 384.0 1042.0 66.0 qu’il n’y a qu’vn ſeul Empire infiny: ſcauoir, ce¬

271.0 445.0 1046.0 63.0 luy de Dieu tout puiſſant, & par conſequent que

271.0 504.0 1048.0 65.0 la puiſſance de quelque magiſtrat & Prince que ce

272.0 560.0 1044.0 59.0 ſoit eſt encloſe dans certaines limites & barrie¬

270.0 619.0 1047.0 65.0 res,hors deſquelles le Prince ne doit ſortir, ny le

270.0 681.0 1047.0 59.0 ſuiet, s’il les outrepaſſe, luy obeir: autrement ce

271.0 735.0 1042.0 67.0 ſeroit eſgalet l’Empire du Magiſtrat à celuy de

272.0 793.0 1037.0 65.0 Dieu ſouuerain: blaſpheme par trop horrible ſeu

271.0 854.0 1046.0 67.0 lement à le penſer. Car quoy que le Magiſtrat re

272.0 913.0 1041.0 68.0 preſente l’image de Dieu, ſi ſe faut-il ſouuenir

271.0 972.0 1035.0 67.0 de ce que Dieu a dit par ſon Prophete: Ie ne dõ¬

270.0 1032.0 1047.0 70.0 neray pas ma gloire à vn autre. Les magiſtrats dõ

271.0 1091.0 1038.0 65.0 ques ſont eſtablis de Dieu, non afin qu’en parta¬

272.0 1148.0 1047.0 66.0 geant auec ſa Maieſté ils ſe reſeruent partie de la

274.0 1207.0 1043.0 66.0 gloire: ains aſin que cõme Miniſtres & ſeruiteurs

272.0 1268.0 1047.0 63.0 du Seigneur ils raportent entierement à leur mai

272.0 1330.0 713.0 55.0 ſtre toute gloire & tout honneur.

549 80 547 61 DIALOGVE II.

330.0 1380.0 987.0 66.0 Les Magiſtrats, s’ils n’auiſent de pres à leur de

272.0 1443.0 1048.0 65.0 uoir, peuuẽt commettre des fautes bien lourdes:

271.0 1500.0 1048.0 66.0 ſoit en commandant ce qui repugne à la premie¬

270.0 1559.0 1050.0 67.0 re table de la loy de Dieu: ou en deffendant, ce

271.0 1617.0 1048.0 63.0 qui eſt commandé par la premiere table: Tels cõ

274.0 1678.0 1046.0 60.0 mandemens & deffenſes ſont prophanes & con¬

272.0 1735.0 1049.0 63.0 tre toute pieté. Ils offenſent auſsi contre la ſecõ¬

274.0 1794.0 1047.0 68.0 de table, quand ils commandent ce qui ne ſe peut

274.0 1873.0 1045.0 43.0 obſéruer ſans vſoſer la charſte deue au prochai¬

274.0 1912.0 1049.0 66.0 ou deffendent de faire les choſes leſquelles nous

276.0 1968.0 1052.0 73.0 ne pouuons delaiſſer ſans violer celle charité qui

1200.0 2037.0 125.0 45.0 nous
