1023 1853
207.0 56.0 451.0 56.0 FRANCOISE.

743.0 58.0 48.0 57.0 75

33.0 140.0 763.0 36.0 nant l’accord fait entre eux, qu’il ſe conten¬

33.0 165.0 762.0 62.0 teroit de viure en perſonne priuee, ſans pre¬

35.0 219.0 763.0 59.0 tendre aucune part au Royaume paternel.

36.0 263.0 764.0 64.0 Item au 61. chap.il recite, que Pepin donna

37.0 309.0 764.0 67.0 à ſon frere Grifon douze contez pour ſon

39.0 362.0 761.0 67.0 partage, comme aux Ducs. Et à cela ſe rap¬

43.0 411.0 761.0 66.0 porte bien ce que Greg. de Tours eſcrit au

46.0 461.0 756.0 65.0 7. liure chap.32. Gondebaud enuoya, dit-il,

41.0 510.0 761.0 63.0 deux ambaſſadeurs au Roy, auec des verges

41.0 562.0 763.0 63.0 conſacrees, ſuyuant vne anciene ceremonie

45.0 607.0 762.0 66.0 des Frãçois, aſin que perſonne n’y touchaſt.

45.0 653.0 762.0 72.0 Et vn peu apres: Gõdebaud dit, qu’il eſt fils

45.0 706.0 763.0 65.0 du feu Roy Clotaire voſtre pere, & nous à

47.0 755.0 760.0 67.0 enuoyez icy, à fin d’eſtre inueſty de la por¬

47.0 807.0 764.0 63.0 tion du Royaume qui luy eſchet. Mais pour

48.0 855.0 764.0 63.0 reuenir à la principale queſtion qui a eſté

48.0 903.0 766.0 65.0 miſe en auant, touchant la ſucceſsion de la

49.0 958.0 766.0 60.0 couronne, ie ne trouue point, qu’il y ait eu

50.0 1002.0 766.0 64.0 de certaine loy faite en France ſur ce poinct

50.0 1053.0 765.0 63.0 là: attendu, comme i’ay monſtré, qu’elle n’e¬

51.0 1102.0 765.0 67.0 ſtoit pas hereditaire. Quant aux heritaiges

52.0 1156.0 763.0 60.0 nobles, que nous appellons fiefs Otton Fri.

53.0 1204.0 764.0 62.0 liu. Frid.2.chap.29. eſcrit. Que la couſtume

52.0 1252.0 768.0 65.0 eſtoit telle en Bourgõgne obſeruee preſque

54.0 1304.0 765.0 61.0 en toutes les prouinces de la Gaule, Que

55.0 1350.0 768.0 63.0 touſiours le frere aiſné, & ſes enfans, fuſſent

56.0 1402.0 768.0 63.0 maſles ou femelles, euſſent la prerogatiue &

58.0 1450.0 767.0 63.0 la meilleure part, en la ſucceſsion paternel¬

59.0 1497.0 766.0 78.0 le: & que les plus ieunes le reſpectaſsẽt com
