1023 1853
32.0 128.0 763.0 42.0 apres Lothaire 7. Roy, endiron l'an 63o. (ain

30.0 152.0 766.0 69.0 ſi que recitent Otton Friſing. Chr.5.ch.9.&

31.0 201.0 764.0 65.0 God. de Viterb.) le Roy Dagobert, fils de

31.0 254.0 763.0 64.0 Lothaire, regna ſeul en France, mais il re¬

30.0 301.0 765.0 67.0 compenſa ſon frere Heribert, de quelques

32.0 351.0 764.0 67.0 villes & bourgades, qu’il luy donna aupres

31.0 400.0 765.0 64.0 de Loire. Car depuis le grand Clouis, iuſ¬

33.0 450.0 765.0 65.0 ques à ce temps-là, le Royaume auoit eſté

33.0 500.0 766.0 64.0 tãt de fois party & reparty entre les enfans,

32.0 547.0 765.0 63.0 & les enfans des enfans, & diuiſé en ſi me¬

33.0 600.0 763.0 63.0 nues parcelles, que les droits du domaine,

32.0 653.0 768.0 60.0 & le gouuernement en eſtoyent aucunemẽt

32.0 696.0 769.0 59.0 demeurez embrouillez & confus. Mais lors

36.0 746.0 764.0 68.0 Dagobert fut ſeul regnant vniuerſellement

33.0 795.0 765.0 67.0 ſur tout le Royaume de France, qui s’eſten¬

35.0 845.0 765.0 68.0 doit depuis l’Heſpaigne, iuſques en Hõgrie,

33.0 897.0 768.0 61.0 & donna loy à ceux de Bauiere. Voila ce

36.0 942.0 763.0 69.0 qu’en dit Godefroy, à bonne raiſon, & ſuy¬

35.0 996.0 765.0 63.0 uant le iugement de pluſieurs per ſonnages

35.0 1045.0 767.0 61.0 de bon entẽdement. Car (comme dit Iuſtin

36.0 1094.0 764.0 62.0 en ſon 21.liu.) vn Royaume ſera touſiours

38.0 1146.0 763.0 65.0 plus puiſſant, s’il demeure ſous le gouuer¬

33.0 1197.0 768.0 58.0 nement d’vn ſeul, que s’il eſt couppé par pie

35.0 1244.0 769.0 62.0 ces, & diuiſé entre pluſieurs freres. Mais tou

36.0 1294.0 764.0 63.0 tefois, apres la ſucceſsion de quelques an¬

35.0 1344.0 766.0 63.0 nees, lors que le Royaume de France com¬

37.0 1393.0 762.0 65.0 prenoit de bien grandes & ſpacieuſes pro¬

36.0 1444.0 766.0 58.0 uinces, & qu’il fut queſtion de prouuoir aux

36.0 1491.0 770.0 69.0 enfans du feu Roy Pepin, les eſtats ſuyuirẽt

183 49 433 59 FRANCOISE.

741.0 52.0 41.0 58.0 77
