1023 1853
235.0 57.0 48.0 57.0 78

358.0 40.0 493.0 62.0 DE LA GAVLE

224.0 130.0 757.0 33.0 vn autre aduis: ce qui ſert encorc pour

220.0 156.0 763.0 60.0 mieux aſſeurer & donner pied ferme à ce

223.0 206.0 760.0 60.0 que nous auons conclu cy deſſus, à ſcauoir

221.0 255.0 762.0 63.0 qu’il n’appartenoit à autre, qu’à l’aſſemblee

220.0 301.0 763.0 62.0 des eſtats, de decider de ce droit de ſucceſ¬

219.0 351.0 764.0 63.0 ſion Royale. Car (ainſi comme le raconte

219.0 402.0 762.0 63.0 Eguinard, en la vie de Charlemaigne) Les

219.0 451.0 764.0 61.0 François aſſemblerent ſolennellement les

217.0 504.0 765.0 60.0 eſtats, apres le deces de Pepin: & là eſtabli¬

218.0 550.0 764.0 61.0 rent ſes deux enfans Roys ſur eux, à la char¬

224.0 605.0 758.0 61.0 ge, qu’ils partiroyent le Royaume en deux

218.0 656.0 763.0 57.0 portions egales: & que Charles auroit le

217.0 706.0 764.0 55.0 gouuernement de celle, qu’auoit tenue leur

218.0 754.0 760.0 58.0 pere Pepin, Caroloman prendroit l’autre,

214.0 799.0 766.0 62.0 de laquelle leur oncle auoit l’adminiſtra¬

213.0 851.0 765.0 60.0 tion. Autant en dit l’Abbé d’Vrſperg en

215.0 903.0 765.0 58.0 propres termes. Apres que Charlemai¬

215.0 951.0 762.0 60.0 gne fut decedé, on garda la meſme forme,

214.0 1005.0 765.0 57.0 qu’on auoit tenue lors, ainſi qu’on peut re¬

211.0 1051.0 770.0 58.0 tirer d’vne copie de ſon teſtament, qui ſe

210.0 1100.0 768.0 58.0 trouue dedans Naucler. & du liure, qu’E¬

210.0 1149.0 770.0 63.0 guinard a compoſé de ſa vie. Car là preſque

209.0 1200.0 770.0 53.0 toute l’Europe eſt departie entre ſes en¬

208.0 1248.0 772.0 59.0 fans, par ſa derniere volonté, en telle ſorte

208.0 1298.0 771.0 60.0 cependant qu’il n’y a rien ſpecifié pour le

208.0 1350.0 770.0 58.0 mariage, ou pour la legitime portion de ſes

207.0 1400.0 771.0 56.0 filles: mais toute la puiſſance de les prou¬

208.0 1447.0 769.0 53.0 uoir, & de leur eſtablir mariage, eſt laiſſé

207.0 1494.0 768.0 66.0 à la diſcretion & à l’equité de leurs freres.

870.0 1550.0 103.0 60.0 Il fut
