1023 1853
184.0 53.0 439.0 56.0 FRANCOISE.

731.0 60.0 54.0 56.0 79

30.0 120.0 759.0 53.0 Il fut fait vn ſemblable partage en la Fran¬

31.0 161.0 758.0 59.0 ce Orientale, apres la mort de Loys, l’an

28.0 208.0 763.0 63.0 huict cens ſeptante & quatre, ainſi que teſ¬

29.0 259.0 761.0 63.0 moignent Otton Friſing. en la Chr. 6.ch.6.

29.0 308.0 763.0 66.0 & Rhegino. en la Chron. de l’an 877. Et de¬

30.0 361.0 759.0 56.0 puis encore apres la mort de Loys le Be¬

32.0 406.0 758.0 67.0 gue 23. Roy, qui fut l’an 88o. ceſte meſme

30.0 458.0 759.0 61.0 couſtume de partager eut lieu: & ſi eſt bien

29.0 506.0 758.0 62.0 aiſé à recueillir des paroles d’Aimo. au 4o.

28.0 554.0 759.0 62.0 chidus liu. que ce fut l’aſſemblee des eſtats,

32.0 607.0 758.0 59.0 qui eut ceſte authorité, & non pas les Roys

29.0 653.0 761.0 62.0 meſmes: Les fils du Roy Loys, dit-il, s’en

29.0 706.0 762.0 59.0 allerent à Amiens, & là diuiſerent entre eux

30.0 754.0 759.0 60.0 le Royaume de leur pere, ainſi comme ad¬

28.0 798.0 765.0 65.0 uiſerent leurs fideles conſeillers. Il eſt aiſé à

28.0 852.0 763.0 59.0 conclurre par les raiſons cy deſſus alle¬

27.0 899.0 759.0 71.0 guees, & ſuffiſamment debatues, qu’il n’y

26.0 954.0 759.0 60.0 auoit point ancienement de certaine loy

26.0 1002.0 762.0 62.0 ordonnee en France, touchant la ſucceſ¬

28.0 1055.0 762.0 54.0 ſion de la couronne: mais que c’eſtoit aux

27.0 1102.0 760.0 61.0 eſtats à en ordonner. Il y eut bien de¬

27.0 1150.0 763.0 65.0 puis vne ordonnance faite par Philippes

26.0 1199.0 763.0 62.0 troiſieme XLI. Roy de France: Que cer¬

26.0 1248.0 762.0 64.0 taines terres & Seigneuries, ſeroyent aſsi¬

27.0 1301.0 762.0 64.0 gnees aux puiſnez, pour Apanage. Mais ce¬

26.0 1346.0 763.0 66.0 ſte loy-là meſmes à eſté tiree en diuers ſens:

27.0 1396.0 762.0 65.0 & a produit vne infinité de differens à rai¬

27.0 1448.0 759.0 63.0 ſon des filles de France. Au moyen dequoy

27.0 1500.0 761.0 69.0 nous ne ſcaurions donner auſsi vne certaine
