<?xml version="1.0" encoding="UTF-8"?>
<alto xmlns:xsi="http://www.w3.org/2001/XMLSchema-instance"
      xmlns="http://www.loc.gov/standards/alto/ns-v4#"
      xsi:schemaLocation="http://www.loc.gov/standards/alto/ns-v4# http://www.loc.gov/standards/alto/v4/alto-4-2.xsd">
  <Description>
    <MeasurementUnit>pixel</MeasurementUnit>
    <sourceImageInformation>
      <fileName>105_f6398_default.jpg</fileName>
      <fileIdentifier>mets//0_4c28e_default.zip/105_f6398_default.jpg</fileIdentifier>
    </sourceImageInformation>
  </Description>
  <Tags>
    <OtherTag ID="BT7" LABEL="CustomZone" DESCRIPTION="block type CustomZone"/><OtherTag ID="BT8" LABEL="DamageZone" DESCRIPTION="block type DamageZone"/><OtherTag ID="BT9" LABEL="DigitizationArtefactZone" DESCRIPTION="block type DigitizationArtefactZone"/><OtherTag ID="BT10" LABEL="DropCapitalZone" DESCRIPTION="block type DropCapitalZone"/><OtherTag ID="BT11" LABEL="GraphicZone" DESCRIPTION="block type GraphicZone"/><OtherTag ID="BT12" LABEL="MainZone" DESCRIPTION="block type MainZone"/><OtherTag ID="BT13" LABEL="MarginTextZone" DESCRIPTION="block type MarginTextZone"/><OtherTag ID="BT14" LABEL="MusicZone" DESCRIPTION="block type MusicZone"/><OtherTag ID="BT15" LABEL="NumberingZone" DESCRIPTION="block type NumberingZone"/><OtherTag ID="BT17" LABEL="QuireMarksZone" DESCRIPTION="block type QuireMarksZone"/><OtherTag ID="BT18" LABEL="RunningTitleZone" DESCRIPTION="block type RunningTitleZone"/><OtherTag ID="BT19" LABEL="SealZone" DESCRIPTION="block type SealZone"/><OtherTag ID="BT20" LABEL="StampZone" DESCRIPTION="block type StampZone"/><OtherTag ID="BT21" LABEL="TableZone" DESCRIPTION="block type TableZone"/><OtherTag ID="BT22" LABEL="TitlePageZone" DESCRIPTION="block type TitlePageZone"/><OtherTag ID="BT100001" LABEL="MainZone-Head" DESCRIPTION="block type MainZone-Head"/><OtherTag ID="BT100005" LABEL="MainZone-P" DESCRIPTION="block type MainZone-P"/><OtherTag ID="BT100006" LABEL="MainZone-Continued" DESCRIPTION="block type MainZone-Continued"/><OtherTag ID="BT100002" LABEL="MainZone-Lg" DESCRIPTION="block type MainZone-Lg"/><OtherTag ID="BT100007" LABEL="MarginTextZone-ManuscriptAddendum" DESCRIPTION="block type MarginTextZone-ManuscriptAddendum"/><OtherTag ID="BT100003" LABEL="MainZone-Signature" DESCRIPTION="block type MainZone-Signature"/><OtherTag ID="BT100012" LABEL="TitlePageZone-Index" DESCRIPTION="block type TitlePageZone-Index"/>
    <OtherTag ID="LT7" LABEL="CustomLine" DESCRIPTION="line type CustomLine"/><OtherTag ID="LT8" LABEL="DefaultLine" DESCRIPTION="line type DefaultLine"/><OtherTag ID="LT9" LABEL="DropCapitalLine" DESCRIPTION="line type DropCapitalLine"/><OtherTag ID="LT10" LABEL="HeadingLine" DESCRIPTION="line type HeadingLine"/><OtherTag ID="LT11" LABEL="InterlinearLine" DESCRIPTION="line type InterlinearLine"/><OtherTag ID="LT12" LABEL="MusicLine" DESCRIPTION="line type MusicLine"/><OtherTag ID="LT766" LABEL="default" DESCRIPTION="line type default"/>
  </Tags>
  <Layout>
    <Page WIDTH="1023"
          HEIGHT="1853"
          PHYSICAL_IMG_NR="105"
          ID="eSc_dummypage_">
      <PrintSpace HPOS="0"
                  VPOS="0"
                  WIDTH="1023"
                  HEIGHT="1853">
        <TextBlock HPOS="228.0"
                   VPOS="61.0"
                   WIDTH="59.0"
                   HEIGHT="46.0"
                   ID="block_2"
                   TAGREFS="BT15">
          <Shape><Polygon POINTS="287 61 287 107 228 107 228 61"/></Shape>
          <TextLine ID="line_0"
                    TAGREFS="LT8"
                    BASELINE="229 95 295 93" 
                    HPOS="227.0"
                    VPOS="56.0"
                    WIDTH="68.0"
                    HEIGHT="55.0">
            <Shape><Polygon POINTS="280 62 268 62 258 62 248 62 237 62 236 56 227 56 229 95 229 111 273 111 273 110 274 110 295 99 295 93 293 63 283 62 280 62"/></Shape>
	    <String CONTENT="80"
                    HPOS="227.0"
                    VPOS="56.0"
                    WIDTH="68.0"
                    HEIGHT="55.0"
                    WC="0.999986469745636"></String>
          </TextLine>
        </TextBlock>
        <TextBlock HPOS="384.0"
                   VPOS="53.0"
                   WIDTH="498.0"
                   HEIGHT="51.0"
                   ID="block_5"
                   TAGREFS="BT18">
          <Shape><Polygon POINTS="882 53 882 104 384 104 384 53"/></Shape>
          <TextLine ID="line_1"
                    TAGREFS="LT10"
                    BASELINE="376 94 878 89" 
                    HPOS="374.0"
                    VPOS="55.0"
                    WIDTH="504.0"
                    HEIGHT="50.0">
            <Shape><Polygon POINTS="859 55 848 55 838 55 828 55 817 55 807 55 797 55 787 55 776 55 766 55 762 55 759 57 758 57 754 55 745 55 735 55 733 55 731 57 730 58 728 57 723 55 714 55 704 55 694 55 690 58 688 58 671 55 663 55 653 55 642 55 640 55 632 59 631 60 590 60 590 59 585 55 581 55 570 55 560 55 550 55 539 55 529 55 519 55 508 55 498 55 488 55 478 55 467 55 457 55 447 55 436 55 426 55 416 55 405 55 395 76 393 61 393 62 374 62 376 94 376 105 878 96 878 89 877 55 869 55"/></Shape>
	    <String CONTENT="DE LA GAVLE"
                    HPOS="374.0"
                    VPOS="55.0"
                    WIDTH="504.0"
                    HEIGHT="50.0"
                    WC="0.9986990310929038"></String>
          </TextLine>
        </TextBlock>
        <TextBlock HPOS="227.0"
                   VPOS="112.0"
                   WIDTH="765.0"
                   HEIGHT="361.0"
                   ID="block_0"
                   TAGREFS="BT100006">
          <Shape><Polygon POINTS="992 112 992 473 227 473 227 112"/></Shape>
          <TextLine ID="line_2"
                    TAGREFS="LT8"
                    BASELINE="228 157 987 148" 
                    HPOS="227.0"
                    VPOS="115.0"
                    WIDTH="760.0"
                    HEIGHT="57.0">
            <Shape><Polygon POINTS="938 115 928 115 917 115 907 115 903 115 896 118 840 118 836 116 833 115 825 115 814 115 804 115 794 115 786 115 777 117 774 117 771 117 763 115 753 115 742 115 732 115 722 115 718 117 713 119 707 117 699 115 691 115 680 115 670 115 669 116 661 115 660 115 650 115 639 115 632 115 629 118 626 121 554 121 550 119 543 115 536 115 526 115 516 115 505 115 495 115 485 115 474 115 464 115 454 115 444 115 433 115 423 115 413 115 408 115 227 122 228 157 228 167 310 172 311 172 312 172 326 166 329 165 336 166 363 171 364 171 365 171 366 171 372 166 373 164 485 164 486 164 500 169 501 169 502 169 503 169 521 164 564 169 565 169 566 169 590 163 591 163 592 163 634 168 635 168 636 168 654 162 658 160 742 160 747 161 775 166 776 166 777 166 791 160 792 160 802 165 803 165 804 165 904 159 918 158 919 158 931 164 932 164 933 164 987 157 987 148 984 115 947 116 942 115 938 115"/></Shape>
	    <String CONTENT="reigle là deſſus, ſinon qu’on vueillè ramener"
                    HPOS="227.0"
                    VPOS="115.0"
                    WIDTH="760.0"
                    HEIGHT="57.0"
                    WC="0.9958710873380621"></String>
          </TextLine>
          <TextLine ID="line_3"
                    TAGREFS="LT8"
                    BASELINE="227 206 990 197" 
                    HPOS="226.0"
                    VPOS="161.0"
                    WIDTH="764.0"
                    HEIGHT="59.0">
            <Shape><Polygon POINTS="227 206 227 220 990 210 990 197 987 168 960 163 959 163 864 169 858 169 857 169 839 164 838 164 837 164 811 170 809 170 807 170 782 161 781 161 734 161 733 161 732 161 706 169 691 162 690 162 689 162 619 167 612 163 611 163 610 163 609 163 608 163 589 172 588 173 563 173 561 173 547 164 546 164 544 164 543 164 542 164 524 171 466 165 465 165 464 165 445 175 429 165 428 165 427 165 395 165 394 165 393 165 392 165 377 176 376 176 374 176 352 166 351 166 314 166 313 166 312 166 290 177 289 178 226 178 227 206"/></Shape>
	    <String CONTENT="en vſage l’anciene couſtume de nos maieurs"
                    HPOS="226.0"
                    VPOS="161.0"
                    WIDTH="764.0"
                    HEIGHT="59.0"
                    WC="0.9864474691095806"></String>
          </TextLine>
          <TextLine ID="line_4"
                    TAGREFS="LT8"
                    BASELINE="227 257 990 248" 
                    HPOS="226.0"
                    VPOS="207.0"
                    WIDTH="764.0"
                    HEIGHT="62.0">
            <Shape><Polygon POINTS="227 257 227 269 395 262 469 266 478 266 479 266 482 266 505 261 555 265 563 265 564 265 578 264 661 259 990 259 990 248 986 212 863 217 819 212 779 207 778 207 753 212 715 219 706 213 702 208 701 208 700 208 677 208 676 208 675 208 674 208 669 213 660 219 638 213 628 210 627 210 626 210 524 211 523 211 522 211 518 213 504 221 470 215 469 215 468 215 454 221 432 217 431 217 393 224 349 224 330 214 328 213 327 213 326 213 325 213 322 214 310 219 226 215 227 257"/></Shape>
	    <String CONTENT="&amp; remettre la deciſion finale de tout ce"
                    HPOS="226.0"
                    VPOS="207.0"
                    WIDTH="764.0"
                    HEIGHT="62.0"
                    WC="0.9935185104608536"></String>
          </TextLine>
          <TextLine ID="line_5"
                    TAGREFS="LT8"
                    BASELINE="228 306 990 296" 
                    HPOS="227.0"
                    VPOS="254.0"
                    WIDTH="763.0"
                    HEIGHT="61.0">
            <Shape><Polygon POINTS="228 306 228 315 990 305 990 296 989 262 962 254 961 254 960 254 912 262 910 263 859 263 846 263 831 256 830 256 829 256 828 256 827 256 816 263 815 263 796 257 795 257 794 257 753 263 745 264 738 263 699 257 698 257 664 264 656 266 580 266 566 264 532 259 531 259 487 265 483 265 479 265 450 261 449 261 448 261 447 261 440 265 436 268 429 265 417 261 416 261 415 261 305 264 304 264 303 264 301 266 295 270 290 266 286 263 285 263 284 263 283 263 227 266 228 306"/></Shape>
	    <String CONTENT="droit-là à l’aſſemblee des eſtats: à fin que ſe¬"
                    HPOS="227.0"
                    VPOS="254.0"
                    WIDTH="763.0"
                    HEIGHT="61.0"
                    WC="0.9676983707091388"></String>
          </TextLine>
          <TextLine ID="line_6"
                    TAGREFS="LT8"
                    BASELINE="228 356 990 346" 
                    HPOS="227.0"
                    VPOS="304.0"
                    WIDTH="763.0"
                    HEIGHT="65.0">
            <Shape><Polygon POINTS="228 356 228 363 250 369 251 369 252 369 310 363 316 363 325 363 394 367 395 367 396 367 397 367 397 366 401 363 402 362 445 363 564 366 565 366 588 362 603 360 616 362 629 365 630 365 656 362 678 360 704 362 726 364 727 364 728 364 736 362 755 358 802 362 819 363 820 363 839 362 916 356 987 361 990 346 989 312 967 304 966 304 919 304 918 304 917 304 902 312 901 312 844 306 843 306 842 306 820 313 817 313 807 313 721 309 720 309 688 315 683 315 678 315 636 308 635 308 634 308 633 308 625 315 623 316 599 315 482 309 481 309 426 316 418 310 417 310 416 310 415 310 363 311 362 311 353 317 349 319 328 317 307 315 305 315 288 317 267 320 260 317 248 312 247 312 246 312 245 312 227 317 228 356"/></Shape>
	    <String CONTENT="Ion le nõbre des enfans des Roys defuncts,"
                    HPOS="227.0"
                    VPOS="304.0"
                    WIDTH="763.0"
                    HEIGHT="65.0"
                    WC="0.9757681627606236"></String>
          </TextLine>
          <TextLine ID="line_7"
                    TAGREFS="LT8"
                    BASELINE="229 406 989 397" 
                    HPOS="228.0"
                    VPOS="357.0"
                    WIDTH="761.0"
                    HEIGHT="64.0">
            <Shape><Polygon POINTS="229 406 229 416 396 421 397 421 398 421 411 416 422 411 484 411 510 415 531 418 532 418 533 418 534 418 537 415 543 410 651 409 675 414 686 416 687 416 700 414 735 408 800 413 810 414 811 415 863 415 863 414 864 414 865 414 866 413 874 408 987 412 989 397 986 366 921 357 919 357 918 357 917 357 906 365 846 365 821 357 820 357 819 357 817 357 791 367 758 358 757 358 756 358 631 369 600 360 599 360 566 360 565 360 532 361 531 361 530 361 519 371 442 371 428 364 427 364 426 364 425 364 401 371 365 363 314 363 313 363 312 363 284 374 228 374 229 406"/></Shape>
	    <String CONTENT="on leur prouuoye de terres &amp; ſeigneuries"
                    HPOS="228.0"
                    VPOS="357.0"
                    WIDTH="761.0"
                    HEIGHT="64.0"
                    WC="0.9950256973505021"></String>
          </TextLine>
          <TextLine ID="line_8"
                    TAGREFS="LT8"
                    BASELINE="228 456 934 445" 
                    HPOS="227.0"
                    VPOS="403.0"
                    WIDTH="707.0"
                    HEIGHT="69.0">
            <Shape><Polygon POINTS="228 456 228 466 250 472 251 472 252 472 290 466 299 465 329 466 438 470 439 470 484 465 510 462 533 465 560 468 561 468 587 464 610 461 619 464 626 467 627 467 628 467 664 466 665 466 670 464 679 460 689 464 694 466 695 466 696 466 697 466 704 464 717 460 754 463 773 465 774 465 775 465 780 463 795 458 836 463 847 464 848 464 934 462 934 445 931 412 892 412 890 412 869 403 868 403 867 403 866 403 865 403 865 404 856 412 854 414 777 414 766 412 736 405 735 405 694 412 673 415 649 412 610 407 609 407 608 407 595 412 587 415 581 412 572 408 571 408 540 408 539 408 518 412 491 417 462 412 459 412 458 412 457 412 456 412 450 418 441 412 438 410 437 410 436 410 415 410 414 410 413 410 412 410 408 412 396 420 347 412 342 412 341 412 227 412 228 456"/></Shape>
	    <String CONTENT="ſuffiſantes pour l’entretien de leur eſtat."
                    HPOS="227.0"
                    VPOS="403.0"
                    WIDTH="707.0"
                    HEIGHT="69.0"
                    WC="0.9981097925541013"></String>
          </TextLine>
        </TextBlock>
        <TextBlock HPOS="244.0"
                   VPOS="513.0"
                   WIDTH="757.0"
                   HEIGHT="279.0"
                   ID="block_3"
                   TAGREFS="BT100001">
          <Shape><Polygon POINTS="996 513 1001 789 244 792 244 513"/></Shape>
          <TextLine ID="line_9"
                    TAGREFS="LT10"
                    BASELINE="255 554 994 545" 
                    HPOS="254.0"
                    VPOS="528.0"
                    WIDTH="740.0"
                    HEIGHT="43.0">
            <Shape><Polygon POINTS="975 528 965 528 955 528 944 528 934 528 924 528 913 528 903 528 893 528 882 528 872 528 862 528 851 528 841 528 831 528 821 528 810 528 800 528 790 528 779 528 769 528 759 528 748 528 738 528 728 528 718 528 707 528 700 530 698 528 697 528 687 528 676 528 666 528 656 528 650 532 618 532 602 528 594 528 584 528 573 528 563 528 553 528 542 528 536 528 515 530 509 528 501 528 491 528 489 528 473 533 464 528 460 528 450 528 439 528 429 528 419 528 416 528 408 534 400 528 398 528 388 528 387 528 355 534 322 528 317 528 316 528 315 528 314 528 302 535 254 529 255 554 255 570 296 571 297 571 298 571 299 571 300 570 310 564 333 569 335 569 336 569 337 569 338 569 338 568 345 563 425 567 458 569 459 569 472 567 502 561 544 565 571 568 572 568 573 568 586 565 603 560 626 564 645 567 646 567 648 567 656 563 665 558 726 562 763 564 764 564 785 561 807 557 814 561 826 565 827 565 828 565 829 565 846 560 858 556 867 560 874 562 875 562 876 562 897 558 918 555 925 558 934 563 935 563 936 563 994 556 994 545 992 528 985 528"/></Shape>
	    <String CONTENT="¶ De la Loy Salique &amp; du droit qu’auoyẽt"
                    HPOS="254.0"
                    VPOS="528.0"
                    WIDTH="740.0"
                    HEIGHT="43.0"></String>
          </TextLine>
          <TextLine ID="line_10"
                    TAGREFS="LT10"
                    BASELINE="337 604 991 595" 
                    HPOS="336.0"
                    VPOS="553.0"
                    WIDTH="655.0"
                    HEIGHT="69.0">
            <Shape><Polygon POINTS="337 618 406 614 414 617 423 621 424 621 425 622 464 622 464 621 465 621 466 621 473 616 474 615 480 615 517 620 518 620 519 620 520 620 527 614 531 611 597 611 604 613 625 619 626 619 627 619 628 619 653 612 656 611 658 612 671 617 672 617 673 617 703 611 711 609 718 610 742 617 743 617 744 617 783 616 785 616 786 616 786 615 794 609 830 616 831 616 832 616 851 608 900 615 901 615 902 615 923 606 924 606 958 612 959 612 991 604 991 595 990 563 969 553 968 553 967 553 966 553 934 562 918 553 917 553 867 553 866 553 865 553 864 553 864 554 855 562 848 557 847 557 846 557 845 557 844 557 843 557 838 563 836 565 810 565 806 563 787 554 786 554 785 554 756 561 731 555 730 555 729 555 728 555 720 563 717 564 706 563 664 556 663 556 662 556 638 563 621 567 614 563 607 557 606 557 605 557 604 557 564 558 563 558 562 558 562 560 558 563 553 568 534 563 525 560 524 560 523 560 508 563 476 569 439 563 423 560 422 560 421 560 414 563 395 570 336 563 337 604"/></Shape>
	    <String CONTENT="les filles des Roys en la ſucceſſion de"
                    HPOS="336.0"
                    VPOS="553.0"
                    WIDTH="655.0"
                    HEIGHT="69.0"
                    WC="0.9990532459356846"></String>
          </TextLine>
          <TextLine ID="line_11"
                    TAGREFS="LT10"
                    BASELINE="338 654 553 650" 
                    HPOS="337.0"
                    VPOS="616.0"
                    WIDTH="216.0"
                    HEIGHT="55.0">
            <Shape><Polygon POINTS="338 663 356 663 357 663 363 670 363 671 364 671 365 671 366 671 394 663 398 663 402 663 432 670 433 670 472 663 499 660 551 663 553 650 551 617 337 616 338 654"/></Shape>
	    <String CONTENT="leurs peres."
                    HPOS="337.0"
                    VPOS="616.0"
                    WIDTH="216.0"
                    HEIGHT="55.0"
                    WC="0.999936893582344"></String>
          </TextLine>
        </TextBlock>
        <TextBlock HPOS="222"
                   VPOS="807"
                   WIDTH="219"
                   HEIGHT="212"
                   ID="eSc_textblock_54cae8bc"
                   TAGREFS="BT10">
          <Shape><Polygon POINTS="222 807 222 1019 441 1014 441 815"/></Shape>
          <TextLine ID="eSc_line_3a93ae46"
                    TAGREFS="LT9"
                    BASELINE="261 985 416 988" 
                    HPOS="258"
                    VPOS="945"
                    WIDTH="157"
                    HEIGHT="74">
            <Shape><Polygon POINTS="412 1019 415 986 412 948 367 960 341 946 339 946 338 946 336 946 335 946 318 960 290 960 261 945 259 983 258 1017"/></Shape>
	    <String CONTENT="P"
                    HPOS="258"
                    VPOS="945"
                    WIDTH="157"
                    HEIGHT="74"
                    WC="0.9919359683990479"></String>
          </TextLine>
        </TextBlock>
        <TextBlock HPOS="210"
                   VPOS="797"
                   WIDTH="792"
                   HEIGHT="768"
                   ID="block_1"
                   TAGREFS="BT100005">
          <Shape><Polygon POINTS="1002 803 1000 1550 230 1565 210 797"/></Shape>
          <TextLine ID="line_12"
                    TAGREFS="LT10"
                    BASELINE="404 751 836 747" 
                    HPOS="403.0"
                    VPOS="731.0"
                    WIDTH="433.0"
                    HEIGHT="33.0">
            <Shape><Polygon POINTS="815 731 805 731 797 731 692 735 668 731 661 731 651 731 642 731 639 736 573 736 550 731 548 731 537 731 531 731 487 737 403 732 404 751 404 758 416 764 417 764 418 764 450 759 510 764 512 764 513 764 530 757 563 763 564 763 594 757 610 763 611 763 612 763 614 763 635 756 718 761 719 761 720 761 733 755 749 761 751 761 752 761 814 756 822 761 823 761 824 761 825 761 826 761 827 761 836 755 836 747 833 731 826 731"/></Shape>
	    <String CONTENT="CHAP. VIII."
                    HPOS="403.0"
                    VPOS="731.0"
                    WIDTH="433.0"
                    HEIGHT="33.0"></String>
          </TextLine>
          <TextLine ID="line_13"
                    TAGREFS="LT8"
                    BASELINE="459 851 992 842" 
                    HPOS="458.0"
                    VPOS="801.0"
                    WIDTH="534.0"
                    HEIGHT="64.0">
            <Shape><Polygon POINTS="459 851 459 859 556 865 557 865 590 858 591 858 593 858 660 862 661 862 701 856 705 856 714 862 715 862 717 862 718 863 755 863 755 862 805 855 814 853 899 853 904 854 931 859 932 859 992 852 992 842 990 810 873 806 872 806 845 811 842 811 841 811 836 806 836 805 835 805 834 805 833 805 806 811 800 812 796 811 779 805 778 805 695 801 694 801 693 801 675 809 638 802 637 802 636 802 635 802 625 812 623 814 618 812 593 803 592 803 591 803 534 805 533 805 532 805 532 806 524 813 522 815 518 813 509 808 508 808 507 808 506 808 458 813 459 851"/></Shape>
	    <String CONTENT="Vis qu’ainſi eſt que nous auons"
                    HPOS="458.0"
                    VPOS="801.0"
                    WIDTH="534.0"
                    HEIGHT="64.0"
                    WC="0.9657768088002359"></String>
          </TextLine>
          <TextLine ID="line_14"
                    TAGREFS="LT8"
                    BASELINE="449 901 993 892" 
                    HPOS="448.0"
                    VPOS="853.0"
                    WIDTH="545.0"
                    HEIGHT="62.0">
            <Shape><Polygon POINTS="449 901 449 908 492 915 493 915 534 914 535 914 536 914 536 913 541 908 548 908 627 913 628 913 629 913 640 907 644 906 993 906 993 892 992 861 973 853 972 853 971 853 970 853 936 861 870 854 869 854 868 854 867 854 867 855 858 863 858 864 840 864 840 863 831 856 831 855 830 855 829 855 809 855 808 855 781 860 766 856 765 856 764 856 763 856 743 865 742 866 676 866 675 866 664 858 663 858 662 858 631 858 630 858 629 858 628 858 628 859 620 867 618 867 588 862 587 862 586 862 585 862 585 863 580 867 568 863 567 863 566 863 532 868 531 868 514 862 513 862 512 862 510 862 509 862 500 869 498 869 475 864 474 864 448 869 449 901"/></Shape>
	    <String CONTENT="commencé à traiter du droit de"
                    HPOS="448.0"
                    VPOS="853.0"
                    WIDTH="545.0"
                    HEIGHT="62.0"
                    WC="0.9976741336286068"></String>
          </TextLine>
          <TextLine ID="line_15"
                    TAGREFS="LT8"
                    BASELINE="441 952 995 941" 
                    HPOS="440.0"
                    VPOS="899.0"
                    WIDTH="555.0"
                    HEIGHT="69.0">
            <Shape><Polygon POINTS="441 952 441 961 468 961 478 968 479 968 480 968 481 968 515 960 522 959 538 960 595 966 596 966 597 966 608 960 615 957 663 956 720 960 763 963 764 963 765 963 775 960 796 954 817 960 826 962 827 962 828 962 829 962 837 960 855 955 870 960 875 961 876 961 877 961 878 961 879 961 881 960 895 952 993 959 995 941 992 908 968 908 967 908 939 899 938 899 937 899 936 899 935 899 935 900 925 910 924 910 918 910 849 902 848 902 847 902 817 911 815 912 813 912 793 902 792 902 791 902 743 913 740 913 739 913 717 903 715 903 714 903 660 914 654 915 648 914 605 905 604 905 581 906 580 906 578 906 565 916 564 917 533 917 532 916 524 908 524 907 523 907 522 907 503 907 502 907 501 907 485 916 455 911 454 911 453 911 440 916 441 952"/></Shape>
	    <String CONTENT="la ſucceſsion Royale, il ne ſera"
                    HPOS="440.0"
                    VPOS="899.0"
                    WIDTH="555.0"
                    HEIGHT="69.0"></String>
          </TextLine>
          <TextLine ID="line_16"
                    TAGREFS="LT8"
                    BASELINE="447 1002 993 993" 
                    HPOS="446.0"
                    VPOS="953.0"
                    WIDTH="547.0"
                    HEIGHT="66.0">
            <Shape><Polygon POINTS="447 1002 447 1019 487 1019 487 1018 488 1018 489 1018 490 1017 498 1009 524 1008 561 1015 573 1016 574 1017 620 1017 620 1016 621 1016 622 1016 626 1011 630 1009 646 1011 678 1015 679 1015 680 1015 682 1015 682 1014 687 1009 692 1005 724 1008 739 1009 740 1009 741 1009 745 1007 752 1004 798 1005 874 1008 875 1008 876 1008 902 1002 903 1002 905 1002 978 1009 979 1009 980 1009 981 1009 993 1000 993 993 991 962 960 962 937 953 936 953 935 953 934 953 909 963 905 964 885 963 783 956 782 956 734 965 724 967 718 966 690 957 689 957 688 957 638 958 637 958 612 967 606 969 599 967 568 959 567 959 566 959 547 960 546 960 544 960 533 968 531 970 529 968 521 963 520 963 519 963 518 963 517 963 516 963 507 969 503 971 446 970 447 1002"/></Shape>
	    <String CONTENT="point impertinent de recercher"
                    HPOS="446.0"
                    VPOS="953.0"
                    WIDTH="547.0"
                    HEIGHT="66.0"
                    WC="0.9973042805989584"></String>
          </TextLine>
          <TextLine ID="line_17"
                    TAGREFS="LT8"
                    BASELINE="232 1052 994 1040" 
                    HPOS="231.0"
                    VPOS="1005.0"
                    WIDTH="763.0"
                    HEIGHT="65.0">
            <Shape><Polygon POINTS="232 1052 232 1062 266 1070 267 1070 311 1061 313 1061 314 1061 328 1069 329 1069 330 1070 364 1070 364 1069 365 1069 366 1069 378 1060 379 1060 403 1066 404 1066 405 1066 406 1066 426 1060 447 1067 448 1067 449 1068 491 1068 491 1067 530 1058 531 1058 569 1066 570 1066 571 1066 594 1057 595 1057 678 1064 679 1064 680 1064 682 1064 689 1057 744 1055 763 1060 764 1060 765 1060 766 1060 787 1054 814 1062 815 1062 816 1062 817 1062 819 1062 829 1053 853 1053 855 1053 856 1053 955 1060 956 1060 957 1060 994 1050 994 1040 992 1012 963 1007 962 1007 924 1012 923 1012 885 1005 884 1005 883 1005 868 1014 867 1015 798 1015 797 1015 777 1006 776 1006 775 1006 717 1007 715 1007 714 1007 704 1016 702 1018 608 1018 599 1017 553 1010 552 1010 551 1010 537 1018 534 1019 529 1018 502 1010 501 1010 500 1010 499 1010 471 1019 465 1020 460 1019 434 1011 433 1011 432 1011 431 1011 430 1011 430 1012 423 1019 395 1015 394 1015 363 1020 351 1022 348 1020 341 1014 339 1014 338 1014 295 1014 294 1014 293 1014 292 1014 292 1015 285 1021 282 1023 231 1022 232 1052"/></Shape>
	    <String CONTENT="icy vn peu de plus haut, quelle loy c’eſt que"
                    HPOS="231.0"
                    VPOS="1005.0"
                    WIDTH="763.0"
                    HEIGHT="65.0"
                    WC="0.9997851623429193"></String>
          </TextLine>
          <TextLine ID="line_18"
                    TAGREFS="LT8"
                    BASELINE="231 1102 995 1090" 
                    HPOS="230.0"
                    VPOS="1051.0"
                    WIDTH="765.0"
                    HEIGHT="66.0">
            <Shape><Polygon POINTS="231 1102 231 1117 295 1112 325 1115 341 1117 342 1117 354 1115 373 1111 429 1113 484 1115 485 1115 522 1111 550 1108 629 1108 789 1110 790 1110 791 1110 807 1104 810 1104 815 1104 851 1109 853 1109 854 1109 878 1103 879 1103 884 1103 978 1106 979 1106 980 1106 995 1100 995 1090 994 1059 973 1052 972 1052 971 1052 938 1059 937 1059 922 1051 921 1051 919 1051 826 1059 792 1063 670 1063 662 1060 653 1056 652 1056 651 1056 650 1056 641 1060 639 1061 631 1060 603 1056 602 1056 577 1057 576 1057 575 1057 571 1060 564 1065 497 1062 496 1062 495 1062 473 1067 418 1061 407 1060 406 1060 394 1061 335 1067 230 1062 231 1102"/></Shape>
	    <String CONTENT="la loy Salique, tant celebree par nos Fran¬"
                    HPOS="230.0"
                    VPOS="1051.0"
                    WIDTH="765.0"
                    HEIGHT="66.0"
                    WC="0.9992224241411963"></String>
          </TextLine>
          <TextLine ID="line_19"
                    TAGREFS="LT8"
                    BASELINE="232 1151 994 1138" 
                    HPOS="231.0"
                    VPOS="1102.0"
                    WIDTH="763.0"
                    HEIGHT="68.0">
            <Shape><Polygon POINTS="232 1151 232 1170 351 1160 367 1167 371 1168 372 1168 373 1168 431 1166 432 1166 435 1165 449 1159 466 1164 473 1166 474 1166 475 1166 516 1163 588 1156 624 1160 658 1163 659 1163 705 1157 733 1154 754 1156 804 1161 805 1161 806 1161 829 1154 835 1151 838 1154 847 1160 848 1160 849 1160 850 1160 890 1159 891 1159 905 1151 906 1151 970 1158 971 1158 972 1158 994 1148 994 1138 989 1104 979 1110 953 1105 938 1102 937 1102 936 1102 928 1105 913 1111 881 1106 867 1104 866 1104 865 1104 864 1104 861 1106 851 1112 828 1108 827 1108 826 1108 814 1113 776 1108 767 1107 766 1107 765 1107 760 1108 738 1114 679 1110 678 1110 677 1110 676 1110 639 1115 629 1110 624 1108 623 1108 583 1108 582 1108 581 1108 565 1112 554 1114 520 1112 488 1111 487 1111 486 1111 482 1113 475 1116 463 1113 450 1111 449 1111 433 1114 405 1121 391 1115 384 1112 383 1112 382 1112 327 1113 326 1113 313 1116 288 1123 231 1119 232 1151"/></Shape>
	    <String CONTENT="çois, &amp; qui tombe ſi ſouuent en propos: la¬"
                    HPOS="231.0"
                    VPOS="1102.0"
                    WIDTH="763.0"
                    HEIGHT="68.0"
                    WC="0.9963877607475627"></String>
          </TextLine>
          <TextLine ID="line_20"
                    TAGREFS="LT8"
                    BASELINE="231 1202 992 1189" 
                    HPOS="230.0"
                    VPOS="1150.0"
                    WIDTH="762.0"
                    HEIGHT="67.0">
            <Shape><Polygon POINTS="231 1202 231 1212 274 1217 275 1217 298 1212 305 1210 314 1211 332 1216 333 1216 334 1216 373 1211 388 1209 393 1211 404 1215 405 1215 406 1215 472 1210 507 1207 536 1209 581 1212 582 1212 583 1212 593 1208 602 1205 620 1208 638 1211 639 1211 673 1207 711 1203 736 1207 747 1208 748 1208 749 1208 756 1206 770 1202 780 1206 786 1208 787 1208 788 1208 817 1206 869 1201 991 1203 992 1189 989 1157 949 1158 945 1157 923 1150 922 1150 921 1150 919 1150 897 1158 893 1159 864 1159 763 1157 762 1157 729 1161 722 1162 719 1162 696 1155 695 1155 694 1155 646 1163 643 1163 630 1156 629 1156 628 1156 627 1156 599 1163 575 1157 574 1157 573 1157 572 1157 571 1157 571 1158 563 1164 562 1165 558 1164 517 1158 516 1158 515 1158 514 1158 501 1166 500 1166 497 1166 471 1160 470 1160 469 1160 451 1166 448 1167 445 1167 417 1160 416 1160 415 1160 396 1167 394 1168 382 1168 279 1162 278 1162 230 1170 231 1202"/></Shape>
	    <String CONTENT="quelle meſmes du temps de nos anceſtres"
                    HPOS="230.0"
                    VPOS="1150.0"
                    WIDTH="762.0"
                    HEIGHT="67.0"
                    WC="0.9992409547170004"></String>
          </TextLine>
          <TextLine ID="line_21"
                    TAGREFS="LT8"
                    BASELINE="232 1249 993 1238" 
                    HPOS="231.0"
                    VPOS="1200.0"
                    WIDTH="762.0"
                    HEIGHT="64.0">
            <Shape><Polygon POINTS="232 1249 232 1257 363 1264 364 1264 459 1257 517 1261 518 1261 519 1261 532 1256 535 1255 553 1255 637 1260 638 1260 639 1260 652 1255 660 1252 700 1252 705 1254 711 1259 712 1259 713 1259 714 1259 715 1259 717 1259 722 1254 727 1251 992 1252 993 1238 991 1209 942 1208 930 1200 929 1200 928 1200 927 1200 879 1206 785 1200 783 1200 726 1203 725 1203 724 1203 714 1210 683 1202 682 1202 680 1202 679 1202 644 1212 631 1203 630 1203 629 1203 584 1203 583 1203 582 1203 555 1215 500 1215 472 1206 471 1206 470 1206 469 1206 434 1216 373 1216 301 1207 300 1207 299 1207 263 1219 231 1219 232 1249"/></Shape>
	    <String CONTENT="vuida &amp; paciſia vn different de merueilleu¬"
                    HPOS="231.0"
                    VPOS="1200.0"
                    WIDTH="762.0"
                    HEIGHT="64.0"
                    WC="0.9940850859464601"></String>
          </TextLine>
          <TextLine ID="line_22"
                    TAGREFS="LT8"
                    BASELINE="231 1300 996 1287" 
                    HPOS="230.0"
                    VPOS="1245.0"
                    WIDTH="766.0"
                    HEIGHT="70.0">
            <Shape><Polygon POINTS="231 1300 231 1309 296 1309 310 1315 311 1315 312 1315 313 1315 314 1315 322 1309 357 1313 358 1313 359 1313 377 1308 384 1314 385 1314 386 1314 387 1315 419 1315 419 1314 420 1314 421 1314 432 1306 433 1306 440 1311 441 1311 442 1311 541 1312 542 1312 580 1306 596 1311 597 1311 598 1311 676 1310 677 1310 678 1310 687 1304 689 1302 699 1304 720 1307 721 1307 745 1303 761 1301 879 1301 882 1302 897 1306 898 1306 899 1306 921 1301 935 1298 939 1301 944 1305 945 1305 946 1305 947 1305 995 1300 996 1287 993 1245 919 1257 862 1247 858 1247 857 1247 851 1247 793 1260 758 1249 756 1249 755 1249 754 1249 753 1249 751 1250 728 1260 710 1250 709 1250 708 1250 707 1250 706 1250 703 1251 663 1263 635 1263 615 1252 612 1252 611 1252 610 1252 602 1253 530 1264 436 1260 435 1260 392 1266 377 1257 371 1255 370 1255 369 1255 230 1261 231 1300"/></Shape>
	    <String CONTENT="ſe conſequence, touchant la ſucceſsion du"
                    HPOS="230.0"
                    VPOS="1245.0"
                    WIDTH="766.0"
                    HEIGHT="70.0"
                    WC="0.9982708954229588"></String>
          </TextLine>
          <TextLine ID="line_23"
                    TAGREFS="LT8"
                    BASELINE="231 1350 995 1340" 
                    HPOS="230.0"
                    VPOS="1301.0"
                    WIDTH="765.0"
                    HEIGHT="65.0">
            <Shape><Polygon POINTS="231 1350 231 1357 305 1366 307 1366 338 1358 382 1365 383 1365 384 1365 400 1358 417 1364 418 1364 419 1364 420 1364 421 1364 427 1357 428 1357 435 1357 528 1361 529 1361 583 1357 617 1354 649 1356 684 1359 685 1359 686 1359 687 1359 687 1358 689 1356 692 1354 726 1356 743 1357 744 1357 753 1356 789 1351 826 1351 835 1356 838 1358 839 1358 840 1358 841 1358 853 1356 881 1350 994 1355 995 1340 993 1310 955 1310 932 1301 931 1301 930 1301 901 1307 874 1302 873 1302 872 1302 845 1310 839 1312 802 1312 798 1310 778 1303 777 1303 776 1303 754 1304 753 1304 752 1304 744 1310 741 1312 726 1310 710 1308 709 1308 708 1308 700 1310 688 1313 675 1310 658 1305 657 1305 656 1305 655 1305 639 1310 629 1313 589 1310 536 1306 535 1306 534 1306 525 1310 514 1315 464 1310 458 1310 457 1310 451 1310 381 1317 230 1311 231 1350"/></Shape>
	    <String CONTENT="Royaume. Car eſtant aduenu l’an 1328. Que"
                    HPOS="230.0"
                    VPOS="1301.0"
                    WIDTH="765.0"
                    HEIGHT="65.0"
                    WC="0.9874616701428484"></String>
          </TextLine>
          <TextLine ID="line_24"
                    TAGREFS="LT8"
                    BASELINE="230 1400 996 1387" 
                    HPOS="229.0"
                    VPOS="1346.0"
                    WIDTH="767.0"
                    HEIGHT="70.0">
            <Shape><Polygon POINTS="230 1400 230 1410 273 1416 274 1416 324 1409 325 1409 326 1409 354 1415 355 1415 356 1415 357 1415 367 1408 369 1407 389 1407 392 1407 408 1413 410 1413 411 1414 464 1414 464 1413 568 1404 576 1404 577 1404 591 1411 592 1411 593 1411 645 1403 648 1403 649 1403 685 1408 686 1408 724 1402 745 1408 746 1408 747 1408 748 1408 749 1408 760 1401 761 1401 762 1401 817 1405 819 1405 820 1405 821 1405 827 1400 866 1407 867 1407 996 1395 996 1387 993 1353 850 1354 848 1354 793 1346 792 1346 702 1353 678 1349 677 1349 676 1349 661 1355 649 1349 648 1349 646 1349 569 1350 568 1350 538 1358 528 1361 442 1361 437 1359 426 1352 425 1352 424 1352 423 1352 422 1352 421 1352 408 1359 408 1360 407 1359 400 1354 399 1354 398 1354 397 1354 347 1360 330 1362 327 1360 319 1354 318 1354 317 1354 316 1354 315 1354 301 1361 300 1362 229 1362 230 1400"/></Shape>
	    <String CONTENT="le Roy Charles le Bel fils de Philippes le"
                    HPOS="229.0"
                    VPOS="1346.0"
                    WIDTH="767.0"
                    HEIGHT="70.0"
                    WC="0.9994093605450222"></String>
          </TextLine>
          <TextLine ID="line_25"
                    TAGREFS="LT8"
                    BASELINE="231 1451 997 1438" 
                    HPOS="230.0"
                    VPOS="1396.0"
                    WIDTH="767.0"
                    HEIGHT="66.0">
            <Shape><Polygon POINTS="231 1451 231 1461 463 1462 464 1462 465 1462 481 1456 483 1456 488 1456 521 1461 522 1461 523 1461 524 1461 530 1456 565 1460 566 1460 567 1460 584 1454 586 1454 592 1454 641 1459 642 1459 698 1452 702 1452 705 1452 743 1457 744 1457 745 1457 746 1457 755 1451 835 1450 877 1455 878 1455 879 1455 903 1449 917 1454 918 1454 919 1454 984 1452 985 1452 997 1446 997 1438 995 1403 958 1396 957 1396 956 1396 935 1403 923 1408 856 1408 849 1404 842 1399 841 1399 840 1399 839 1399 794 1405 758 1411 688 1411 666 1407 642 1402 641 1402 619 1403 618 1403 617 1403 611 1408 606 1412 598 1408 591 1404 590 1404 589 1404 588 1404 587 1404 581 1408 571 1413 543 1408 527 1406 526 1406 525 1406 515 1409 506 1411 503 1409 497 1405 496 1405 495 1405 494 1405 493 1405 475 1409 452 1416 412 1416 401 1410 398 1409 397 1409 396 1409 395 1409 390 1410 378 1414 369 1411 362 1408 361 1408 360 1408 359 1408 352 1411 347 1413 345 1411 341 1408 339 1408 338 1408 337 1408 230 1412 231 1451"/></Shape>
	    <String CONTENT="Bel fuſt decedé ſans laiſſer aucun hoir maſle"
                    HPOS="230.0"
                    VPOS="1396.0"
                    WIDTH="767.0"
                    HEIGHT="66.0"
                    WC="0.9900157257266666"></String>
          </TextLine>
          <TextLine ID="line_26"
                    TAGREFS="LT8"
                    BASELINE="231 1498 996 1487" 
                    HPOS="230.0"
                    VPOS="1448.0"
                    WIDTH="766.0"
                    HEIGHT="65.0">
            <Shape><Polygon POINTS="231 1498 231 1508 299 1513 300 1513 382 1507 387 1507 405 1507 627 1508 628 1508 629 1508 640 1504 649 1501 659 1504 674 1507 675 1507 708 1504 733 1500 996 1500 996 1487 994 1456 950 1448 949 1448 948 1448 934 1455 898 1449 897 1449 896 1449 876 1456 875 1456 871 1456 807 1449 806 1449 805 1449 777 1456 770 1458 767 1456 759 1451 758 1451 757 1451 718 1450 717 1450 659 1451 658 1451 646 1456 642 1458 631 1457 606 1453 605 1453 604 1453 592 1457 576 1461 524 1457 521 1457 520 1457 519 1457 492 1462 476 1457 467 1454 466 1454 465 1454 450 1457 421 1464 345 1464 302 1457 297 1457 296 1457 295 1457 294 1457 280 1465 230 1458 231 1498"/></Shape>
	    <String CONTENT="viuant: mais ſeulement ſa femme enceinte,"
                    HPOS="230.0"
                    VPOS="1448.0"
                    WIDTH="766.0"
                    HEIGHT="65.0"
                    WC="0.9993221061985668"></String>
          </TextLine>
          <TextLine ID="line_27"
                    TAGREFS="LT8"
                    BASELINE="233 1551 995 1536" 
                    HPOS="232.0"
                    VPOS="1499.0"
                    WIDTH="763.0"
                    HEIGHT="76.0">
            <Shape><Polygon POINTS="233 1551 233 1575 268 1575 269 1575 297 1563 331 1574 332 1574 333 1574 334 1574 356 1563 390 1572 391 1572 392 1572 393 1572 396 1572 429 1566 440 1571 441 1571 442 1571 444 1571 449 1571 520 1559 547 1568 549 1569 550 1569 551 1569 557 1568 617 1557 640 1557 654 1566 655 1567 656 1567 657 1567 658 1567 718 1566 719 1566 723 1565 745 1555 762 1564 765 1565 766 1565 767 1565 768 1565 774 1563 806 1554 826 1558 827 1558 861 1553 879 1561 882 1562 883 1562 884 1562 885 1562 889 1561 906 1553 965 1551 976 1559 977 1560 978 1560 979 1560 980 1560 994 1558 995 1536 992 1506 911 1506 910 1506 902 1500 901 1500 900 1500 899 1500 835 1507 823 1508 821 1507 809 1501 808 1501 807 1501 778 1508 771 1509 768 1508 752 1499 751 1499 749 1499 711 1508 704 1510 698 1509 669 1499 668 1499 667 1499 620 1502 619 1502 602 1510 595 1512 587 1510 567 1504 566 1504 565 1504 564 1504 547 1510 538 1513 529 1510 505 1502 504 1502 503 1502 476 1504 475 1504 474 1504 466 1511 452 1504 451 1504 450 1504 413 1512 405 1513 398 1512 370 1506 369 1506 329 1512 318 1514 314 1513 300 1507 299 1507 298 1507 232 1513 233 1551"/></Shape>
	    <String CONTENT="qui accoucha d’vne fille quelques mois a¬"
                    HPOS="232.0"
                    VPOS="1499.0"
                    WIDTH="763.0"
                    HEIGHT="76.0"
                    WC="0.9953366692473249"></String>
          </TextLine>
        </TextBlock>
        <TextBlock HPOS="916.0"
                   VPOS="1561.0"
                   WIDTH="83.0"
                   HEIGHT="50.0"
                   ID="block_6"
                   TAGREFS="BT17">
          <Shape><Polygon POINTS="999 1561 999 1611 916 1611 916 1561"/></Shape>
          <TextLine ID="line_28"
                    TAGREFS="LT8"
                    BASELINE="914 1587 995 1589" 
                    HPOS="913.0"
                    VPOS="1551.0"
                    WIDTH="82.0"
                    HEIGHT="58.0">
            <Shape><Polygon POINTS="914 1587 913 1604 993 1609 995 1589 994 1551 914 1559 914 1587"/></Shape>
	    <String CONTENT="pres"
                    HPOS="913.0"
                    VPOS="1551.0"
                    WIDTH="82.0"
                    HEIGHT="58.0"
                    WC="0.9999009817838669"></String>
          </TextLine>
        </TextBlock>
      </PrintSpace>
    </Page>
  </Layout>
</alto>
