1023 1853
186.0 48.0 447.0 54.0 FRANCOISE.

742.0 40.0 63.0 66.0 81

40.0 121.0 765.0 43.0 pres, Edouard Roy d’Angleterre fils d’Iſa¬

33.0 151.0 771.0 61.0 bel fille de Philippes le Bel & ſœur du

35.0 198.0 769.0 65.0 feu Roy Charles, querella la ſucceſsion de

36.0 250.0 768.0 62.0 la Couronne à l’encontre de Philippes de

41.0 300.0 763.0 63.0 Valois, pretendant luy appartenir à cauſe

36.0 350.0 766.0 61.0 de ſa mere, & de ſon ayeul. Mais Philippes

36.0 399.0 768.0 62.0 de l’autre coſté qui eſtoit couſin germain

37.0 449.0 767.0 59.0 du Roy defunct, mit en auant contre luy ce¬

35.0 498.0 767.0 58.0 ſte anciene loy Royale nommee Salique, la¬

36.0 545.0 766.0 62.0 quelle nommément deiette les femelles de

38.0 593.0 762.0 61.0 la ſucceſsion de la Courõne. C’eſt celle loy

38.0 643.0 765.0 64.0 que Gaguin & autres vulgaires hiſtoriens

38.0 693.0 765.0 61.0 François diſent auoir eſté faite par Phara¬

35.0 743.0 768.0 59.0 mond. Et ſpecialement en la vie de Philip¬

36.0 791.0 768.0 67.0 pes de Valois: La loy Salique, dit-il, faiſoit

35.0 843.0 768.0 58.0 contre Edouard, laquelle ayant eſté eſtablié

35.0 893.0 768.0 63.0 aux François par Pharamond, auoit eſté

33.0 942.0 769.0 62.0 touſiours eſtroitement gardee comme ſa¬

33.0 992.0 768.0 60.0 cree & inuiolable iuſqu’a ce temps-la. Par

33.0 1040.0 769.0 62.0 celle loy eſt ordonné, qu’il ny ait que les

33.0 1091.0 768.0 60.0 hoirs maſles iſſus des Roys, qui puiſſent ve¬

31.0 1140.0 771.0 62.0 nir à la ſucceſsion de la Couronne, mais que

33.0 1191.0 768.0 59.0 les femelles ne ſoyent receues à celle digni¬

35.0 1237.0 767.0 65.0 té: Si en eſt la ſuſtance telle. Que nulle fem¬

33.0 1292.0 767.0 59.0 me ne prene aucune portion de l’heritage

35.0 1339.0 767.0 61.0 de la terre Salique. Les Iuriſconſultes appel

33.0 1389.0 769.0 61.0 lent la terre Salique, celle qui n’appartient

37.0 1439.0 761.0 59.0 qu’au Roy ſeul, & qui eſt differente de la loy

36.0 1488.0 760.0 72.0 d’Alleud, qui comprend auſsi les ſuiets,

599.0 1536.0 17.0 55.0 f
