1023 1853
202.0 42.0 63.0 67.0 82

335.0 41.0 498.0 61.0 DE LA GAVLE

203.0 114.0 764.0 50.0 auſquels celle loy donne libre poſſeſsion

206.0 146.0 761.0 65.0 de quelque choſe, ſans exclurre la maie¬

206.0 193.0 761.0 64.0 ſté du Prince. Voila ce qu’en dit Gaguin.

206.0 240.0 762.0 68.0 Et en ont eſcrit tout de meſmes non ſeu¬

207.0 293.0 763.0 65.0 lement tous les Hiſtoriens, mais auſſi tous

212.0 340.0 758.0 67.0 les Iuriſconſultes & praticiens François

211.0 395.0 760.0 65.0 qui en ont parlé iuſques à ce temps: teſ¬

210.0 443.0 762.0 67.0 moing Papon au chapitre premier, du qua¬

211.0 491.0 762.0 66.0 trieme liure des arreſts: de ſorte qu’il ſem¬

209.0 541.0 769.0 67.0 ble deſia en cecy que l’erreur commun ait

215.0 587.0 759.0 71.0 acquis titre de loy. Mais il faut reduire icy

212.0 643.0 763.0 64.0 en memoire ce que uous auons touché cy

215.0 687.0 763.0 69.0 deſſus: c’eſt à ſcauoir que les François tin¬

213.0 739.0 767.0 61.0 drent deux Royaumes, & en tous deux ils

217.0 785.0 764.0 72.0 planterent leur ſiege. L’vn eſtoit en la Gau¬

212.0 838.0 769.0 67.0 le, qui demeure en ſon eſtre encore auiour¬

212.0 888.0 771.0 68.0 d’huy : l’autre au dela du Rhein aupres de

221.0 939.0 762.0 65.0 la riuiere de Sala: dont ils furent ſurnom¬

215.0 988.0 770.0 65.0 mez François Saliens & Saliques enſem¬

215.0 1039.0 770.0 60.0 blément, & quelquefois auſsi nommez pre¬

220.0 1090.0 769.0 64.0 ciſement Saliques: deſquels le Royaume &

221.0 1135.0 769.0 68.0 le nom eſt deſia preſque tout aboly. Ce ſont

221.0 1185.0 769.0 67.0 ceux dont il eſt parlé dedans ce paſſage de

221.0 1235.0 769.0 66.0 Marcellin que nous auons allegué cy deſ¬

219.0 1287.0 772.0 68.0 ſus: là où nous auons monſtré que ces

222.0 1335.0 772.0 67.0 François-la furent appellez Orientaux, &

220.0 1382.0 772.0 72.0 les autres qui habitoyent en Gaule, Occi¬

219.0 1436.0 773.0 64.0 dentaux. Or comme il y auoit deux Royau¬

228.0 1485.0 764.0 75.0 mes de France, auſsi y auoit-il deux loix:

902.0 1533.0 93.0 61.0 l’vne
