1023 1853
208.0 35.0 444.0 73.0 FRANCOISE.

755.0 38.0 39.0 67.0 83

36.0 126.0 764.0 37.0 l'vne ſe nommoit Salique, qui appartenoit

35.0 148.0 765.0 70.0 aux Saliens: l’autre Frãcique qui eſtoit pour

32.0 196.0 766.0 71.0 les Francs Gaulois, c’eſt à dire pour les Frã¬

36.0 252.0 764.0 65.0 çois habituez en la Gaule. Cela ſe peut veri¬

36.0 300.0 767.0 65.0 fier par ce que dit Eguinard en la vie de

40.0 348.0 763.0 67.0 Charlem. Apres qu’il eut, dit-il, eſté decla¬

36.0 400.0 769.0 65.0 ré Empereur, voyãt que les loix de ſon peu¬

38.0 445.0 766.0 67.0 ple eſtoyent defectueuſes en pluſieurs cho¬

37.0 496.0 768.0 64.0 ſes (car les François ont deux loix, fort dif¬

37.0 549.0 771.0 61.0 ferẽtes l’vne de l’autre, en pluſieurs articles)

41.0 596.0 764.0 65.0 il delibera de ſuppleer & adiouſter ce qui y

40.0 644.0 773.0 67.0 defailloit. L’auteur de la preface qui a eſte

42.0 695.0 770.0 64.0 miſe deuant la loy Salique recite: Que la no

39.0 746.0 777.0 64.0 ble & fameuſe nation des François, auant

45.0 793.0 772.0 67.0 quelle fuſt conuertie à la foy Chreſtienne, fit

42.0 845.0 777.0 65.0 dreſſer & compoſer la loy Salique par les

48.0 894.0 769.0 63.0 plus grans perſonnages qui fuſſent lors em¬

50.0 941.0 769.0 70.0 ployez au gouuernement d’icelle. Et pour

49.0 993.0 771.0 62.0 ceſt effet furent deputez quatre hommes

48.0 1039.0 773.0 63.0 notables c’eſt à ſçauoir, Vviſogaſt, Arbo¬

51.0 1089.0 769.0 69.0 gaſt, Salogaſt, & Vvindogaſt: leſquels s’aſ¬

49.0 1142.0 773.0 65.0 ſemblerent par trois fois en conſeil, & a¬

55.0 1192.0 765.0 67.0 pres auoir ſoigneuſement diſcouru & recet¬

52.0 1242.0 772.0 63.0 ché toutes les ſources des differẽs & proces,

50.0 1291.0 775.0 61.0 & les auoir examinees de poinct en poinct,

52.0 1337.0 775.0 66.0 finablement en conclurent & arreſterent le

53.0 1390.0 775.0 63.0 ingement & la deciſion en ceſte maniere &c.

58.0 1438.0 771.0 64.0 Ce ſont auſsi preſque les propres mots dõt

61.0 1487.0 765.0 74.0 vſe Sigebert en la Chronique de l’an 422.

621.0 1541.0 77.0 52.0 f 2
