1023 1853
223.0 57.0 62.0 58.0 84

370.0 51.0 493.0 56.0 DE LA GAVLE

219.0 133.0 766.0 38.0 & Otton Friſ. au chap. pen. du 4. liu.le con¬

218.0 158.0 769.0 58.0 ferme. Ils commencerent, dit-il, de là en a¬

219.0 206.0 768.0 62.0 uant à vſer de loix, que Vviſogaſt & Salogaſt

218.0 258.0 768.0 61.0 leur compoſerent. Et tient-on que la loy Sa¬

219.0 306.0 767.0 62.0 lique fut de l’inuention de ceſtuy Salogaſt,

218.0 358.0 772.0 60.0 dont elle en porte auſſi le nom iuſques à

218.0 404.0 771.0 63.0 preſent: & eſt encore en vſage & authorité

211.0 455.0 779.0 64.0 entre les plus nobles François, qu’on appel¬

216.0 508.0 773.0 57.0 le Saliques. Voila ce qu’en diſent les anciens

218.0 555.0 772.0 60.0 Chroniqueurs: dont on peut aiſément deſ¬

216.0 605.0 773.0 57.0 couurir la lourde faute de ceux qui font ve¬

215.0 654.0 772.0 59.0 nir la loy Salique de ce mot de ſel, comme

215.0 703.0 771.0 60.0 eſtant aſſaiſonnee de ſel, c’eſt à dire de pru¬

215.0 755.0 775.0 53.0 dence, & de ceux qui veulent faire à croire

214.0 802.0 773.0 61.0 que c’eſt vn terme corrompu, & qu’on s’eſt

213.0 852.0 776.0 60.0 abuſé en diſant Salique au lieu de Gallique:

215.0 903.0 775.0 61.0 qui eſt vne opinion la plus impertinente du

212.0 949.0 777.0 63.0 monde. Mais ils y ont bien fait d’autres fau¬

212.0 1000.0 777.0 62.0 tes encore de plus grande conſequence.

212.0 1052.0 774.0 61.0 Premierement en ce qu’ils ont fait croi¬

210.0 1102.0 776.0 60.0 re à credit que la loy Salique cõcernoit pro¬

211.0 1147.0 775.0 66.0 prement le droit du Royaume & de la ſuc¬

209.0 1198.0 775.0 55.0 ceſſion hereditaire de la Couronne. Car il

208.0 1247.0 777.0 65.0 ny a pas fort long temps que les tables &ar¬

208.0 1298.0 776.0 62.0 ticles de la loy Salique ſe ſont trouuez &

208.0 1347.0 774.0 60.0 ont eſté mis en lumiere: & peut-on aiſé¬

206.0 1396.0 777.0 63.0 ment cognoiſtre par l’inſcription qui eſt mi

208.0 1447.0 772.0 61.0 ſe deſſus, qu’ils ont eſtè eſcrits & publiez

207.0 1497.0 774.0 68.0 enuiron le temps du Roy Pharamond: &

903.0 1557.0 78.0 56.0 que
