1023 1853
182.0 53.0 454.0 56.0 FRANCOISE.

764.0 54.0 39.0 67.0 85

39.0 127.0 768.0 44.0 que les chefs & articles de la loy Salique &

38.0 157.0 769.0 62.0 de la loy Frãcique, n’ont iamais eſté ordõnez

40.0 206.0 765.0 64.0 pour decider du droit vniuerſel du Royau¬

37.0 253.0 767.0 66.0 me & de la choſe publique, mais pour le re¬

40.0 304.0 767.0 67.0 gard particulier d’vn chacun. En teſmoigna

40.0 355.0 771.0 68.0 ge dequoy nous en produirons ſeulemẽt vn

40.0 404.0 769.0 64.0 du tit. 62. Nulle part & portiõ de la terre Sa

40.0 451.0 767.0 67.0 lique ne ſe transfere aux femelles: mais le ſe¬

41.0 501.0 766.0 66.0 xe viril l’acquiert, c’eſt à dire les hoirs maſles

41.0 553.0 768.0 63.0 ſeuls ſuccedẽt en l’heritage: mais ſi apres vn

42.0 603.0 766.0 67.0 long eſpace de temps, il ſe meut quelque pro

42.0 653.0 767.0 62.0 ces touchant la proprieté de la terre entre

42.0 698.0 767.0 62.0 les enfans, ou leurs deſcẽdãs apres eux, quel¬

44.0 746.0 764.0 65.0 le ſoit diuiſee par teſtes & non point par li¬

45.0 801.0 763.0 64.0 gnees. Cecy eſt verifié par pluſieurs couſtu¬

45.0 849.0 762.0 63.0 miers anciens qui reſtent, & vieilles ordon¬

45.0 899.0 765.0 63.0 nances: comme de la loy des Frãçois Ripuai

46.0 945.0 761.0 64.0 res, c’eſt à dire ordonnez à la garde des frõ¬

46.0 995.0 763.0 65.0 tieres de l’Empire, au ti.58. & de celle d’An¬

47.0 1049.0 762.0 60.0 gleterre au 7. où tant s’en faut qu’il ſoit or¬

48.0 1096.0 760.0 62.0 donné rien touchant les ſucceſsions des

49.0 1145.0 762.0 63.0 Royaumes, que meſme elles ne touchent

52.0 1194.0 760.0 63.0 pas aux heritages des fiefs nobles, mais ſeu¬

49.0 1246.0 763.0 59.0 lement parlent des terres tenues en Alleud:

50.0 1294.0 764.0 62.0 combien qu’au reſte on ſouloit prendre le

51.0 1345.0 765.0 62.0 mariage qu’on aſsignoit aux filles ſur ces

52.0 1392.0 768.0 63.0 terres-la. Mais comment que ce ſoit, c’eſt

56.0 1442.0 764.0 64.0 vne choſe bien toute certaine, encore qu’il

55.0 1492.0 767.0 94.0 ny ait point d’article ny en la loy Salique

587.0 1548.0 68.0 56.0 f 3
