1023 1853
206.0 68.0 63.0 56.0 86

350.0 71.0 487.0 60.0 DE LA GAVLE

202.0 144.0 762.0 46.0 ny en la Francique, qui deboute les femel¬

203.0 180.0 762.0 58.0 les de la ſucceſsion de la Couronne, neant¬

205.0 226.0 761.0 62.0 moins que les vs & couſtumes du pays in¬

207.0 281.0 759.0 54.0 uiolablement entretenues & autoriſees par

207.0 328.0 762.0 57.0 vn continuel vſage de tant de ſiecles, doy¬

207.0 378.0 763.0 61.0 uent obtenir vigueur & autorité de loy. Car

210.0 430.0 758.0 58.0 premierement Childebert troiſieme Roy,

207.0 478.0 761.0 57.0 eſtant mort & ayant laiſſé pour tous hoirs

206.0 528.0 765.0 48.0 deux filles, elles furent excluſes de la ſucceſ¬

206.0 576.0 767.0 61.0 ſion du Royaume, & iceluy declaré apparte

206.0 627.0 763.0 53.0 nir à Clotaire frere du feu Roy. Apres le de¬

207.0 678.0 761.0 54.0 ces de Childebert cinquieme Roy de Fran¬

206.0 728.0 765.0 53.0 ce qui eut trois filles, la ſucceſsion fut defe¬

205.0 773.0 768.0 61.0 ree à ſon frere Sigebert. Item apres la mort

206.0 825.0 765.0 58.0 de Gontran Roy de Bourgongne & d’Or¬

206.0 872.0 766.0 58.0 leans, ce ne fut pas ſa fille Clotilde, mais

209.0 920.0 761.0 64.0 Sigebert qui en fur inueſty. Et ſemble auſ¬

206.0 974.0 766.0 58.0 ſi que ceux qui eſtoyent au conſeil de Phi¬

207.0 1023.0 767.0 59.0 lippe de Valois euſſent beaucoup plus ſeu¬

208.0 1074.0 766.0 54.0 rement, & auec meilleur fondement main¬

208.0 1121.0 768.0 55.0 tenu le droict de leur maiſtre, s’ils ſe fuſ¬

207.0 1169.0 769.0 59.0 ſent pluſtoſt aidez du droict des fiefs que

206.0 1221.0 770.0 55.0 d’alleguer l’authorité de la loy Salique:

210.0 1270.0 765.0 57.0 par lequel droict des ſiefs, les heritages ne

209.0 1320.0 768.0 56.0 peuuent eſtre transferez qu’aux hoirs maſ¬

208.0 1369.0 768.0 56.0 Ies, mais les femelles en ſont forcloſes. Et

207.0 1418.0 770.0 59.0 s’il aduient qu’en la ligne directe, qui iouiſt

206.0 1464.0 771.0 57.0 du fief, la race des hoirs maſles viene à fail¬

209.0 1515.0 768.0 71.0 lir: il ordonne lors que le fief ſoit tranſpor¬

906.0 1569.0 72.0 59.0 té à
