1023 1853
217.0 68.0 455.0 60.0 FRANCOISE.

774.0 69.0 43.0 54.0 87

55.0 135.0 768.0 57.0 té à l’autre lignee plus prochaine de celle¬

56.0 173.0 769.0 66.0 la, comme il aduint en ce cas-la. Mais quant

56.0 222.0 760.0 68.0 eſt des fiefs qui par vne manifeſte depraua¬

58.0 271.0 763.0 70.0 tion du droict ſont transferez aux femmes

58.0 320.0 764.0 70.0 il ne les faut point proprement appeller

59.0 368.0 761.0 73.0 fiefs, mais feudaſtres, c’eſt à dire fiefs ba¬

60.0 417.0 763.0 70.0 ſtars: ainſi comme nous l’auons monſtré en

61.0 474.0 539.0 65.0 quelques autres de nos eſcrits.

130.0 589.0 628.0 48.0 ¶ Du droict de la cheuelure Royale.

84.0 883.0 170.0 100.0 S

262.0 697.0 372.0 34.0 CHAP. IX.

276.0 764.0 559.0 66.0 I ne ſera point, à mon aduis, vn

279.0 815.0 556.0 71.0 propos trop eloigné du ſuiet

284.0 862.0 554.0 68.0 que i’ay pris à traiter, ſi ie

287.0 911.0 550.0 68.0 mets encore en auant vne autre

71.0 961.0 768.0 62.0 couſtume de nos anceſtres, touchant la

69.0 1010.0 769.0 69.0 cheuelure des Roys. Car il ſe trouue par eſ¬

72.0 1065.0 770.0 62.0 crit, que du temps de nos Peres, il y auoit vn

74.0 1112.0 767.0 63.0 certain droit de cheuelure, qui n’apparte¬

67.0 1160.0 777.0 67.0 noit qu’aux Roys: leſquels, ſoit qu’ils euſſent

70.0 1208.0 773.0 67.0 eſté eleus par les voix du peuple, ou qu’ils

66.0 1260.0 775.0 64.0 fuſſent iſſus de ſang Royal, auoyẽt priuilege

73.0 1311.0 773.0 68.0 de porter les cheueux lõgs, perfumez & me¬

79.0 1360.0 769.0 67.0 ſpartis en greue, comme pour vne marque

75.0 1408.0 774.0 68.0 & enſeigne d’anciene nobleſſe & de maieſté

84.0 1458.0 767.0 68.0 Royale, ce qui n’eſtoit loiſible aux autres:

84.0 1506.0 766.0 78.0 quoy qu’ils fuſſent de grande & noble mai¬

582.0 1567.0 82.0 52.0 f 4
