1023 1853
246.0 57.0 11.0 48.0 8

362.0 47.0 483.0 63.0 DE LA GAVLE

212.0 126.0 759.0 46.0 ſon: mais il falloit qu’ils ſe fiſſent raire la

213.0 159.0 760.0 62.0 teſte, à raiſon (comme on peut penſer) des

213.0 207.0 758.0 64.0 trauaux & labeurs qu’il leur conuenoit ſup¬

212.0 258.0 764.0 62.0 porter continuellement à la guerre: ainſi

214.0 306.0 763.0 63.0 que les hiſtoires Romaines racontent de

214.0 354.0 764.0 67.0 Iulius Cæſar & pluſieurs autres. Et de celle

213.0 407.0 764.0 64.0 couſtume parle Aimoinus au premier liure,

214.0 456.0 765.0 64.0 chapitre quatrieme. Les François, dit-il, e¬

215.0 507.0 763.0 54.0 leurent vn Roy à la mode des autres natiõs,

214.0 553.0 767.0 64.0 & firent ſeoir Pharamond ſur le throne

215.0 602.0 766.0 63.0 Royal: auquel ſucceda ſon ſils Clodion le

218.0 653.0 765.0 61.0 Cheuelu. Car en ce temps-la les Roys de

216.0 705.0 768.0 60.0 France portoyent tous les cheueux longs. I¬

212.0 751.0 769.0 66.0 tem au chap. 61. du troiſieme liure. Ceſtuy

214.0 801.0 769.0 66.0 Gondoald fut nourry & eleué par ſa mere,

215.0 852.0 771.0 64.0 & portoit les cheueux longs & eſpandus ſur

215.0 900.0 772.0 66.0 les eſpaules, à la guiſe des anciens Roys de

215.0 955.0 771.0 60.0 France. Semblablement Agathius au pre¬

216.0 999.0 774.0 65.0 mier liure de la guerre Gotth.oú il parle de

213.0 1047.0 777.0 69.0 noſtre Roy Clouis (lequel il nõme Cloda¬

213.0 1100.0 777.0 65.0 mire) quãd il fut pris en guerre par les Bour

217.0 1147.0 779.0 72.0 guignons: Auſſi toſt qu’il fut tõbé, dit-il du

213.0 1199.0 779.0 65.0 cheual à terre, les Bourguignons virent les

214.0 1248.0 779.0 67.0 cheueux qui luy pendoyent par derriere, & à

215.0 1298.0 774.0 66.0 cela ils recognurent que c’eſtoit le chef des

213.0 1347.0 778.0 64.0 ennemis. Car il n’eſt pas loiſible aux Roys

217.0 1395.0 772.0 64.0 de France de ſe faire raire la teſte: ains dés

217.0 1446.0 780.0 64.0 leur ieune aage demeurent ſans ſe tõdre, laiſ

218.0 1496.0 774.0 76.0 ſent croiſtre leurs cheueux tãt qu’ils peuuẽt,

935.0 1547.0 56.0 49.0 &
