1023 1853
190.0 55.0 447.0 64.0 FRANCOISE.

729.0 45.0 43.0 67.0 89

22.0 135.0 766.0 46.0 & les font flotter ſur leurs eipaules. On peiſt

22.0 161.0 765.0 66.0 encore retirer de nos hiſtoriens, que quand

22.0 214.0 764.0 66.0 les François vouloyẽt demettre quelqu’vn

22.0 262.0 765.0 67.0 du Royaume, ou luy oſter toute eſperance

22.0 312.0 766.0 69.0 de iamais venir à la couronne, ils auoyent

22.0 362.0 763.0 64.0 de couſtume, de luy coupper ſes cheueux.

23.0 409.0 765.0 68.0 Aimoin. au meſme paſſage. Quand il l’eut

23.0 460.0 762.0 66.0 regardé, dit-il, il commanda qu’on luy ron¬

25.0 508.0 765.0 66.0 gnaſt les cheueux, le deſaduouant d’eſtre

22.0 557.0 770.0 67.0 ſon fils. Et ailleurs: Apres qu’il fut tondu, il

23.0 607.0 768.0 66.0 fut mis en priſon à Coloigne: & quand le

26.0 656.0 766.0 70.0 poil luy fut reuenu, il eſchappa, & s’enfuit

26.0 707.0 770.0 68.0 vers Narſes. &c. Et Greg. de Tours, racõte

23.0 756.0 773.0 65.0 la meſme hiſtoire au 24. chap. du 6.liu. Item

24.0 806.0 768.0 66.0 au 44. cha. où il parle du Roy Thierry: Les

25.0 854.0 766.0 68.0 François ſe ſouleuerent contre luy, le chaſ¬

24.0 906.0 772.0 64.0 ſerent & demirent de la dignité Royale, &

25.0 958.0 768.0 63.0 le tondirent maugré luy. Mais à ce propos

28.0 1006.0 768.0 67.0 Greg. de Tours au 16. chap. du3. liure, fait

26.0 1057.0 772.0 65.0 vn conte memorable, ou pluſtoſt eſpouuan

25.0 1105.0 771.0 66.0 table d’vne Royne mere, nõmee Crotilde,

26.0 1157.0 772.0 62.0 laquelle aima mieux voir trencher la teſte

26.0 1204.0 770.0 67.0 à deux de ſes petits fils, que de ſouffrir, qu’õ

27.0 1257.0 772.0 62.0 leur couppaſt les cheueux. Noſtre mere (ce

27.0 1302.0 768.0 66.0 diſoit le Roy à ſon frere) a retenu les enfans

27.0 1354.0 773.0 64.0 de noſtre frere auec elle, & veut qu’on leur

27.0 1402.0 775.0 67.0 face part du Royaume. Il nous faut aduiſer

26.0 1451.0 778.0 69.0 enſemble, que c’eſt que nous en deuons fai¬

28.0 1502.0 775.0 76.0 re: c’eſt à ſcauoir, ou les faire tondre, afin

599.0 1561.0 73.0 58.0 f 5
