1023 1853
242.0 76.0 61.0 46.0 90

387.0 64.0 497.0 61.0 DE LA GAVLE

241.0 143.0 754.0 43.0 qu’ils ſoyẽt tenus au meſme reng que le de¬

239.0 173.0 756.0 60.0 meurant du peuple: ou biẽ les faire mourir,

239.0 223.0 758.0 59.0 & departir entre nous le Royaume de no¬

237.0 271.0 759.0 60.0 ſtre frere. Et vn peu plus auant: Adone ils

239.0 322.0 760.0 57.0 enuoyerent vn Arcadius auec des ciſeaux

239.0 369.0 760.0 63.0 de barbier en vne main, & vne eſpee trai¬

236.0 422.0 764.0 59.0 te en d’autre: lequel entrant dedans la cham¬

236.0 469.0 764.0 61.0 bre, où eſtoit la Royne, luy monſtra l’vn &

239.0 521.0 759.0 58.0 I’autre, en diſant: Meſſeigneurs vos enfans,

243.0 569.0 757.0 62.0 ô treſtilluſtre Royne, deſirent de ſçauoir

243.0 620.0 756.0 57.0 vaſtre volonté, à ſcauoir, que c’eſt que vous

239.0 670.0 759.0 58.0 eſtes d’aduis, qu’on face des enfans? & le¬

244.0 720.0 757.0 59.0 quel vous aimez le mieux, ou que les fai¬

242.0 771.0 760.0 58.0 ſant raire on les laiſſe viure, ou bien qu’on

242.0 818.0 759.0 62.0 les tue tous deux. Elle ayant ouy cela, ai¬

240.0 867.0 761.0 60.0 ma mieux prẽdre le choix de les voir morts,

239.0 919.0 763.0 62.0 que tondus. Si pouuons encore remar¬

241.0 966.0 759.0 61.0 quer en nos hiſtoires vne couſtume, qu’a¬

234.0 1017.0 770.0 60.0 uoyent les Roys, quand ils marchoyent

237.0 1065.0 767.0 62.0 en bataille, qui eſtoit d’entortiller & nouër

240.0 1116.0 764.0 59.0 leurs cheueux, en mode de pennache, ou

241.0 1164.0 763.0 63.0 de creſte, qu’ils portoyent pour cimier

241.0 1215.0 763.0 55.0 deſſus leur armet. Aimoin. au 4.liure cha¬

242.0 1262.0 764.0 59.0 pitre 18. deſcriuant la cruelle & ſanglan¬

242.0 1310.0 762.0 62.0 te bataille, qui fut combatue entre le Roy

242.0 1357.0 764.0 61.0 Dagobert, & Berthaud Duc de Saxe: Le

242.0 1413.0 764.0 60.0 Roy, dit-il, ayant receu vn grand coup d’e¬

241.0 1458.0 766.0 64.0 ſpee ſut la teſte, enuoya par vn eſcuyer à ſon

244.0 1510.0 760.0 72.0 pere, vne poignee des cheueux qu’on luy a¬

926.0 1568.0 82.0 56.0 uoit
