1023 1853
182.0 60.0 440.0 66.0 FRANCOISE.

725.0 74.0 52.0 54.0 91

18.0 146.0 756.0 44.0 uoit abbatus, auec vne piece de ſon armet,

18.0 176.0 754.0 67.0 le priant de ſe haſter de venir à ſon ſecours.

21.0 221.0 757.0 69.0 Or apres auoir conſideré à part moy, & re¬

20.0 271.0 761.0 70.0 cerché quelle peut eſtre la raiſonden celle

20.0 323.0 767.0 68.0 couſtume, ie trouue à peu pres, que c’eſt

20.0 367.0 763.0 73.0 ceſte cy. A ſcauoir, Que nos Maieurs voy¬

21.0 422.0 764.0 65.0 ans que les nations des Gaulois & des

23.0 469.0 762.0 68.0 François ſouloyent porter les cheueux

24.0 522.0 759.0 65.0 longs (comme auſsi celle des Sicambriens,

24.0 570.0 762.0 65.0 & toutes les autres nations de ce quartier¬

25.0 618.0 761.0 70.0 là, pour la pluſpart auoyent ceſte couſtu¬

25.0 668.0 763.0 67.0 me-là ) ils trouuerent bon, que de là en a¬

26.0 720.0 764.0 65.0 uant, ceſte marque ne fuſt plus ſi com¬

29.0 766.0 759.0 68.0 mune, mais qu’elle fuſt reſeruee pour e¬

28.0 819.0 760.0 65.0 ſtre le propre & ſpecial ornement de la per¬

30.0 866.0 759.0 66.0 ſonne des Roys. Car quant aux Gaulois,

30.0 920.0 765.0 62.0 il n’y a perſonne, pour peu qu’il ait leu aux

29.0 964.0 767.0 68.0 hiſtoires, qui ne ſache, qu’ils nourriſſoyent

29.0 1016.0 768.0 63.0 leurs cheueux: teſmoin celle partie de la

31.0 1062.0 766.0 67.0 Gaule, qui en fut ſurnommee Cheuelue, &

32.0 1113.0 764.0 68.0 ce qu’en dit le poëte Claudian au 2.liu.con¬

32.0 1169.0 220.0 64.0 tre Ruffin.

31.0 1253.0 767.0 69.0 Apres vient l’eſquadron à la perruque

131.0 1303.0 151.0 60.0 blonde

86.0 1346.0 712.0 73.0 Des hardis nourriſſons de la Gaule fe¬

118.0 1403.0 153.0 59.0 conde,

41.0 1448.0 760.0 74.0 Où la Saone s’esbat, & le Roſne ſou¬

135.0 1505.0 115.0 74.0 dain,
