1023 1853
227 67 57 56 92

271 140 709 38 Et qui trempe ſes bords dans les oldes

318 164 207 62 du Rhein.

224 211 755 65 Et quant aux François, qui ſont iſſus, com¬

223 265 758 58 me nous auons monſtré, des Chauciẽs, peu

226 315 753 60 ple de la baſſe Alemaigne, nous en pouuõs

225 365 754 63 tirer preuue & teſmoignage du 1.liu. du poe

224 416 589 59 te Lucain, où il dit en ceſte ſorte.

367.0 55.0 490.0 60.0 DE LA GAVLE

229 463 750 68 Vous qui deuez garder, que le peuple Ger¬

318 520 110 54 main

275 560 694 67 Ne coure ſur les pas de l’Empire Ro¬

310 622 131 50 main,

224 658 755 67 Ou qu’vn Chayc hydeux, de ſes mareſts ne

318 714 116 59 ſorte,

270 761 709 64 Qui fait voler au vent, les grans cheueux

321 814 214 59 qu’il porte,

225 858 445 65 Vers Rome vous courez

222 905 762 66 De là meſmes eſt procedé que les eſtran¬

224 961 758 59 gers, qui vouloyent mal aux François, ne ſe

222 1011 761 62 ſont pas contentez d’appeller nos Roys che

222 1061 762 61 uelus, par maniere d’iniure, porteurs de

221 1111 765 60 crins, mais meſmes, pour leur faire plus de

222 1159 760 58 deſpit, ont comparé leurs cheueux à des ſa¬

226 1205 759 61 yes de pourceau. Et ſur cela a eſté baſtie la

222 1256 765 58 belle fable, & le ſurnom peu honeſte, dont

223 1305 762 60 George Cedrenus, a ainſi eſcrit en ſon hi¬

223 1354 762 61 ſtoire: Ceux qui eſtoyent du ſang Royal,

222 1406 765 59 dit-il, s’appelloyent les Creſtez: qui vaut

223 1455 763 59 autant à dire comme, portans des ſayes ſur

223 1504 766 73 le dos: car il leur croiſſoit du poil tout du

904 1558 74 60 long
