1023 1853
171.0 52.0 460.0 60.0 FRANCOISE.

734.0 52.0 45.0 61.0 93

19.0 114.0 769.0 58.0 long de l’eſchine, ne plus ne moins, qu'aux

21.0 158.0 765.0 65.0 pourceaux. Toutefois ie me doute, que ce

23.0 204.0 766.0 71.0 paſſage là eſt corrompu au texte Grec: &

24.0 257.0 764.0 67.0 qu’il faut remettre au lieu de (Criſtati) qui

21.0 306.0 764.0 64.0 ſignifie, portans Creſte (Setati) c’eſt à dire,

21.0 354.0 768.0 66.0 portans de la ſaye: ou bien dire, qu’à l’aduen

21.0 402.0 765.0 67.0 ture, quelques vns en maniere de riſee, les

21.0 451.0 769.0 66.0 ont ſurnommez les Creſtez, à raiſon de la

21.0 501.0 766.0 67.0 houppe droite, & du flocquet de cheueux,

23.0 551.0 767.0 68.0 qu’ils portoyent noué au deſſus de leur ar¬

21.0 601.0 770.0 61.0 met: mais que leurs mal-vueillans ont tour

21.0 648.0 770.0 69.0 né cela en iniure, en les appellant porteurs

23.0 697.0 766.0 66.0 de poils & de ſayes de pourceau. Car au de¬

23.0 745.0 769.0 68.0 meurant, ſi Cedrenus n’euſt adiouſté ſi eui¬

23.0 798.0 768.0 63.0 demment ceſte derniere clauſe, i’euſſe pẽſé,

28.0 848.0 765.0 66.0 qu’au lieu du ſurnom de Trichorachates,

29.0 896.0 763.0 68.0 qu’il leur donne, & qui vaut autant à dire

25.0 947.0 769.0 67.0 comme, gens qui ont le dos velu, il les euſt

72.0 997.0 674.0 68.0 pluſtoſt fallu nommer (Trichochara¬

130.0 1047.0 558.0 64.0 ctes) c’eſt à dire, remarquables,

184.0 1101.0 450.0 65.0 pour leurs beaux & longs

329.0 1149.0 175.0 63.0 cheueux.

373.0 1195.0 72.0 73.0 ***
