1023 1853
247 52 62 56 94

299 100 702 63 ¶ Quelle forme de gouuernement poli¬

370 151 628 65 tique, on gardoit au Royaume de

358 201 388 55 la France Gauloiſe.

457 296 309 64 CHAP. X.

385 43 499 55 DE LA GAVLE

491 396 509 60 ES couſtumes ayãs eſté briè

491 446 505 65 uement diſcourues par nous,

492 500 507 55 il eſt temps maintenant d’ex¬

501 549 497 60 poſer à ſon reng, quelle for¬

490 602 510 55 me on obſeruoit, pour eſta¬

239 646 761 61 blir le gouuernement du Royaume de Fran

239 696 759 61 ce. Sur quoy, nous auons deſia monſtré,

240 746 759 61 que le peuple s’eſtoit reſerué toute l’autho¬

237 795 763 59 rité, non ſeulement d’elire, mais auſsi de

234 846 765 57 demettre les Roys. Et eſt choſe bien cer¬

235 896 765 55 taine, que les Gaulois auoyent la meſme

234 946 766 62 forme de Regne, auant qu’ils fuſſent aſ.

232 995 768 57 ſuiettis par les Romains: de ſorte que le

235 1042 764 61 peuple (dit Cæſar) auoit tout autant de

236 1094 763 57 puiſſance & d’authorité ſur le Roy, com¬

232 1141 768 59 me le Roy ſur le peuple. Or combien qu’ain

234 1193 765 55 ſi fuſt, ſi faut il toutefois preſumer, que

234 1242 765 55 les François ont pluſtoſt appris ceſte ma¬

232 1290 768 57 niere-là de dreſſer leur Republique des A¬

232 1342 765 54 lemans, c’eſt à dire, de leurs gens meſmes,

233 1390 766 57 que des Gaulois, attendu que Tacitus au

231 1442 768 49 liure des mœurs de l’Alemaigne, en eſcrit

231 1489 766 67 en telle ſorte. Les Roys, dit-il, n’auoyẽt pas

258 562 211 98 C

923 1550 74 44 vne
