1023 1853
150.0 38.0 487.0 60.0 FRANCOISE

723.0 45.0 59.0 60.0 95

19.0 114.0 761.0 48.0 vne puiſſance infinie ny abſolue. Au de¬

16.0 146.0 765.0 66.0 meurant, il eſt aiſé à iuger, qu’il n’y a forme

17.0 198.0 765.0 62.0 de gouuernement, moins approchãte d’voe

16.0 248.0 766.0 58.0 domination tyrannique, qu’eſtoit celle-là.

23.0 295.0 760.0 63.0 Car de toutes les trois marques, qui ſont at

20.0 346.0 761.0 58.0 tachees à la tyrannie, que les anciens philo¬

19.0 390.0 761.0 70.0 ſophes ont ſpecifiees, on n'ẽ ſcauroit apper¬

19.0 442.0 761.0 61.0 ceuoir pas vne en la forme de noſtre Re¬

19.0 492.0 766.0 63.0 gne. Premierement, s’il eſt queſtion d’v¬

19.0 540.0 766.0 62.0 ne domination violente & forcee, c’eſt à di¬

20.0 592.0 763.0 64.0 re; quand les ſuiets ſont contrains d’obeir à

22.0 645.0 763.0 53.0 vn tyran maugré eux: nous auons deſia vui¬

22.0 692.0 760.0 59.0 dé ce poinct là, quand nous auons monſtré,

25.0 744.0 761.0 59.0 que le peuple auoit toute puiſſance, tant

23.0 791.0 763.0 58.0 en l’election, qu’en la depoſition des Roys.

26.0 840.0 762.0 66.0 Quant aux ſoldats eſtrangers, que les ty¬

23.0 894.0 764.0 54.0 rans entretienent, & ont autour de leur

25.0 940.0 761.0 63.0 perſonne pour leur garde, & que lon con¬

24.0 992.0 767.0 59.0 te pour la ſeconde marque de tyrannic:

27.0 1041.0 762.0 57.0 tant s’en faut, que les Roys de la France

27.0 1090.0 762.0 57.0 Gauloiſe prinſſent des mercenaires & e¬

24.0 1134.0 759.0 65.0 ſtrangers & en fiſſent leurs ſatellites & gar¬

28.0 1190.0 762.0 58.0 des de leur corps, qu’ils n’employoient pas

28.0 1238.0 765.0 59.0 meſmes leurs ſuiets à la garde ordinaire de

29.0 1289.0 764.0 55.0 leur perſonne: & auſsi n’en auoyent-ils que

30.0 1336.0 764.0 60.0 faire: car ils ſe faiſoyent tãt aimer, qu’ils ſe

28.0 1385.0 764.0 59.0 tenoyent plus aſſeurez de la bien vueillãce,

30.0 1435.0 765.0 57.0 l’affection, la bonne grace & amour de leurs

28.0 1486.0 763.0 71.0 ſuiets, que s’ils euſſent eu toutes les gar¬
