<?xml version="1.0" encoding="UTF-8"?>
<alto xmlns:xsi="http://www.w3.org/2001/XMLSchema-instance"
      xmlns="http://www.loc.gov/standards/alto/ns-v4#"
      xsi:schemaLocation="http://www.loc.gov/standards/alto/ns-v4# http://www.loc.gov/standards/alto/v4/alto-4-2.xsd">
  <Description>
    <MeasurementUnit>pixel</MeasurementUnit>
    <sourceImageInformation>
      <fileName>121_f6f3e_default.jpg</fileName>
      <fileIdentifier>mets//0_4c28e_default.zip/121_f6f3e_default.jpg</fileIdentifier>
    </sourceImageInformation>
  </Description>
  <Tags>
    <OtherTag ID="BT7" LABEL="CustomZone" DESCRIPTION="block type CustomZone"/><OtherTag ID="BT8" LABEL="DamageZone" DESCRIPTION="block type DamageZone"/><OtherTag ID="BT9" LABEL="DigitizationArtefactZone" DESCRIPTION="block type DigitizationArtefactZone"/><OtherTag ID="BT10" LABEL="DropCapitalZone" DESCRIPTION="block type DropCapitalZone"/><OtherTag ID="BT11" LABEL="GraphicZone" DESCRIPTION="block type GraphicZone"/><OtherTag ID="BT12" LABEL="MainZone" DESCRIPTION="block type MainZone"/><OtherTag ID="BT13" LABEL="MarginTextZone" DESCRIPTION="block type MarginTextZone"/><OtherTag ID="BT14" LABEL="MusicZone" DESCRIPTION="block type MusicZone"/><OtherTag ID="BT15" LABEL="NumberingZone" DESCRIPTION="block type NumberingZone"/><OtherTag ID="BT17" LABEL="QuireMarksZone" DESCRIPTION="block type QuireMarksZone"/><OtherTag ID="BT18" LABEL="RunningTitleZone" DESCRIPTION="block type RunningTitleZone"/><OtherTag ID="BT19" LABEL="SealZone" DESCRIPTION="block type SealZone"/><OtherTag ID="BT20" LABEL="StampZone" DESCRIPTION="block type StampZone"/><OtherTag ID="BT21" LABEL="TableZone" DESCRIPTION="block type TableZone"/><OtherTag ID="BT22" LABEL="TitlePageZone" DESCRIPTION="block type TitlePageZone"/><OtherTag ID="BT100001" LABEL="MainZone-Head" DESCRIPTION="block type MainZone-Head"/><OtherTag ID="BT100005" LABEL="MainZone-P" DESCRIPTION="block type MainZone-P"/><OtherTag ID="BT100006" LABEL="MainZone-Continued" DESCRIPTION="block type MainZone-Continued"/><OtherTag ID="BT100002" LABEL="MainZone-Lg" DESCRIPTION="block type MainZone-Lg"/><OtherTag ID="BT100007" LABEL="MarginTextZone-ManuscriptAddendum" DESCRIPTION="block type MarginTextZone-ManuscriptAddendum"/><OtherTag ID="BT100003" LABEL="MainZone-Signature" DESCRIPTION="block type MainZone-Signature"/><OtherTag ID="BT100012" LABEL="TitlePageZone-Index" DESCRIPTION="block type TitlePageZone-Index"/>
    <OtherTag ID="LT7" LABEL="CustomLine" DESCRIPTION="line type CustomLine"/><OtherTag ID="LT8" LABEL="DefaultLine" DESCRIPTION="line type DefaultLine"/><OtherTag ID="LT9" LABEL="DropCapitalLine" DESCRIPTION="line type DropCapitalLine"/><OtherTag ID="LT10" LABEL="HeadingLine" DESCRIPTION="line type HeadingLine"/><OtherTag ID="LT11" LABEL="InterlinearLine" DESCRIPTION="line type InterlinearLine"/><OtherTag ID="LT12" LABEL="MusicLine" DESCRIPTION="line type MusicLine"/><OtherTag ID="LT766" LABEL="default" DESCRIPTION="line type default"/>
  </Tags>
  <Layout>
    <Page WIDTH="1023"
          HEIGHT="1853"
          PHYSICAL_IMG_NR="121"
          ID="eSc_dummypage_">
      <PrintSpace HPOS="0"
                  VPOS="0"
                  WIDTH="1023"
                  HEIGHT="1853">
        <TextBlock HPOS="239.0"
                   VPOS="65.0"
                   WIDTH="55.0"
                   HEIGHT="45.0"
                   ID="block_3"
                   TAGREFS="BT15">
          <Shape><Polygon POINTS="294 65 294 110 239 110 239 65"/></Shape>
          <TextLine ID="line_0"
                    TAGREFS="LT8"
                    BASELINE="246 93 299 92" 
                    HPOS="245.0"
                    VPOS="65.0"
                    WIDTH="54.0"
                    HEIGHT="46.0">
            <Shape><Polygon POINTS="296 67 286 67 276 67 265 67 255 67 245 65 246 93 246 111 259 111 259 110 260 110 261 110 261 109 264 106 270 99 278 102 281 103 282 103 283 103 284 103 299 97 299 92 296 67"/></Shape>
	    <String CONTENT="96"
                    HPOS="245.0"
                    VPOS="65.0"
                    WIDTH="54.0"
                    HEIGHT="46.0"
                    WC="0.999993085861206"></String>
          </TextLine>
        </TextBlock>
        <TextBlock HPOS="369.0"
                   VPOS="51.0"
                   WIDTH="490.0"
                   HEIGHT="52.0"
                   ID="block_0"
                   TAGREFS="BT18">
          <Shape><Polygon POINTS="859 51 859 103 369 103 369 51"/></Shape>
          <TextLine ID="line_1"
                    TAGREFS="LT10"
                    BASELINE="362 93 859 88" 
                    HPOS="361.0"
                    VPOS="53.0"
                    WIDTH="498.0"
                    HEIGHT="54.0">
            <Shape><Polygon POINTS="835 53 825 53 814 53 813 53 808 54 804 53 794 53 783 53 773 53 763 53 753 53 742 53 732 53 722 53 712 53 704 55 697 53 691 53 680 53 670 53 664 53 657 56 646 53 639 53 629 53 622 53 616 56 559 53 557 53 547 53 536 53 526 53 516 53 505 53 495 53 494 53 489 57 444 53 433 53 428 53 419 57 415 53 413 53 402 53 392 53 382 53 361 59 362 93 362 100 419 100 424 105 424 106 425 106 426 106 427 106 428 106 440 101 446 106 446 107 447 107 448 107 449 107 450 107 464 100 467 99 476 100 516 106 517 106 518 106 532 100 536 99 547 100 573 105 574 105 575 105 576 105 576 103 580 100 583 98 601 100 629 105 630 105 631 105 644 101 659 97 668 101 674 103 675 103 676 105 746 105 746 103 747 103 748 103 751 101 756 97 769 101 772 102 773 102 774 102 859 101 859 88 858 54 855 53 845 53"/></Shape>
	    <String CONTENT="DE LA GAVLE"
                    HPOS="361.0"
                    VPOS="53.0"
                    WIDTH="498.0"
                    HEIGHT="54.0"
                    WC="0.9999961853027344"></String>
          </TextLine>
        </TextBlock>
        <TextBlock HPOS="229.0"
                   VPOS="122.0"
                   WIDTH="772.0"
                   HEIGHT="1436.0"
                   ID="block_1"
                   TAGREFS="BT100006">
          <Shape><Polygon POINTS="1001 122 1001 1554 229 1558 229 122"/></Shape>
          <TextLine ID="line_2"
                    TAGREFS="LT8"
                    BASELINE="236 152 992 147" 
                    HPOS="235.0"
                    VPOS="124.0"
                    WIDTH="757.0"
                    HEIGHT="44.0">
            <Shape><Polygon POINTS="987 125 977 125 967 125 957 125 946 125 936 125 926 125 915 125 905 125 895 125 884 125 874 125 864 125 854 125 843 125 833 125 823 125 812 125 802 125 792 125 781 125 771 125 761 125 751 125 740 125 730 125 720 125 709 125 699 125 689 125 678 125 668 125 658 125 648 125 637 125 627 125 617 125 606 125 596 125 586 125 575 125 565 125 555 125 544 125 534 125 524 125 514 125 503 125 493 125 483 125 472 125 462 125 452 125 441 125 431 125 421 125 411 125 400 125 390 125 380 125 369 125 359 125 349 125 338 125 328 125 318 125 308 125 297 125 287 125 277 125 266 125 256 125 246 125 245 124 235 124 236 152 236 166 292 163 309 166 318 168 319 168 320 168 325 166 335 163 361 166 379 168 380 168 427 166 550 160 582 166 587 166 588 166 598 166 663 160 710 165 712 165 713 165 714 165 741 159 767 159 775 165 776 165 777 165 778 165 991 164 992 147 989 125 987 125"/></Shape>
	    <String CONTENT="des du monde. Ce qui ſe verifiera aſſez par"
                    HPOS="235.0"
                    VPOS="124.0"
                    WIDTH="757.0"
                    HEIGHT="44.0"
                    WC="0.9992792952892392"></String>
          </TextLine>
          <TextLine ID="line_3"
                    TAGREFS="LT8"
                    BASELINE="237 202 992 196" 
                    HPOS="236.0"
                    VPOS="157.0"
                    WIDTH="756.0"
                    HEIGHT="63.0">
            <Shape><Polygon POINTS="237 202 237 215 348 220 349 220 350 220 360 215 367 212 414 212 420 215 428 219 429 219 430 220 459 220 459 219 460 219 474 215 488 211 495 215 501 218 502 218 503 218 504 218 513 215 522 211 568 215 589 216 590 216 598 215 615 211 630 214 643 217 644 217 645 217 654 214 669 210 689 214 702 217 703 217 727 214 767 208 833 214 864 216 865 216 883 214 926 207 939 214 940 214 941 214 942 214 991 213 992 196 989 161 944 164 937 161 927 157 926 157 925 157 924 157 912 162 908 163 901 162 878 157 877 157 876 157 855 162 849 163 842 162 801 158 800 158 771 163 767 164 764 164 744 158 743 158 742 158 741 158 730 164 726 166 688 165 627 162 626 162 591 166 580 167 577 166 571 161 571 160 570 160 569 160 522 160 521 160 520 160 506 167 487 161 486 161 485 161 484 161 483 161 472 167 470 169 412 169 411 168 401 161 400 161 399 161 376 161 374 161 373 161 344 169 343 169 339 169 267 164 266 164 236 170 237 202"/></Shape>
	    <String CONTENT="ce que Greg. de Tours au 7. liu. chap. 18. &amp;"
                    HPOS="236.0"
                    VPOS="157.0"
                    WIDTH="756.0"
                    HEIGHT="63.0"
                    WC="0.9870533523234454"></String>
          </TextLine>
          <TextLine ID="line_4"
                    TAGREFS="LT8"
                    BASELINE="236 251 992 245" 
                    HPOS="235.0"
                    VPOS="206.0"
                    WIDTH="757.0"
                    HEIGHT="62.0">
            <Shape><Polygon POINTS="236 251 236 263 302 268 303 268 328 263 333 262 337 263 352 267 353 267 354 267 355 267 356 267 360 263 362 261 368 263 382 267 383 267 384 267 385 267 399 263 406 261 423 262 467 267 468 267 493 262 504 260 512 262 524 266 525 266 526 266 527 266 528 266 534 262 538 260 551 262 576 266 577 266 624 261 640 260 649 261 668 265 669 265 670 265 679 261 686 259 712 261 752 264 753 264 768 261 781 258 841 258 846 260 853 264 854 264 855 264 856 264 992 259 992 245 991 213 969 206 968 206 967 206 966 206 965 206 957 213 956 214 915 214 915 213 900 206 899 206 898 206 866 214 862 214 856 214 804 207 803 207 774 214 773 214 738 207 737 207 587 216 576 216 566 210 565 210 564 210 563 210 518 215 487 210 486 210 485 210 457 217 455 218 384 218 384 217 362 211 361 211 360 211 327 218 325 218 321 218 258 212 257 212 256 212 235 218 236 251"/></Shape>
	    <String CONTENT="Aimoin. au 3.liu. chap.63 eſcriuent, Que le"
                    HPOS="235.0"
                    VPOS="206.0"
                    WIDTH="757.0"
                    HEIGHT="62.0"
                    WC="0.9875387895938962"></String>
          </TextLine>
          <TextLine ID="line_5"
                    TAGREFS="LT8"
                    BASELINE="239 301 993 295" 
                    HPOS="237.0"
                    VPOS="255.0"
                    WIDTH="756.0"
                    HEIGHT="61.0">
            <Shape><Polygon POINTS="239 301 239 316 363 310 420 315 433 316 434 316 446 315 490 309 508 315 510 315 512 315 513 315 518 315 549 309 559 313 561 315 562 315 563 315 603 313 762 308 844 311 865 312 866 312 867 312 868 312 868 311 877 306 991 310 993 295 992 265 973 255 972 255 971 255 970 255 969 255 968 255 951 266 937 266 839 266 836 265 815 256 814 256 813 256 812 256 798 263 759 260 758 260 757 260 745 264 738 267 700 264 641 259 640 259 639 259 627 263 614 268 604 263 596 258 595 258 594 258 593 258 566 263 558 264 542 263 496 258 495 258 494 258 493 258 487 262 478 269 460 262 459 262 458 262 457 262 456 262 455 262 449 268 379 269 361 261 357 260 356 260 328 260 327 260 326 260 323 261 309 268 293 261 291 260 290 260 289 260 237 260 239 301"/></Shape>
	    <String CONTENT="Roy Gontran fut aduerty par vn homme de"
                    HPOS="237.0"
                    VPOS="255.0"
                    WIDTH="756.0"
                    HEIGHT="61.0"
                    WC="0.993839694903447"></String>
          </TextLine>
          <TextLine ID="line_6"
                    TAGREFS="LT8"
                    BASELINE="236 350 990 342" 
                    HPOS="235.0"
                    VPOS="303.0"
                    WIDTH="755.0"
                    HEIGHT="65.0">
            <Shape><Polygon POINTS="236 350 239 366 246 360 322 360 333 365 339 368 341 368 342 368 403 367 404 367 413 365 430 361 447 365 448 365 449 365 450 365 451 365 452 365 461 358 501 365 504 365 505 365 508 365 559 357 622 365 637 366 638 366 639 366 640 366 642 365 655 357 684 362 685 362 740 356 758 363 759 363 760 363 801 355 820 360 821 360 822 360 823 360 838 355 857 364 858 364 859 364 860 364 989 363 990 342 986 311 908 311 907 311 892 303 891 303 890 303 889 303 888 303 888 304 879 311 878 312 874 311 850 304 849 304 848 304 847 304 824 311 820 312 808 311 744 305 743 305 742 305 741 305 732 312 729 313 709 312 654 307 653 307 619 312 603 315 594 312 574 307 573 307 572 307 517 312 508 307 507 307 506 307 450 307 449 307 381 313 364 315 361 313 352 309 351 309 350 309 349 309 341 313 338 315 334 313 318 309 317 309 316 309 235 313 236 350"/></Shape>
	    <String CONTENT="baſſe qualité à Paris, qu’il ſe donnaſt de gar¬"
                    HPOS="235.0"
                    VPOS="303.0"
                    WIDTH="755.0"
                    HEIGHT="65.0"
                    WC="0.9830739035898325"></String>
          </TextLine>
          <TextLine ID="line_7"
                    TAGREFS="LT8"
                    BASELINE="237 399 992 393" 
                    HPOS="236.0"
                    VPOS="355.0"
                    WIDTH="756.0"
                    HEIGHT="62.0">
            <Shape><Polygon POINTS="237 399 237 412 277 410 286 412 303 417 304 417 305 417 307 417 322 412 328 410 338 412 356 415 357 415 395 411 423 409 446 411 474 414 475 414 492 411 506 408 546 410 612 415 614 415 655 410 676 407 695 409 714 412 715 412 717 412 728 409 737 407 743 409 754 413 755 413 756 414 788 414 788 413 789 413 790 413 796 409 801 406 815 409 839 413 840 413 889 412 890 412 901 408 910 405 990 407 992 393 989 358 865 364 857 359 853 355 851 355 850 355 849 355 848 355 834 359 827 361 822 359 811 355 810 355 760 355 759 355 758 355 746 360 735 366 691 366 682 360 674 356 673 356 672 356 653 356 652 356 651 356 650 356 644 361 638 366 599 367 548 367 534 362 519 357 518 357 488 357 487 357 486 357 485 357 479 362 475 364 465 363 434 358 433 358 432 358 421 363 418 364 402 363 370 361 369 361 368 361 360 364 353 366 346 364 333 359 332 359 331 359 330 359 315 364 302 368 282 364 253 359 252 359 251 359 236 364 237 399"/></Shape>
	    <String CONTENT="de, des embuſches que Faraulphe luy dreſ¬"
                    HPOS="236.0"
                    VPOS="355.0"
                    WIDTH="756.0"
                    HEIGHT="62.0"
                    WC="0.988680205694059"></String>
          </TextLine>
          <TextLine ID="line_8"
                    TAGREFS="LT8"
                    BASELINE="236 449 992 442" 
                    HPOS="235.0"
                    VPOS="404.0"
                    WIDTH="757.0"
                    HEIGHT="64.0">
            <Shape><Polygon POINTS="236 449 236 462 311 462 331 468 332 468 333 468 334 468 351 461 384 467 385 467 440 465 441 465 442 465 452 459 454 458 566 458 582 465 583 465 584 465 585 465 599 459 652 465 653 465 688 457 689 457 690 457 774 464 775 464 837 456 881 463 882 463 883 463 905 455 949 462 950 462 992 452 992 442 990 412 922 404 921 404 919 404 918 404 908 412 906 413 881 413 864 412 826 408 825 408 789 412 766 414 756 412 732 406 731 406 730 406 664 407 663 407 662 407 655 412 650 415 628 412 605 409 604 409 603 409 596 412 588 415 577 412 560 407 559 407 558 407 557 407 556 407 548 412 541 416 512 412 480 408 479 408 441 409 440 409 439 409 435 412 427 417 396 412 373 409 372 409 371 409 359 412 348 415 235 413 236 449"/></Shape>
	    <String CONTENT="ſoit: &amp; que ſur le champ, il ſe prouueut d’ar¬"
                    HPOS="235.0"
                    VPOS="404.0"
                    WIDTH="757.0"
                    HEIGHT="64.0"
                    WC="0.9761000534762507"></String>
          </TextLine>
          <TextLine ID="line_9"
                    TAGREFS="LT8"
                    BASELINE="236 499 990 495" 
                    HPOS="235.0"
                    VPOS="456.0"
                    WIDTH="755.0"
                    HEIGHT="59.0">
            <Shape><Polygon POINTS="236 499 236 509 305 508 314 510 333 515 334 515 335 515 336 515 348 510 352 508 357 510 363 513 364 513 365 513 427 510 499 507 547 511 588 514 589 514 590 514 600 511 618 506 661 506 670 511 672 513 673 513 674 513 675 513 676 513 682 511 690 508 720 511 735 513 736 513 744 512 764 507 778 512 780 512 781 512 782 512 783 512 785 512 804 505 834 512 836 512 837 512 842 512 901 506 916 512 917 512 918 513 989 513 990 495 987 464 850 456 849 456 848 456 814 464 775 457 774 457 773 457 751 465 748 465 742 465 665 457 664 457 663 457 640 465 640 466 571 466 569 466 560 460 559 460 558 460 557 460 515 466 513 466 500 458 499 458 498 458 497 458 496 458 476 463 463 458 462 458 461 458 460 458 459 458 450 464 425 458 424 458 423 458 386 459 385 459 371 466 343 459 342 459 341 459 339 459 313 467 312 468 235 468 236 499"/></Shape>
	    <String CONTENT="mes &amp; d’hommes pour ſa garde, de ſorte,"
                    HPOS="235.0"
                    VPOS="456.0"
                    WIDTH="755.0"
                    HEIGHT="59.0"
                    WC="0.9967556702785003"></String>
          </TextLine>
          <TextLine ID="line_10"
                    TAGREFS="LT8"
                    BASELINE="237 547 992 541" 
                    HPOS="236.0"
                    VPOS="505.0"
                    WIDTH="756.0"
                    HEIGHT="61.0">
            <Shape><Polygon POINTS="237 547 237 566 281 566 281 565 282 565 305 557 344 557 359 565 360 565 361 565 362 565 391 564 392 564 393 564 402 556 431 562 432 562 433 562 434 562 442 556 491 561 492 561 493 561 507 555 573 561 574 561 624 555 659 562 661 562 662 563 710 563 710 562 711 562 712 562 721 555 763 561 764 561 765 561 766 561 797 554 836 561 841 561 842 561 843 561 844 561 855 553 897 560 898 560 899 560 900 560 925 554 991 558 992 541 990 513 866 505 865 505 864 505 863 505 851 513 850 513 845 513 790 506 789 506 788 506 771 513 761 506 760 506 759 506 758 506 757 506 740 513 736 514 718 513 641 507 623 507 622 507 621 507 620 507 611 513 609 515 605 513 595 509 594 509 593 509 592 509 591 509 585 513 581 515 554 513 510 510 509 510 493 513 479 516 474 513 469 509 468 509 467 509 411 509 410 509 408 509 407 509 401 513 399 515 385 513 366 511 365 511 364 511 359 513 353 516 344 513 334 511 333 511 332 511 331 511 326 513 319 517 236 514 237 547"/></Shape>
	    <String CONTENT="que depuis il ne venoit pas meſme au tem¬"
                    HPOS="236.0"
                    VPOS="505.0"
                    WIDTH="756.0"
                    HEIGHT="61.0"
                    WC="0.9873954246683818"></String>
          </TextLine>
          <TextLine ID="line_11"
                    TAGREFS="LT8"
                    BASELINE="237 599 635 593 990 596" 
                    HPOS="236.0"
                    VPOS="553.0"
                    WIDTH="754.0"
                    HEIGHT="61.0">
            <Shape><Polygon POINTS="237 599 237 614 291 609 350 613 351 613 352 613 353 613 366 605 389 613 390 613 391 613 432 605 464 611 465 611 466 611 489 605 503 612 504 612 505 612 588 605 602 612 603 612 604 612 607 612 656 605 670 611 671 611 672 611 698 609 699 609 718 603 778 603 792 610 793 610 794 610 795 610 811 603 821 610 822 610 823 610 824 610 825 610 854 603 888 609 889 609 929 602 955 610 956 610 957 610 958 610 989 609 990 596 989 562 910 553 909 553 868 562 847 566 754 566 748 562 741 554 740 554 739 554 700 554 699 554 698 554 686 562 677 566 653 562 621 555 591 555 590 555 589 555 588 555 578 562 569 567 533 567 520 562 503 555 502 555 501 555 468 561 373 558 372 558 371 558 365 562 353 568 291 568 284 562 281 558 280 558 279 558 278 558 236 561 237 599"/></Shape>
	    <String CONTENT="ple, qu’il n’euſt touſiours à l’entour de ſoy,"
                    HPOS="236.0"
                    VPOS="553.0"
                    WIDTH="754.0"
                    HEIGHT="61.0"
                    WC="0.9934484755739252"></String>
          </TextLine>
          <TextLine ID="line_12"
                    TAGREFS="LT8"
                    BASELINE="239 646 993 642" 
                    HPOS="237.0"
                    VPOS="604.0"
                    WIDTH="756.0"
                    HEIGHT="59.0">
            <Shape><Polygon POINTS="239 646 239 657 267 663 268 663 313 658 423 663 424 663 556 656 622 653 628 656 632 658 633 658 634 658 667 656 705 653 717 656 731 659 732 659 733 659 734 659 749 655 761 653 787 655 816 658 817 658 835 655 855 652 873 655 905 660 906 660 992 654 993 642 991 614 910 614 881 604 880 604 833 604 832 604 831 604 801 614 759 609 758 609 757 609 756 609 747 615 676 615 655 605 654 605 616 605 615 605 563 612 487 606 486 606 418 616 338 616 325 609 324 609 323 609 237 617 239 646"/></Shape>
	    <String CONTENT="vne compagnie de ſoldats armez. Il ſe trou¬"
                    HPOS="237.0"
                    VPOS="604.0"
                    WIDTH="756.0"
                    HEIGHT="59.0"
                    WC="0.9822825373605241"></String>
          </TextLine>
          <TextLine ID="line_13"
                    TAGREFS="LT8"
                    BASELINE="237 697 993 690" 
                    HPOS="237.0"
                    VPOS="652.0"
                    WIDTH="756.0"
                    HEIGHT="58.0">
            <Shape><Polygon POINTS="237 710 993 706 993 690 992 660 969 654 968 654 967 654 966 654 944 659 935 652 934 652 933 652 932 652 887 660 881 660 853 660 853 659 844 653 843 653 842 653 841 653 840 653 827 659 825 660 820 659 777 653 776 653 693 659 654 662 637 659 612 655 611 655 500 659 344 666 328 659 326 658 325 658 324 658 310 659 252 665 237 659 237 697 237 710"/></Shape>
	    <String CONTENT="ue encore auiourdhuy vne hiſtoire, de la"
                    HPOS="237.0"
                    VPOS="652.0"
                    WIDTH="756.0"
                    HEIGHT="58.0"
                    WC="0.9994468972086906"></String>
          </TextLine>
          <TextLine ID="line_14"
                    TAGREFS="LT8"
                    BASELINE="236 747 992 741" 
                    HPOS="235.0"
                    VPOS="703.0"
                    WIDTH="757.0"
                    HEIGHT="60.0">
            <Shape><Polygon POINTS="236 747 236 758 315 756 322 758 344 763 345 763 346 763 373 757 381 756 391 757 436 762 437 762 464 756 466 755 601 754 603 755 614 760 615 760 616 761 662 761 662 760 690 754 709 759 710 759 711 759 712 759 713 759 720 753 721 753 723 753 749 759 751 759 752 759 770 753 772 752 775 753 793 759 794 759 795 760 842 760 842 759 843 759 863 752 865 751 868 752 884 758 885 758 887 759 942 759 942 758 991 750 992 741 989 711 801 711 789 703 788 703 787 703 742 703 741 703 682 713 676 713 603 713 602 713 580 705 578 705 526 705 525 705 524 705 523 705 515 712 497 705 496 705 495 705 405 714 373 706 372 706 371 706 337 711 269 707 268 707 267 707 266 707 257 715 235 715 236 747"/></Shape>
	    <String CONTENT="vie du Roy Sainct Loys, eſcrite par vn per¬"
                    HPOS="235.0"
                    VPOS="703.0"
                    WIDTH="757.0"
                    HEIGHT="60.0"></String>
          </TextLine>
          <TextLine ID="line_15"
                    TAGREFS="LT8"
                    BASELINE="234 796 994 791" 
                    HPOS="233.0"
                    VPOS="751.0"
                    WIDTH="761.0"
                    HEIGHT="61.0">
            <Shape><Polygon POINTS="234 796 234 812 277 807 354 811 374 812 376 812 383 811 405 806 497 810 536 811 537 811 547 809 566 805 609 809 630 810 631 810 655 808 700 803 776 803 782 807 788 809 789 809 790 809 812 806 841 802 848 806 853 808 854 808 855 808 994 803 994 791 993 759 969 751 968 751 967 751 966 751 937 759 934 759 927 759 879 753 878 753 877 753 876 753 870 758 869 760 836 760 820 758 788 754 787 754 786 754 771 758 765 760 763 758 756 752 755 752 754 752 753 752 752 752 732 758 726 760 724 758 717 752 715 752 714 752 695 752 694 752 693 752 676 758 666 762 627 762 622 758 617 753 616 753 615 753 569 753 568 753 567 753 554 757 546 760 519 757 485 754 484 754 483 754 475 757 466 762 385 757 364 756 363 756 362 756 361 756 360 757 351 764 296 764 275 757 268 755 267 755 266 755 233 756 234 796"/></Shape>
	    <String CONTENT="ſonnage notable, à ſcauoir, le Sieur Ian de"
                    HPOS="233.0"
                    VPOS="751.0"
                    WIDTH="761.0"
                    HEIGHT="61.0"
                    WC="0.9979080612009222"></String>
          </TextLine>
          <TextLine ID="line_16"
                    TAGREFS="LT8"
                    BASELINE="234 848 989 840" 
                    HPOS="233.0"
                    VPOS="797.0"
                    WIDTH="756.0"
                    HEIGHT="66.0">
            <Shape><Polygon POINTS="234 848 234 859 383 858 393 859 421 863 422 863 504 859 615 853 649 853 659 858 660 859 661 859 662 859 663 859 671 858 717 852 740 858 741 858 742 858 743 858 764 852 794 857 795 857 836 851 864 858 866 858 867 858 868 858 871 858 901 851 986 857 989 840 986 807 912 797 911 797 910 797 909 797 901 802 842 799 841 799 840 799 839 799 831 807 830 807 827 807 780 799 779 799 778 799 764 807 761 808 756 807 731 799 730 799 729 799 728 799 709 807 703 809 688 807 666 803 665 803 650 807 640 809 638 807 630 800 629 800 628 800 627 800 556 801 555 801 554 801 546 807 544 808 540 807 517 801 516 801 515 801 503 807 495 811 459 807 435 805 434 805 433 805 429 807 419 812 355 812 344 807 334 803 333 803 332 803 301 807 263 812 233 808 234 848"/></Shape>
	    <String CONTENT="Ionuille, qui eut ceſt heur d’eſtre fort long"
                    HPOS="233.0"
                    VPOS="797.0"
                    WIDTH="756.0"
                    HEIGHT="66.0"
                    WC="0.9911591278182136"></String>
          </TextLine>
          <TextLine ID="line_17"
                    TAGREFS="LT8"
                    BASELINE="233 897 994 890" 
                    HPOS="232.0"
                    VPOS="851.0"
                    WIDTH="762.0"
                    HEIGHT="63.0">
            <Shape><Polygon POINTS="233 897 233 906 326 914 327 914 364 906 424 913 425 913 426 913 438 905 447 912 448 912 449 912 450 912 486 905 539 912 540 912 603 903 606 903 609 903 653 911 654 911 655 911 656 911 667 902 668 902 673 902 715 910 717 910 820 901 826 901 830 901 882 908 883 908 993 899 994 890 992 858 961 851 960 851 959 851 945 858 944 859 804 859 803 859 771 852 770 852 722 860 721 860 719 860 680 853 679 853 678 853 659 861 657 861 651 861 580 854 578 854 535 861 487 855 486 855 485 855 466 862 397 858 396 858 296 864 290 864 288 864 255 858 254 858 253 858 232 863 233 897"/></Shape>
	    <String CONTENT="temps aupres de ce Roy là, &amp; de conuerſer"
                    HPOS="232.0"
                    VPOS="851.0"
                    WIDTH="762.0"
                    HEIGHT="63.0"
                    WC="0.9996347966648284"></String>
          </TextLine>
          <TextLine ID="line_18"
                    TAGREFS="LT8"
                    BASELINE="232 946 994 939" 
                    HPOS="231.0"
                    VPOS="904.0"
                    WIDTH="763.0"
                    HEIGHT="56.0">
            <Shape><Polygon POINTS="232 946 232 955 357 960 358 960 359 960 360 960 367 955 369 954 382 955 448 959 449 959 495 954 505 953 524 954 611 958 612 958 651 953 659 952 673 953 738 957 739 957 740 957 741 957 741 956 746 952 747 951 752 952 767 956 768 956 769 956 798 952 806 951 993 951 994 939 991 904 752 910 731 905 727 904 726 904 721 905 695 912 606 912 599 905 598 905 597 905 596 905 595 905 594 905 585 912 520 906 519 906 475 912 463 906 462 906 461 906 460 906 438 913 361 906 355 906 354 906 351 906 298 914 231 907 232 946"/></Shape>
	    <String CONTENT="familierement auec luy: mais en toute ceſte"
                    HPOS="231.0"
                    VPOS="904.0"
                    WIDTH="763.0"
                    HEIGHT="56.0"
                    WC="0.9863545243130174"></String>
          </TextLine>
          <TextLine ID="line_19"
                    TAGREFS="LT8"
                    BASELINE="232 996 997 991" 
                    HPOS="231.0"
                    VPOS="952.0"
                    WIDTH="766.0"
                    HEIGHT="57.0">
            <Shape><Polygon POINTS="232 996 232 1004 360 1009 361 1009 505 1004 538 1003 996 1003 997 991 993 953 969 959 938 953 931 952 930 952 929 952 928 952 927 953 917 959 871 953 865 953 864 953 859 953 812 960 702 956 701 956 700 956 690 961 676 954 675 954 674 954 673 954 672 954 670 954 645 961 594 955 585 954 584 954 583 954 582 954 582 955 572 962 536 963 428 963 416 956 416 955 415 955 414 955 413 955 412 955 408 956 389 961 231 957 232 996"/></Shape>
	    <String CONTENT="hiſtoire-là, vous ne ſcauriez trouuer vn ſeul"
                    HPOS="231.0"
                    VPOS="952.0"
                    WIDTH="766.0"
                    HEIGHT="57.0"
                    WC="0.9901929717996846"></String>
          </TextLine>
          <TextLine ID="line_20"
                    TAGREFS="LT8"
                    BASELINE="232 1045 992 1037" 
                    HPOS="231.0"
                    VPOS="999.0"
                    WIDTH="761.0"
                    HEIGHT="62.0">
            <Shape><Polygon POINTS="232 1045 232 1058 358 1055 371 1058 384 1061 385 1061 386 1061 387 1061 388 1061 392 1058 398 1055 403 1058 405 1059 406 1059 407 1059 417 1058 442 1054 453 1058 460 1061 461 1061 462 1061 478 1058 497 1054 549 1058 584 1060 585 1060 586 1060 596 1058 620 1052 656 1052 668 1057 672 1059 673 1059 674 1059 687 1057 709 1054 759 1057 777 1058 778 1058 779 1058 782 1057 797 1052 872 1055 873 1055 908 1049 924 1055 925 1055 990 1056 992 1037 990 1007 950 1000 949 1000 948 1000 947 1000 940 1007 882 1007 828 999 827 999 826 999 799 1008 783 1000 782 1000 781 1000 780 1000 760 1008 725 1001 724 1001 723 1001 704 1009 639 1001 638 1001 637 1001 621 1010 581 1010 564 1002 563 1002 562 1002 561 1002 548 1007 517 1002 516 1002 483 1009 439 1003 438 1003 352 1006 351 1006 324 1014 293 1005 292 1005 291 1005 231 1015 232 1045"/></Shape>
	    <String CONTENT="endroit, où il ſoit parlé ny de ſatellites, ny"
                    HPOS="231.0"
                    VPOS="999.0"
                    WIDTH="761.0"
                    HEIGHT="62.0"
                    WC="0.9898099141816298"></String>
          </TextLine>
          <TextLine ID="line_21"
                    TAGREFS="LT8"
                    BASELINE="233 1095 995 1090" 
                    HPOS="232.0"
                    VPOS="1051.0"
                    WIDTH="763.0"
                    HEIGHT="60.0">
            <Shape><Polygon POINTS="233 1095 233 1103 384 1111 385 1111 421 1106 533 1110 534 1110 535 1110 551 1103 556 1101 562 1103 581 1109 582 1109 583 1109 670 1103 714 1100 727 1103 746 1108 747 1108 748 1109 774 1109 774 1108 775 1108 776 1108 785 1103 789 1100 794 1103 804 1108 805 1108 806 1109 841 1109 841 1108 842 1108 854 1103 861 1099 994 1102 995 1090 993 1055 968 1051 967 1051 966 1051 955 1055 948 1057 937 1055 915 1051 914 1051 913 1051 897 1055 883 1059 874 1056 862 1051 861 1051 860 1051 835 1056 813 1060 778 1056 762 1055 761 1055 723 1057 653 1061 648 1058 641 1053 640 1053 639 1053 611 1053 610 1053 609 1053 591 1058 580 1062 491 1062 484 1059 471 1054 470 1054 437 1054 436 1054 435 1054 434 1054 428 1060 425 1062 402 1062 398 1060 391 1054 390 1054 389 1054 388 1054 387 1054 372 1060 369 1061 367 1060 355 1055 354 1055 241 1055 240 1055 239 1055 237 1055 232 1058 233 1095"/></Shape>
	    <String CONTENT="de hallebardiers, ny de compaignie de la"
                    HPOS="232.0"
                    VPOS="1051.0"
                    WIDTH="763.0"
                    HEIGHT="60.0"
                    WC="0.9770706266164779"></String>
          </TextLine>
          <TextLine ID="line_22"
                    TAGREFS="LT8"
                    BASELINE="233 1145 993 1136" 
                    HPOS="232.0"
                    VPOS="1099.0"
                    WIDTH="761.0"
                    HEIGHT="65.0">
            <Shape><Polygon POINTS="233 1145 233 1164 281 1155 457 1158 458 1158 501 1151 530 1158 540 1160 541 1160 561 1158 607 1150 616 1156 618 1158 619 1158 620 1158 621 1158 636 1156 676 1149 707 1149 717 1154 723 1157 724 1157 725 1157 726 1157 735 1154 746 1149 804 1151 883 1156 884 1156 885 1156 906 1149 917 1146 927 1149 941 1155 942 1155 943 1155 993 1147 993 1136 990 1104 934 1107 926 1105 908 1099 907 1099 906 1099 905 1099 884 1105 875 1108 868 1106 863 1104 862 1104 861 1104 823 1106 783 1109 779 1107 772 1102 771 1102 770 1102 769 1102 768 1102 767 1102 760 1107 757 1110 696 1110 688 1109 654 1102 653 1102 652 1102 651 1102 638 1110 635 1111 621 1110 589 1107 588 1107 587 1107 573 1111 567 1112 561 1111 531 1104 530 1104 479 1110 452 1105 451 1105 450 1105 449 1105 438 1111 421 1105 420 1105 419 1105 388 1111 318 1106 317 1106 232 1116 233 1145"/></Shape>
	    <String CONTENT="garde: mais ſeulement de portiers, qu’il ap¬"
                    HPOS="232.0"
                    VPOS="1099.0"
                    WIDTH="761.0"
                    HEIGHT="65.0"
                    WC="0.9985900846394625"></String>
          </TextLine>
          <TextLine ID="line_23"
                    TAGREFS="LT8"
                    BASELINE="234 1195 994 1187" 
                    HPOS="233.0"
                    VPOS="1150.0"
                    WIDTH="761.0"
                    HEIGHT="65.0">
            <Shape><Polygon POINTS="234 1195 234 1209 255 1215 256 1215 257 1215 258 1215 259 1215 267 1209 276 1204 295 1209 298 1210 299 1210 300 1210 310 1209 360 1203 421 1204 429 1209 436 1214 437 1214 438 1214 439 1214 464 1209 466 1209 468 1209 497 1213 498 1213 522 1209 560 1202 573 1209 580 1212 581 1212 582 1213 633 1213 633 1212 634 1212 635 1212 639 1209 651 1201 700 1200 738 1209 749 1211 751 1211 752 1211 759 1209 783 1200 817 1205 819 1205 820 1205 835 1199 935 1208 946 1209 947 1209 948 1209 949 1209 949 1208 963 1198 992 1208 994 1187 992 1158 775 1150 774 1150 773 1150 757 1159 702 1151 701 1151 656 1160 645 1152 644 1152 643 1152 620 1152 619 1152 618 1152 595 1160 587 1152 586 1152 585 1152 559 1152 558 1152 519 1161 476 1156 475 1156 445 1162 399 1155 398 1155 339 1163 260 1156 259 1156 258 1156 233 1164 234 1195"/></Shape>
	    <String CONTENT="pelle en langage vulgaire Huyſsiers. Quant"
                    HPOS="233.0"
                    VPOS="1150.0"
                    WIDTH="761.0"
                    HEIGHT="65.0"
                    WC="0.9943798113436926"></String>
          </TextLine>
          <TextLine ID="line_24"
                    TAGREFS="LT8"
                    BASELINE="232 1243 992 1238" 
                    HPOS="231.0"
                    VPOS="1200.0"
                    WIDTH="761.0"
                    HEIGHT="59.0">
            <Shape><Polygon POINTS="232 1243 233 1259 259 1252 350 1257 351 1257 425 1251 492 1256 493 1256 494 1256 495 1256 508 1251 569 1256 577 1256 578 1256 584 1256 622 1250 709 1255 724 1255 725 1255 726 1255 727 1255 734 1249 761 1254 767 1255 768 1255 780 1254 830 1249 843 1254 845 1254 846 1254 847 1255 896 1255 896 1254 897 1254 899 1253 911 1248 990 1252 992 1238 989 1200 941 1207 808 1202 793 1202 792 1202 791 1202 789 1202 768 1208 728 1203 722 1203 721 1203 714 1204 679 1209 651 1204 640 1203 639 1203 638 1203 637 1203 635 1205 627 1209 572 1206 558 1205 557 1205 524 1206 445 1210 439 1207 434 1204 433 1204 432 1204 431 1204 430 1204 415 1208 405 1210 396 1208 381 1204 380 1204 379 1204 343 1209 326 1211 316 1209 293 1205 292 1205 231 1210 232 1243"/></Shape>
	    <String CONTENT="à la troiſieme marque de tyrannie, qui eſt,"
                    HPOS="231.0"
                    VPOS="1200.0"
                    WIDTH="761.0"
                    HEIGHT="59.0"
                    WC="0.991547866301103"></String>
          </TextLine>
          <TextLine ID="line_25"
                    TAGREFS="LT8"
                    BASELINE="230 1292 995 1286" 
                    HPOS="229.0"
                    VPOS="1246.0"
                    WIDTH="766.0"
                    HEIGHT="62.0">
            <Shape><Polygon POINTS="230 1292 230 1307 321 1308 322 1308 323 1308 330 1306 348 1301 368 1305 378 1307 379 1307 410 1305 485 1299 523 1303 549 1306 550 1306 577 1302 611 1298 634 1302 655 1305 656 1305 657 1305 658 1305 664 1301 669 1298 715 1298 728 1300 745 1304 746 1304 817 1299 836 1298 844 1299 873 1302 874 1302 875 1302 876 1302 880 1298 882 1297 894 1298 948 1303 949 1303 994 1296 995 1286 993 1254 922 1246 921 1246 919 1246 892 1254 892 1255 675 1256 674 1256 662 1248 661 1248 660 1248 607 1248 606 1248 562 1255 512 1249 510 1249 509 1249 480 1259 476 1259 473 1259 441 1251 440 1251 439 1251 438 1251 430 1259 429 1260 379 1260 379 1259 352 1250 351 1250 350 1250 318 1251 317 1251 316 1251 307 1260 305 1261 229 1261 230 1292"/></Shape>
	    <String CONTENT="quand toutes choſes ſont rapportees à la"
                    HPOS="229.0"
                    VPOS="1246.0"
                    WIDTH="766.0"
                    HEIGHT="62.0"
                    WC="0.9976809301027437"></String>
          </TextLine>
          <TextLine ID="line_26"
                    TAGREFS="LT8"
                    BASELINE="230 1343 995 1338" 
                    HPOS="229.0"
                    VPOS="1299.0"
                    WIDTH="766.0"
                    HEIGHT="60.0">
            <Shape><Polygon POINTS="230 1343 230 1352 336 1359 337 1359 485 1353 535 1351 539 1353 548 1357 549 1357 550 1357 638 1353 707 1350 719 1353 725 1355 726 1355 727 1355 741 1353 763 1350 771 1353 777 1356 778 1356 779 1357 819 1357 819 1356 820 1356 821 1356 824 1353 828 1350 832 1353 836 1356 837 1356 838 1356 839 1356 864 1355 865 1355 866 1355 867 1353 873 1349 994 1353 995 1338 992 1300 948 1307 932 1301 928 1299 927 1299 878 1299 877 1299 876 1299 875 1299 872 1302 868 1305 855 1302 850 1301 849 1301 848 1301 847 1301 846 1301 845 1302 834 1309 790 1303 772 1301 771 1301 748 1304 707 1309 699 1305 690 1300 689 1300 688 1300 687 1300 686 1300 678 1305 671 1309 661 1305 649 1301 648 1301 646 1301 611 1306 609 1306 608 1306 590 1301 589 1301 588 1301 587 1301 572 1307 564 1311 533 1312 501 1312 495 1308 487 1302 486 1302 485 1302 440 1302 439 1302 438 1302 425 1308 389 1302 388 1302 387 1302 386 1302 377 1310 373 1313 229 1313 230 1343"/></Shape>
	    <String CONTENT="commodité, &amp; au plaiſir de celuy qui domi"
                    HPOS="229.0"
                    VPOS="1299.0"
                    WIDTH="766.0"
                    HEIGHT="60.0"
                    WC="0.996748366526195"></String>
          </TextLine>
          <TextLine ID="line_27"
                    TAGREFS="LT8"
                    BASELINE="230 1392 992 1387" 
                    HPOS="229.0"
                    VPOS="1348.0"
                    WIDTH="763.0"
                    HEIGHT="60.0">
            <Shape><Polygon POINTS="230 1392 230 1402 292 1408 293 1408 320 1403 324 1402 329 1403 353 1408 354 1408 450 1403 495 1401 500 1403 509 1407 510 1407 512 1407 546 1403 576 1400 602 1403 621 1406 622 1406 646 1404 671 1401 678 1404 685 1406 686 1406 687 1406 688 1406 689 1406 692 1404 698 1400 731 1404 743 1405 744 1405 745 1405 746 1405 747 1404 756 1399 851 1403 853 1403 854 1403 855 1403 861 1397 899 1397 914 1404 915 1404 916 1405 991 1405 992 1387 990 1358 923 1348 922 1348 873 1349 872 1349 856 1356 825 1349 824 1349 823 1349 802 1358 776 1349 775 1349 774 1349 746 1350 745 1350 744 1350 731 1358 699 1352 698 1352 697 1352 682 1359 655 1350 654 1350 653 1350 620 1355 584 1350 583 1350 582 1350 559 1357 535 1350 534 1350 533 1350 499 1351 498 1351 473 1360 414 1351 413 1351 412 1351 411 1351 395 1360 321 1353 320 1353 319 1353 318 1353 308 1361 242 1356 241 1356 240 1356 239 1356 229 1361 230 1392"/></Shape>
	    <String CONTENT="ne, &amp; non pas à la conſeruation des ſuiets,"
                    HPOS="229.0"
                    VPOS="1348.0"
                    WIDTH="763.0"
                    HEIGHT="60.0"
                    WC="0.9855396585030989"></String>
          </TextLine>
          <TextLine ID="line_28"
                    TAGREFS="LT8"
                    BASELINE="229 1443 994 1436" 
                    HPOS="228.0"
                    VPOS="1396.0"
                    WIDTH="766.0"
                    HEIGHT="61.0">
            <Shape><Polygon POINTS="229 1443 229 1454 341 1451 374 1453 444 1457 445 1457 489 1451 495 1451 498 1451 524 1457 525 1457 566 1450 576 1449 580 1450 595 1457 596 1457 597 1457 629 1452 635 1457 636 1457 637 1457 638 1457 686 1452 772 1456 773 1456 774 1456 793 1449 839 1455 840 1455 880 1447 884 1446 885 1447 893 1451 894 1451 895 1451 896 1451 935 1446 938 1446 953 1454 955 1454 956 1454 993 1445 994 1436 992 1405 876 1396 875 1396 785 1406 765 1407 671 1407 670 1406 650 1400 649 1400 648 1400 646 1400 634 1406 631 1408 597 1409 549 1409 536 1407 505 1401 504 1401 503 1401 490 1407 486 1409 474 1407 439 1401 438 1401 437 1401 427 1406 345 1403 344 1403 343 1403 342 1403 333 1408 328 1411 302 1408 275 1405 274 1405 228 1408 229 1443"/></Shape>
	    <String CONTENT="nous monſtrerons cy apres, que la ſouue¬"
                    HPOS="228.0"
                    VPOS="1396.0"
                    WIDTH="766.0"
                    HEIGHT="61.0"
                    WC="0.999358557164669"></String>
          </TextLine>
          <TextLine ID="line_29"
                    TAGREFS="LT8"
                    BASELINE="229 1492 996 1486" 
                    HPOS="228.0"
                    VPOS="1446.0"
                    WIDTH="768.0"
                    HEIGHT="62.0">
            <Shape><Polygon POINTS="229 1492 229 1501 336 1508 337 1508 338 1508 360 1501 364 1500 368 1501 392 1507 393 1507 394 1507 414 1501 417 1500 424 1500 470 1507 471 1507 472 1507 495 1500 501 1499 516 1500 571 1506 572 1506 615 1499 629 1498 650 1499 709 1505 710 1505 755 1499 772 1497 795 1499 850 1504 851 1504 884 1498 901 1496 994 1497 996 1486 995 1452 987 1446 986 1446 985 1446 957 1446 956 1446 893 1454 887 1455 885 1455 868 1446 867 1446 866 1446 823 1455 821 1455 820 1455 776 1447 775 1447 774 1447 755 1456 754 1456 741 1451 740 1451 739 1451 738 1451 720 1456 715 1457 711 1456 690 1449 689 1449 688 1449 687 1449 668 1457 666 1457 656 1457 602 1453 601 1453 572 1457 567 1458 564 1458 541 1451 540 1451 539 1451 538 1451 510 1458 508 1458 506 1458 446 1450 445 1450 382 1458 367 1453 366 1453 365 1453 364 1453 346 1460 344 1460 342 1460 313 1451 312 1451 311 1451 310 1451 309 1451 298 1460 297 1460 295 1460 246 1455 245 1455 244 1455 228 1460 229 1492"/></Shape>
	    <String CONTENT="ueraine &amp; ptincipale adminiſtration du"
                    HPOS="228.0"
                    VPOS="1446.0"
                    WIDTH="768.0"
                    HEIGHT="62.0"
                    WC="0.9974736712480846"></String>
          </TextLine>
          <TextLine ID="line_30"
                    TAGREFS="LT8"
                    BASELINE="224 1542 995 1535" 
                    HPOS="223.0"
                    VPOS="1495.0"
                    WIDTH="772.0"
                    HEIGHT="73.0">
            <Shape><Polygon POINTS="224 1542 224 1568 301 1568 301 1567 303 1567 336 1559 347 1564 348 1564 349 1564 350 1564 361 1559 374 1565 376 1565 377 1565 378 1565 390 1560 445 1566 449 1566 450 1566 451 1566 452 1566 484 1557 685 1563 686 1563 748 1555 773 1563 774 1563 775 1564 814 1564 856 1564 856 1563 857 1563 858 1563 871 1555 879 1559 880 1559 881 1559 915 1554 965 1554 992 1562 995 1535 992 1495 955 1500 919 1496 916 1496 915 1496 914 1496 913 1496 888 1505 826 1498 825 1498 824 1498 823 1498 822 1498 812 1507 727 1507 717 1500 715 1499 714 1499 713 1499 679 1498 678 1498 677 1498 669 1501 653 1507 583 1502 571 1502 570 1502 569 1502 567 1504 550 1508 523 1504 492 1499 491 1499 490 1499 489 1499 481 1505 478 1507 460 1506 414 1500 413 1500 363 1507 343 1510 339 1508 332 1501 331 1501 330 1501 329 1501 267 1508 236 1501 235 1501 234 1501 223 1507 224 1542"/></Shape>
	    <String CONTENT="Royaume des Francsgaulois appartenoit à"
                    HPOS="223.0"
                    VPOS="1495.0"
                    WIDTH="772.0"
                    HEIGHT="73.0"
                    WC="0.9976351976394653"></String>
          </TextLine>
        </TextBlock>
        <TextBlock HPOS="956.0"
                   VPOS="1555.0"
                   WIDTH="38.0"
                   HEIGHT="43.0"
                   ID="block_2"
                   TAGREFS="BT17">
          <Shape><Polygon POINTS="994 1555 994 1598 956 1598 956 1555"/></Shape>
          <TextLine ID="line_31"
                    TAGREFS="LT8"
                    BASELINE="953 1587 993 1585" 
                    HPOS="951.0"
                    VPOS="1547.0"
                    WIDTH="42.0"
                    HEIGHT="58.0">
            <Shape><Polygon POINTS="953 1587 955 1605 993 1597 993 1585 991 1554 962 1547 961 1547 960 1547 959 1547 959 1548 951 1554 953 1587"/></Shape>
	    <String CONTENT="la"
                    HPOS="951.0"
                    VPOS="1547.0"
                    WIDTH="42.0"
                    HEIGHT="58.0"
                    WC="0.9995734691619873"></String>
          </TextLine>
        </TextBlock>
      </PrintSpace>
    </Page>
  </Layout>
</alto>
