1023 1853
180.0 48.0 443.0 57.0 FRANCOISE.

738.0 55.0 43.0 54.0 97

27.0 120.0 771.0 47.0 la generale & ſolennelle aſſembleé de toute

27.0 154.0 770.0 66.0 la nation qu’on a appellé depuis l’aſſemblee

29.0 206.0 769.0 61.0 des trois eſtats. Car l’eſtat du gouuernemẽt

29.0 254.0 769.0 65.0 de ce Royaume, eſtoit tout tel, que celuy le¬

29.0 303.0 768.0 67.0 quel au iugement des anciens Philoſophes,

30.0 354.0 769.0 60.0 nommément de Platon & d’Ariſtote, que

32.0 403.0 767.0 63.0 Polybius à ſuyuis, eſt le meilleur, & le plus

36.0 456.0 763.0 58.0 parfait de tous les autres: c’eſt à ſcauoir, ce¬

33.0 503.0 769.0 64.0 luy qui eſt compoſé & tẽperé de toutes les

32.0 552.0 771.0 61.0 trois eſpeces de gouuernement: de la Monar

35.0 602.0 768.0 64.0 chie, où il n’y a qu’vn Roy qui cõmande ſou

35.0 652.0 769.0 61.0 uerainement, de l’Ariſtocratie, qui eſt l’e¬

35.0 702.0 769.0 59.0 ſtat de la nobleſſe, où vn petit nombre des

37.0 753.0 765.0 61.0 plus gens de bien, a l’autorité entre mains,

35.0 802.0 770.0 60.0 & de l’eſtat où le peuple eſt ſouuerain: qui

35.0 851.0 769.0 64.0 eſt auſsi la forme de gouuernement politi¬

37.0 902.0 768.0 61.0 que, que Cic. a la plus approuuee de toutes

36.0 949.0 768.0 62.0 en ſes liur. de la Rep. Car l’eſtat de la Roy¬

36.0 1001.0 769.0 60.0 auté eſtant directement contraire à vn gou¬

36.0 1050.0 769.0 61.0 uernemẽt populaire, il eſt beſoin de mettre

39.0 1102.0 768.0 61.0 quelque tiers entredeux, qui ſerue de cõtre¬

39.0 1149.0 771.0 55.0 poix, & touchant aux deux extremitez, autãt

38.0 1200.0 769.0 57.0 à l’vne cõme à l’autre, les tiene en egale ba¬

37.0 1249.0 773.0 60.0 lãce: c’eſt à ſcauoir, l’eſtat où quelque nõbre

38.0 1299.0 771.0 59.0 de gens de bien & d’hõneur ait le gouuerne

39.0 1348.0 771.0 59.0 ment, lequel à raiſon de la nobleſſe de race

39.0 1400.0 772.0 51.0 cõiointe auec la ſuffiſance, & experiẽce aux

39.0 1446.0 772.0 64.0 affaires, approche de la dignité Royale: mais

41.0 1502.0 768.0 63.0 auſsi pourautant qu’il eſt vn degré plus bas,

651.0 1556.0 24.0 57.0 g
