1023 1853
239.0 54.0 51.0 58.0 98

383.0 45.0 490.0 62.0 DE LA GAVLE

231.0 123.0 769.0 45.0 à cauſe de la ſuietiõ qui luy eſt cõmune auec

233.0 154.0 768.0 64.0 le peuple, n’eſt pas fort eſloigné de l’eſtat

237.0 205.0 760.0 61.0 populaire Car il recognoiſt vn meſme Sei¬

237.0 256.0 763.0 59.0 gneur, & depend d’vn meſme Prince, cõme

232.0 304.0 767.0 62.0 le reſte du peuple. Mais il y a entre autres

233.0 355.0 768.0 59.0 vn beau paſſage de Cic. où il loue hautemẽt

230.0 405.0 768.0 60.0 ceſte ſingulierement bõne tẽperature, & e¬

231.0 453.0 767.0 61.0 ſtabliſſemẽt de gouuernemẽt politique, le¬

232.0 506.0 768.0 57.0 quei a eſté dextremẽt retiré & repreſẽté des

228.0 551.0 772.0 63.0 li. de la Rep. de Platon & cõbien qu’il ſoit ſi

231.0 604.0 769.0 62.0 propremẽt couché en ſa lãgue, & en ſi bons

229.0 652.0 769.0 62.0 temes qu’il ne ſoit poſsible de luy dõner v¬

226.0 704.0 772.0 57.0 ne telle grace en la noſtre: toutefois nous le

230.0 752.0 768.0 62.0 mettrõs icy, Tout ainſi, dit il, qu’il faut, que

228.0 802.0 765.0 60.0 ceux, qui iouẽt des inſtrumens de Muſique,

226.0 855.0 772.0 59.0 ou qui chãtent à pluſieurs parties, tienẽt vne

225.0 898.0 767.0 64.0 meſure, & ſonnẽt vn chãt harmonieux, meſ¬

224.0 949.0 775.0 62.0 lé de diuers ſons, ou de diuerſes voix amaſ¬

225.0 1000.0 772.0 61.0 ſees & accordees enſẽble, leſquelles, ſi elles

227.0 1052.0 769.0 54.0 vienent à s’eſclater tant ſoit peu, & à ſortir

224.0 1101.0 773.0 59.0 hors de ton, fõt mal aux oreilles de ceux qui

224.0 1149.0 774.0 62.0 s’entendent en l’arti de Muſique: & cependãt

223.0 1201.0 775.0 58.0 ceſte harmonie ne vient d’ailleurs, que de la

221.0 1248.0 777.0 59.0 cõſonãce parfaite, & bien accordee de voix

221.0 1298.0 776.0 57.0 differẽtes: ainſi en matiere de gouuernemẽt

222.0 1349.0 773.0 60.0 d’vne choſe publique, qui eſt cõpoſee de per

217.0 1396.0 780.0 60.0 ſonnes de haute, de moyene & de baſſe qua¬

217.0 1446.0 780.0 59.0 lité, quãd les parties differẽtes s’vniſſẽt, liẽt

220.0 1494.0 776.0 63.0 & incorporẽt enſemble, il n’y a harmonie ſi

216.0 1547.0 776.0 66.0 muſicale, ne melodie mieux accordee qu’eſt
