1023 1853
212.0 48.0 445.0 61.0 FRANCOISE.

758.0 60.0 45.0 49.0 99

40.0 124.0 767.0 43.0 celle de la cõcorde, qui procede de l'vnion,

40.0 158.0 769.0 59.0 charité & meſlange des citoyens d’vne meſ¬

40.0 207.0 770.0 58.0 me ville, qui eſt comme vne chaine forte &

38.0 255.0 769.0 63.0 roide, pour aſſeurer & retenir l’eſtat d’vne

40.0 306.0 769.0 63.0 choſe publique, qui ne peut en ſorte quel¬

41.0 356.0 766.0 60.0 conques durer long tẽps ſans iuſtice. Pour¬

41.0 408.0 770.0 56.0 tant me ſemble bien, que nos Maieurs, s’e¬

41.0 456.0 774.0 58.0 ſtudians à maintenir leur Repub en ceſte

42.0 508.0 773.0 57.0 bonne temperature, qui eſt meſlee des trois

43.0 555.0 771.0 58.0 eſpeces de gouuernement, ordonnerẽt treſ¬

43.0 606.0 772.0 60.0 ſagement, qu’on tiendroit tous les ans vne

43.0 654.0 773.0 58.0 aſſemblee generale de tout le Royaume, le

45.0 704.0 771.0 58.0 premier iour de May: & qu’en icelle on de¬

43.0 753.0 773.0 60.0 libereroit par le commun conſeil de tous

44.0 799.0 771.0 62.0 les Eſtats des plus grans affaires du Royau¬

45.0 851.0 771.0 63.0 me. Et y a trois poicts principaux, qui don¬

44.0 903.0 776.0 57.0 nent euidemment à cognoiſtre, de quel

46.0 949.0 771.0 62.0 profit, & de quelle conſequence fut celle

46.0 1003.0 775.0 57.0 ordonnance: Premierement, pource qu’au

44.0 1053.0 776.0 56.0 iugement de Salomon, & de pluſieurs au¬

44.0 1100.0 773.0 59.0 tres ſages hommes, il faut par raiſon, que9

46.0 1148.0 773.0 59.0 l’abondance & meureté de cõſeil, ſe trouue

46.0 1201.0 771.0 59.0 en l’honorable cõpaignie & ſage conferen¬

47.0 1249.0 768.0 57.0 ce d’vn bon nombre d’anciens: ſecondemẽt,

47.0 1300.0 767.0 58.0 pourautant que c’eſt vne partie de liberté,

47.0 1348.0 768.0 57.0 que l’autorité & le conſeil de ceux-là entre¬

47.0 1399.0 770.0 56.0 uiene au maniemẽt des affaires, eſquels giſt

47.0 1448.0 769.0 58.0 la ruine ou cõſeruation de leur Eſtat: & que

48.0 1496.0 765.0 67.0 cela ſoit ratifié par tous, là où tous ont inte

594.0 1561.0 92.0 61.0 g 2
