1023 1853
239.0 59.0 83.0 46.0 100

370.0 49.0 506.0 60.0 DE LA GAVLE

232.0 134.0 766.0 41.0 reſt. Finablement, afin que ceux qui ont cre

232.0 165.0 766.0 58.0 dit aupres du Roy, & ont de grans gouuer¬

230.0 213.0 770.0 60.0 nemens, ſoyent retenus en leur deuoir, par

231.0 258.0 768.0 64.0 la crainte de celle aſſemblee, où les plain¬

231.0 310.0 769.0 59.0 tes & doleancces des Communautez ſont

233.0 361.0 765.0 62.0 patiemment ouyes. Car quant à ce qu’il

236.0 411.0 762.0 58.0 y a des Royaumes, qui ſont gouuernez

228.0 458.0 771.0 62.0 ſous le plaiſir & volonté d’vn Roy, Ariſto¬

228.0 507.0 770.0 62.0 te au troiſieme liure des Politiques, ſemble

227.0 557.0 770.0 63.0 auoir treſ bien iugé, que ce n’eſt point là

228.0 611.0 768.0 59.0 vn gouuernement ſeãt à hommes libres, &

226.0 657.0 771.0 62.0 qui vſent de l’adreſſe de la raiſon, mais

223.0 707.0 771.0 58.0 bien plus conuenable à des beſtes brutes

222.0 758.0 772.0 59.0 deſpourueues de iugemẽt & de conſeil. Car

222.0 807.0 773.0 60.0 la choſe deuroit aller tout au rebours: &

220.0 856.0 774.0 62.0 ne plus ne moins qu’on voit que les brebis

219.0 906.0 774.0 65.0 ſont conduites par quelqu’vn, qui n’eſt pas

220.0 958.0 772.0 59.0 de leur ſorte: & que les enfans ou ieunes

219.0 1010.0 774.0 58.0 garçons ne ſe laiſſent pas gouuerner & dreſ¬

216.0 1058.0 774.0 61.0 ſer par vn de leurs compagnons, mais par

217.0 1108.0 773.0 61.0 quelqu’vn, qui a plus d’aage, & plus de pru¬

215.0 1160.0 774.0 55.0 dence qu’eux: ainſi pour certain la multitu¬

215.0 1209.0 768.0 58.0 de des hommes, deuroit eſtre regie & gou¬

214.0 1256.0 767.0 59.0 uernee, non point par quelqu’vn d’ẽtre eux,

215.0 1304.0 767.0 62.0 qui le plus ſouuent n’aura pas telle ſuffiſan¬

213.0 1358.0 768.0 49.0 ce & experience aux affaires, comme beau¬

211.0 1406.0 767.0 60.0 coup d’autres, mais par ceux qui ſeroyẽt ap¬

211.0 1458.0 765.0 56.0 prouuez & choiſis par le conſentement ge¬

208.0 1507.0 769.0 62.0 neral de tout vn peuple, cõme les plus ver¬

864.0 1562.0 113.0 55.0 tueux
