1023 1853
208.0 60.0 452.0 59.0 FRANCOISE.

739.0 65.0 68.0 43.0 101

39.0 129.0 769.0 48.0 tueux & les plus ſuffiſans de tous, pour en

39.0 163.0 767.0 61.0 faire vn corps entier de cõſeil, où pluſieurs

40.0 216.0 768.0 55.0 entendemẽs & pluſieurs bõs cerueaux eſtãs

41.0 261.0 766.0 61.0 amaſſez & recueillis enſemble, fuſſent cõme

41.0 315.0 764.0 59.0 I’ame qui gouuernaſt & remuaſt tout le re¬

41.0 362.0 766.0 61.0 ſte du corps de la choſe publique. Car

42.0 413.0 768.0 59.0 quant à ce que les Roys ont vn conſeil or¬

42.0 463.0 767.0 57.0 dinaire aupres d’eux, par l’aduis duquel ils

43.0 510.0 764.0 63.0 diſent qu’ils gouuernẽt la Republique. Pre¬

43.0 562.0 768.0 58.0 mieremẽt c’eſt autre choſe, d’eſtre du cõſeil

43.0 611.0 765.0 59.0 du Royaume, & autre choſe d’eſtre du con¬

43.0 660.0 768.0 61.0 ſeil priué du Roy. Car le premier tend à

45.0 713.0 763.0 58.0 prouuoir au bien de toute la Repub. vniuer

44.0 761.0 768.0 58.0 ſellement: l’autre ne penſe qu’à ſeruir aux

44.0 812.0 766.0 55.0 commoditez & auantages d’vn hõme. Puis

45.0 861.0 766.0 61.0 apres, veu que ces conſeillers ordinaires re¬

45.0 910.0 767.0 59.0 ſident touſiours en vn lieu, ou pour le

46.0 959.0 766.0 60.0 moins ne bougent gueres de la Cour du

47.0 1009.0 766.0 58.0 Prince, ils ne ſcauroyent ne voir, ne bien

46.0 1057.0 768.0 63.0 cognoiſtre l’eſtat des prouinces, qui ſont

47.0 1107.0 766.0 64.0 les plus eſloignees. D’auantage, il n’aduient

47.0 1161.0 763.0 57.0 que trop ſouuent, qu’eſtans amorchez par

47.0 1206.0 763.0 62.0 les delices & voluptez de la Cour, ils ſe cor¬

47.0 1256.0 766.0 61.0 rõpent, & ſe laiſſent aiſément tranſporter à

50.0 1308.0 764.0 54.0 vne conuoitiſe de dominer, & au deſir ex¬

48.0 1353.0 769.0 64.0 cesſif de faire leurs maiſons grandes: de ſor¬

49.0 1405.0 770.0 60.0 te qu’a la fin, ils donnent à cognoiſtre, qu’ils

49.0 1455.0 773.0 64.0 ne ſont point Conſeillers du Royaume, &

51.0 1505.0 770.0 73.0 du bien public:mais qu’ils ſont flateurs d’vn

611.0 1570.0 73.0 66.0 g 3
