1023 1853
233.0 77.0 81.0 40.0 102

366.0 71.0 495.0 54.0 DE LA GAVLE

232.0 145.0 763.0 43.0 Roy, & miniſtres de ſes diſſolutions & des

230.0 178.0 766.0 61.0 leurs. Et à ce propos, il ſe trouue dedans

233.0 225.0 761.0 64.0 Fl. Vopiſcus vn bon traict de l’Emp. Aure¬

231.0 277.0 764.0 63.0 lian, qui eſt bien digne d’eſtre icy rememo¬

231.0 322.0 762.0 69.0 ré. I’ay, dit-il, autrefois ouy dire, qu’il n’y

230.0 376.0 764.0 62.0 auoit choſe plus mal-aiſee à faire, que de

228.0 426.0 761.0 64.0 bien commander. Il y en a quatre ou cinq

229.0 474.0 763.0 67.0 qui s’aſſemblent: & prenent vn conſeil, pour

227.0 528.0 765.0 59.0 abuſer l’Empereur: & luy rapportent ce

229.0 576.0 762.0 64.0 que bon leur ſemble. l’Empereur, qui ne

226.0 624.0 765.0 64.0 bouge de la maiſon, ne ſcait rien au vray de

223.0 673.0 763.0 62.0 l’eſtat des affaires, & n’en peut rien ſcauoir,

223.0 725.0 766.0 61.0 ſinon autant, que ceux cy luy en veulent di¬

222.0 774.0 767.0 59.0 re. Il met en eſtat de iudicature ceux, qui

223.0 817.0 764.0 68.0 qui n’y doyuent pas eſtre. Il demet du gou¬

221.0 871.0 770.0 62.0 uernement ceux, qu’il deuroit retenir: Brief

220.0 918.0 766.0 64.0 comme diſoit Diocletian, le bon, le ſage, le

222.0 968.0 764.0 64.0 poure Empereur eſt trahy & vendu. Cela

218.0 1018.0 766.0 64.0 fait, autãt que nulle autre choſe, cognoiſtre

217.0 1072.0 768.0 62.0 euidemment le grand ſens, & la longue pro¬

219.0 1123.0 766.0 59.0 uoyance de nos anceſtres, à qui voudra de

218.0 1168.0 764.0 64.0 pres conſiderer les dangers, & inconue¬

217.0 1217.0 767.0 62.0 niens, auſquels ils ont voulu prudemment

215.0 1265.0 769.0 68.0 remedier, quand ils ont ordonné, que la

214.0 1315.0 769.0 65.0 choſe publique fuſt adminiſtree par le con¬

214.0 1368.0 769.0 62.0 ſeil des eſtats: & que pour tenir ce conſeil

213.0 1415.0 770.0 64.0 le Roy, les Princes, & les deputez de chaſ¬

215.0 1470.0 765.0 59.0 que prouince, s’aſſemblaſſent en vn cer¬

215.0 1512.0 765.0 76.0 tain temps de l’annec. Laquelle couſtu¬

911.0 1584.0 70.0 48.0 me
