1023 1853
201.0 58.0 457.0 54.0 FRANCOISE.

743.0 46.0 67.0 64.0 103

47.0 136.0 766.0 39.0 me a auſsi eſté autrefois en vſage entre plu¬

48.0 160.0 767.0 64.0 ſieurs autres nations. Premierement en

48.0 213.0 764.0 60.0 noſtre anciene Gaule, que nous auons

49.0 258.0 764.0 66.0 monſtré cy deſſus, auoir eſté adminiſtree

51.0 308.0 762.0 68.0 par vn commun Parlement des plus nota¬

51.0 359.0 763.0 67.0 bles choiſis & deputez par le peuple. Mais

53.0 406.0 761.0 71.0 pourautant qu’il eſt iey queſtion d’vn Roy¬

52.0 460.0 763.0 59.0 aume, c’eſt vne choſe aſſez cognue, que le

52.0 506.0 765.0 66.0 Parlement des Amphictyons, fut inſtitué

56.0 558.0 764.0 67.0 par le Roy Amphictyon, fils de Deucalion

55.0 607.0 759.0 68.0 (ainſi qu’en font foy Suidas, & quelques au¬

53.0 657.0 764.0 65.0 tres) & que là s’aſſembloyent à vn temps

55.0 706.0 764.0 66.0 prefix de l’annee, les deputez des douze Ci¬

55.0 755.0 765.0 65.0 tez & Prouinces de la Grece, pour y delibe¬

55.0 807.0 765.0 62.0 rer en commun, des matieres d’importãce,

57.0 856.0 763.0 63.0 & affaires concernans l’eſtat du Royaume

58.0 905.0 758.0 63.0 & de la choſe publique: à raiſon dequoy,

60.0 954.0 762.0 65.0 Ciceron l’appelle l’aſſemblee commune,

59.0 1002.0 763.0 68.0 Pline, l’aſſemblee publique, ou generale de

58.0 1052.0 764.0 67.0 la Grece. Ceſte meſme prudence eurent

58.0 1102.0 763.0 65.0 les Alemans en eſtabliſſant l’eſtat de l’Em¬

60.0 1150.0 753.0 72.0 pire d’Alemaigne: où l’Empereur fepre¬

58.0 1204.0 762.0 62.0 ſente le gouuernement de Monarchie. Les

60.0 1249.0 763.0 66.0 Princes, d’Ariſtocratie: & les Ambaſſa¬

60.0 1302.0 764.0 67.0 deurs & deputez des villes retienent l’appa¬

60.0 1352.0 766.0 62.0 rence de Democratie, c’eſt à dire, de l’eſtat

61.0 1402.0 768.0 65.0 populaire: & n’y a rien de tout ce qui appar¬

59.0 1451.0 768.0 66.0 tient au gouuernement politique de l’Ale¬

61.0 1500.0 767.0 80.0 maigne, qui ſoit tenu pour ferme & inuio¬

610.0 1560.0 87.0 67.0 g 4
