1023 1853
244.0 38.0 74.0 57.0 104

395.0 36.0 493.0 70.0 DE LA GAVLE

239.0 100.0 763.0 71.0 lable, s'il n’a eſté paſſé par l’aduis de l’aſſem

241.0 146.0 762.0 70.0 blee de ces trois eſtats-là. Ce fut auſſi l’in¬

240.0 197.0 759.0 70.0 tention qu’eurẽt iadis les Lacedæmoniens,

236.0 248.0 767.0 71.0 quand ils donnerent (comme dit Platon) vn

237.0 296.0 764.0 74.0 mors à leurs Roys, qui fut la puiſſance &

234.0 346.0 767.0 69.0 autorité des Ephores, c’eſt à dire, des Con¬

235.0 395.0 766.0 72.0 trerolleurs, afin qu’ils ſe gouuernaſſent par

232.0 444.0 770.0 71.0 leur cõſeil & aduis, en l’adminiſtration de la

233.0 492.0 768.0 74.0 choſe publique. Pline dit ſemblablement

232.0 546.0 769.0 67.0 au 22. chap. du ſixieme liure, que c’eſtoit la

232.0 595.0 768.0 67.0 meſme forme de police, qui eſtoit eſtablie

231.0 644.0 770.0 69.0 en l’iſle de Taprobane, où le peuple don¬

229.0 696.0 771.0 68.0 noit au Roy nouuellement eleu trente Gou

231.0 747.0 767.0 65.0 uerneurs, ſans le conſeil deſquels il ne pou¬

229.0 794.0 767.0 69.0 uoit rien ordonner en matiere d’eſtat: pour

226.0 844.0 771.0 68.0 euiter, que les Roys n’vſurpaſſent vne puiſ¬

225.0 892.0 770.0 72.0 fance infinie ſur leurs citoyens, & qu’ils ne

225.0 941.0 765.0 70.0 maſtinaſſent leur peuple, ne plus ne moins,

225.0 993.0 769.0 69.0 qu’on fait des eſclaues, ou des moutons. Les

223.0 1040.0 770.0 71.0 Anglois obſeruẽt auſsi ceſte meſme forme

223.0 1092.0 769.0 69.0 de gouuerner leur Royaume, teſmoin Poly¬

223.0 1138.0 764.0 71.0 dore Verg. au liure, 11.de l’hiſt. des Anglois,

221.0 1192.0 772.0 67.0 où il eſcrit ainſi. Auãt ce tẽps-là (dit-il, par¬

220.0 1240.0 771.0 69.0 lant du temps du Roy Henry I.) Les Roys

219.0 1289.0 766.0 71.0 n’auoyent pas accouſtumé de tenir aſſẽblee

219.0 1340.0 770.0 69.0 de peuple, pour deliberer des affaires, ſinon

219.0 1389.0 766.0 68.0 que biẽ rarement: de ſorte qu’on peut dire,

216.0 1442.0 769.0 65.0 que ceſte couſtume cõmença à Hẽry: laquel

216.0 1487.0 771.0 82.0 le depuis à tellemẽt pris pied ferme, & s’eſt ſi

894.0 1548.0 90.0 81.0 bien
