1023 1853
52.0 128.0 754.0 52.0 A TRESILLVSTRE ET

91.0 184.0 722.0 48.0 treſpuiſſant Prince & Seigneur, Frideric

90.0 218.0 721.0 58.0 Comte Palatin du Rhein, Duc de Bauie¬

88.0 268.0 723.0 64.0 re, &c. premier Electeur du Sacré Empi¬

85.0 317.0 723.0 64.0 re: ſon Seigneur tresdebonnaire. Salut.

40 415 261 258 ᑕ

301.0 434.0 508.0 43.0 Eſt vne anciene ſentẽce, Prin

308.0 469.0 500.0 59.0 ce treſilluſtre, qu’on a com¬

314.0 517.0 493.0 55.0 nunemẽt attribuee à Teucer

296.0 567.0 513.0 55.0 fils de Telamon, & qui a eſté

297.0 617.0 514.0 57.0 autoriſee par le conſentemẽt

45.0 669.0 767.0 58.0 de pluſieurs ſiecles, Que le Pays eſt par tout

42.0 717.0 770.0 58.0 où l’on ſe trouue bien. Car il ſemble biẽ que

43.0 767.0 770.0 60.0 c’eſt le propre office d’vn courage vaillant

42.0 814.0 769.0 62.0 & eleué, de porter auſſi facilement l’en¬

41.0 863.0 771.0 62.0 nuy d’vn exil, comme de ſouffrir les autres

44.0 915.0 769.0 60.0 incommoditez, qui ont accouſtumé d’ad¬

44.0 968.0 769.0 56.0 uenir aux hommes: & mettre ſous les pieds

43.0 1014.0 770.0 56.0 les iniures receues de ſa patrie ingrate, &

42.0 1064.0 772.0 61.0 n’en faire nõ plus de conte que des hargnes

42.0 1115.0 781.0 55.0 &outrages d’vne belle mere: mais ie ſuis biẽ

44.0 1165.0 769.0 57.0 d’vne autre opiniõ. Car ſi c’eſt vne faute re¬

45.0 1213.0 769.0 62.0 prochable & approchante d’impieté que de

46.0 1265.0 768.0 57.0 porter mal patiemment les mœurs diffici¬

46.0 1314.0 769.0 60.0 les, voire meſme l’auſterité & l’aigreur de

45.0 1361.0 770.0 62.0 nos peres & meres, que ſera-ce au prix ſi

45.0 1416.0 770.0 57.0 nous meſpriſons noſtre patrie? laquelle tous

46.0 1463.0 767.0 57.0 ceux qui furent iamais renommez pour leur

48.0 1510.0 768.0 81.0 ſageſſe ont iugé deuoir eſtre plus reſpectee

565.0 1578.0 105.0 58.0 (:) 2
