1023 1853
163.0 47.0 458.0 59.0 FRANCOISE.

728.0 51.0 68.0 56.0 105

32.0 117.0 764.0 49.0 bien maintenue, que de la en auant s’il y a¬

32.0 157.0 767.0 60.0 uoit quelque matiere d’importance, & qui

31.0 199.0 767.0 65.0 concernaſt l’eſtat de la republique à delibe¬

32.0 252.0 764.0 66.0 rer, on la rapportoit à ceſte aſſemblee gene¬

32.0 300.0 769.0 66.0 rale: & ſi le Roy ou le peuple auoit ordonné

32.0 350.0 771.0 64.0 ou commãdé quelque choſe on n’en faiſoit

36.0 399.0 766.0 63.0 pas grand cas, s’il n’auoit eſté authoriſé &

35.0 448.0 764.0 65.0 paſſé en ce conſeil-la. Et pour euiter que la

33.0 498.0 770.0 67.0 multitude du peuple, qui bien ſouuent n’a

37.0 550.0 765.0 61.0 pas grand ſens & iugement, ne vint à alterer

35.0 596.0 770.0 65.0 les aduis propoſez en ce Conſeil, il fut fait

37.0 650.0 768.0 60.0 vne ordonnance au commencement, laquel

35.0 697.0 768.0 62.0 le arreſtoit & limitoit le nombre & la qua¬

36.0 745.0 772.0 66.0 lité de ceux de l’eſtat du Clergé, & de ceux

37.0 798.0 765.0 63.0 du peuple qui s’y deuroyeut trouuer. Ils ap¬

40.0 847.0 769.0 64.0 pellent en commun langage Parlement, à la

37.0 900.0 771.0 58.0 mode des François, celle congregation que

38.0 946.0 770.0 61.0 chaſque Roy a accouſtumé de tenir à l’en¬

39.0 999.0 771.0 61.0 tree de ſon regne: lequel le conuoque puis

41.0 1045.0 771.0 64.0 apres toutes fois & quantes que bon luy ſem

40.0 1094.0 774.0 63.0 ble &que l’occaſiõ s’en offre. Voila ce qu’en

41.0 1142.0 771.0 65.0 dit Polydore. Mais entre toutes les couſtu¬

41.0 1196.0 775.0 60.0 mes des nations que nous auons recitees, il

41.0 1248.0 774.0 60.0 ny en a point encore qui ſoit plus remarqua¬

42.0 1291.0 777.0 68.0 ble que celle des Eſpagnols: leſquels quand

42.0 1342.0 775.0 63.0 ils creent vn Roy en l’aſſemblee generale

43.0 1390.0 776.0 64.0 des Eſtats d’Aragon, pour rendre l’action

44.0 1440.0 773.0 65.0 plus memorable, font venir vn homme deſ¬

45.0 1490.0 771.0 77.0 guiſé, comme s’ils vouloyent iouër vne far

604.0 1556.0 79.0 54.0 g 5
