1023 1853
222 103 765 64 ce, auquel ils impoſent le nom de Droict

223 159 766 58 d’Aragon, & declarent qu’il eſt par l’ordon

222 208 767 58 nance du peuple plus grand & plus puiſſant

224 259 765 52 que le Roy: finablement ils s’adreſſent au

221 307 766 56 Roy meſmes qu’ils ont eleu ſous certaines

220 356 767 57 loix& conditions, & luy diſent en ces termes

220 408 769 57 leſquels nous auons icy exproſſément inſe¬

220 458 764 55 rez, pourautant qu’ils monſtrent la magna¬

222 509 763 51 nimité qui eſt en celle nation, à brider la li¬

221 554 764 56 cence de ſes Roys, & les mener à la raiſon:

222 600 763 58 NOS QVI VALEMOS TANTO CO¬

219 651 766 57 MEVOS, Y PODEMOS MAS QVE

226 701 759 52 VOS, VOS ELEGIMOS REY CON ES

224 750 760 51 TAS Y ESTAS CONDITIONES:IN¬

223 799 760 59 TRAVOS Y NOS, VN QVEMAN¬

216 850 770 61 DA MAS QVE VOS. Qui vaut autant à

215 902 768 56 dire comme, Nous qui valons autant com¬

212 951 772 58 me vous, & qui pouuõs plus que vous, nous

215 1002 771 56 vous eliſons Roy, auec telles & telles con¬

213 1052 773 52 ditions: entre vous & nous vn commande

213 1101 772 59 qui eſt plus que vous. Or puis donques que

210 1148 776 58 ceſte couſtume & ce droict a touſiours eſté

209 1199 776 58 en vſage entre toutes nations, i’entende cel

209 1245 773 62 les qui viuent ſous vn gouuernement Royal

208 1294 775 63 & moderé, non pas ſous vne domination ty¬

208 1347 773 59 rannique on peut de là aiſément conclurre,

206 1393 777 61 non ſeulement que ceſte liberté tant belle

207 1447 776 58 de tenir aſſemblees generales de conſeil, eſt

208 1496 774 68 vne partie du droict des gens, mais meſmes

224 56 85 46 106

371 51 493 51 DE LA GAVLE

906 1559 75 67 que
