1023 1853
183.0 72.0 444.0 56.0 FRANCOISE.

726.0 80.0 57.0 38.0 107

24.0 128.0 767.0 65.0 que les Roys qui par mauuaiſes pratiques

27.0 173.0 764.0 69.0 & cautelles oppriment ceſte ſaincte & ſa¬

28.0 223.0 766.0 69.0 cree liberté, ne doyuent plus eſtre tenus en

28.0 271.0 766.0 73.0 qualité de Roys, mais de tyrans, cõme ceux

28.0 323.0 763.0 70.0 qui violent le plus ſainct droict qui ait ia¬

28.0 374.0 768.0 63.0 mais eu lieu entre les hommes, & rompent

29.0 420.0 765.0 67.0 les liẽs de toute ſocieté humaine. Mais pour

28.0 471.0 767.0 69.0 retourner à noſtre propos, apres que la for¬

30.0 522.0 763.0 67.0 me de la police de noſtre choſe publique,

30.0 570.0 767.0 65.0 eut ainſi eſté temperee & compoſee des

30.0 621.0 768.0 66.0 trois eſpeces d’eſtat (ainſi que nous auons

30.0 671.0 768.0 66.0 dit)il fut ordonné: qu’on aſſembleroit tous

31.0 720.0 768.0 68.0 les ans, & lors qu’il eſcherroit quelque ma¬

32.0 772.0 767.0 62.0 tiere de conſequence, vne ſolennelle & pu¬

35.0 820.0 769.0 67.0 blique congregation: qui fut à ceſte raiſon

35.0 867.0 769.0 71.0 appellee le Parlement des trois Eſtats: qui

35.0 919.0 768.0 65.0 ne ſignifie autre choſe, ſinon qu’vn colloque

33.0 966.0 772.0 67.0 & aſſemblee de gens amaſſez de diuers lieux

37.0 1016.0 766.0 70.0 pour deliberer & aduiſer ſur les affaires cõ¬

35.0 1065.0 772.0 66.0 muns. Et de là vient que les entreueuës &

36.0 1121.0 771.0 60.0 colloques qui ſe font entre ennemis pour

36.0 1166.0 773.0 66.0 cauſe de paix ou de trefues, ne s’appellent

38.0 1221.0 769.0 62.0 point autremẽt en nos chroniques que Par¬

36.0 1265.0 775.0 66.0 lemens. Or en ceſte aſſemblee la preſidoit le

38.0 1314.0 772.0 64.0 Roy aſſis en vn throne d’or: aſſiſtè de ſes

38.0 1366.0 770.0 65.0 Princes & des grans Seigneurs & Gouuer¬

36.0 1415.0 778.0 64.0 neurs du Royaume qui eſtoyent aſſis vn peu

39.0 1464.0 774.0 68.0 plus bas que luy: & au deſſous d’eux les Am

37.0 1512.0 774.0 75.0 baſſadeurs des prouinces, que nous appel¬
