1023 1853
221.0 62.0 73.0 49.0 108

385.0 50.0 493.0 64.0 DE LA GAVLE

216.0 115.0 760.0 71.0 lons cammunement les Deputez. Car quãd

217.0 166.0 761.0 60.0 Ie iour de l’aſſemblee eſtoit venu, on cõdui¬

217.0 214.0 759.0 66.0 ſoit le Roy dedans la ſalle preparee pour

215.0 267.0 762.0 64.0 ceſte action auec vn appareil, qui tenoit

216.0 316.0 761.0 62.0 plus d’vne moderatiõ ciuile & populaire que

213.0 363.0 764.0 64.0 de la magnificence Royale. Et nonobſtant

213.0 416.0 762.0 63.0 que ie m’aſſeure que ces flateurs & mignons

212.0 463.0 765.0 63.0 de Cour d’auiourd’huy ne faudront pas d’en

211.0 514.0 765.0 61.0 faire leurs riſees: toutefois d’autant que

211.0 563.0 763.0 60.0 c’eſt vne partie de la pieté & de la reueren¬

209.0 615.0 767.0 63.0 ce que nous deuons à nos predeceſſeurs, que

209.0 659.0 763.0 67.0 de prendre plaiſir à conſiderer leur ſageſſe,

209.0 714.0 766.0 62.0 nous expoſerons qu’elle eſtoit la pompe de

207.0 766.0 764.0 56.0 ceſte entree icy, ainſi que les monimens an¬

208.0 815.0 765.0 57.0 ciens en font foy. Premierement donc le

209.0 864.0 765.0 58.0 Roy eſtoit monté ſur vn chariot trainé par

208.0 913.0 766.0 61.0 des bœufs, qu’vn bouuier picquoit atout

208.0 962.0 766.0 61.0 vn aguillon. Et apres que le Roy eſtoit arri

207.0 1012.0 767.0 60.0 ué, & entré dedans la ſalle où ſe deuoyent

206.0 1063.0 768.0 60.0 tenir les eſtats, les Princes le menoyent &

206.0 1111.0 767.0 62.0 l'aſſeoyent ſur vn ſiege d’or: & les autres

205.0 1163.0 767.0 58.0 (comme nous auons dit) ſe mettoyent chaſ¬

203.0 1211.0 769.0 59.0 cun en ſa place & en ſon reng. Eſtant donc

203.0 1259.0 761.0 62.0 le Roy en tel eſtat & ſeant auec ſes eſtats,

203.0 1309.0 768.0 65.0 on l’appelloit adonc la Maieſté Royale. Et

206.0 1365.0 763.0 52.0 pouuons voir tout cecy repreſenté nayue¬

202.0 1411.0 770.0 61.0 mẽt, en l’image qui eſt grauee dedãs le ſeau

205.0 1461.0 763.0 60.0 de la Chancellerie: car ce n’eſt point la figu¬

205.0 1510.0 766.0 77.0 re d’vn Roy qui ſoit monté ſur vn cheual de

846.0 1572.0 124.0 53.0 guerre
