<?xml version="1.0" encoding="UTF-8"?>
<alto xmlns:xsi="http://www.w3.org/2001/XMLSchema-instance"
      xmlns="http://www.loc.gov/standards/alto/ns-v4#"
      xsi:schemaLocation="http://www.loc.gov/standards/alto/ns-v4# http://www.loc.gov/standards/alto/v4/alto-4-2.xsd">
  <Description>
    <MeasurementUnit>pixel</MeasurementUnit>
    <sourceImageInformation>
      <fileName>134_a02a9_default.jpg</fileName>
      <fileIdentifier>mets//0_4c28e_default.zip/134_a02a9_default.jpg</fileIdentifier>
    </sourceImageInformation>
  </Description>
  <Tags>
    <OtherTag ID="BT7" LABEL="CustomZone" DESCRIPTION="block type CustomZone"/><OtherTag ID="BT8" LABEL="DamageZone" DESCRIPTION="block type DamageZone"/><OtherTag ID="BT9" LABEL="DigitizationArtefactZone" DESCRIPTION="block type DigitizationArtefactZone"/><OtherTag ID="BT10" LABEL="DropCapitalZone" DESCRIPTION="block type DropCapitalZone"/><OtherTag ID="BT11" LABEL="GraphicZone" DESCRIPTION="block type GraphicZone"/><OtherTag ID="BT12" LABEL="MainZone" DESCRIPTION="block type MainZone"/><OtherTag ID="BT13" LABEL="MarginTextZone" DESCRIPTION="block type MarginTextZone"/><OtherTag ID="BT14" LABEL="MusicZone" DESCRIPTION="block type MusicZone"/><OtherTag ID="BT15" LABEL="NumberingZone" DESCRIPTION="block type NumberingZone"/><OtherTag ID="BT17" LABEL="QuireMarksZone" DESCRIPTION="block type QuireMarksZone"/><OtherTag ID="BT18" LABEL="RunningTitleZone" DESCRIPTION="block type RunningTitleZone"/><OtherTag ID="BT19" LABEL="SealZone" DESCRIPTION="block type SealZone"/><OtherTag ID="BT20" LABEL="StampZone" DESCRIPTION="block type StampZone"/><OtherTag ID="BT21" LABEL="TableZone" DESCRIPTION="block type TableZone"/><OtherTag ID="BT22" LABEL="TitlePageZone" DESCRIPTION="block type TitlePageZone"/><OtherTag ID="BT100001" LABEL="MainZone-Head" DESCRIPTION="block type MainZone-Head"/><OtherTag ID="BT100005" LABEL="MainZone-P" DESCRIPTION="block type MainZone-P"/><OtherTag ID="BT100006" LABEL="MainZone-Continued" DESCRIPTION="block type MainZone-Continued"/><OtherTag ID="BT100002" LABEL="MainZone-Lg" DESCRIPTION="block type MainZone-Lg"/><OtherTag ID="BT100007" LABEL="MarginTextZone-ManuscriptAddendum" DESCRIPTION="block type MarginTextZone-ManuscriptAddendum"/><OtherTag ID="BT100003" LABEL="MainZone-Signature" DESCRIPTION="block type MainZone-Signature"/><OtherTag ID="BT100012" LABEL="TitlePageZone-Index" DESCRIPTION="block type TitlePageZone-Index"/>
    <OtherTag ID="LT7" LABEL="CustomLine" DESCRIPTION="line type CustomLine"/><OtherTag ID="LT8" LABEL="DefaultLine" DESCRIPTION="line type DefaultLine"/><OtherTag ID="LT9" LABEL="DropCapitalLine" DESCRIPTION="line type DropCapitalLine"/><OtherTag ID="LT10" LABEL="HeadingLine" DESCRIPTION="line type HeadingLine"/><OtherTag ID="LT11" LABEL="InterlinearLine" DESCRIPTION="line type InterlinearLine"/><OtherTag ID="LT12" LABEL="MusicLine" DESCRIPTION="line type MusicLine"/><OtherTag ID="LT766" LABEL="default" DESCRIPTION="line type default"/>
  </Tags>
  <Layout>
    <Page WIDTH="1023"
          HEIGHT="1853"
          PHYSICAL_IMG_NR="134"
          ID="eSc_dummypage_">
      <PrintSpace HPOS="0"
                  VPOS="0"
                  WIDTH="1023"
                  HEIGHT="1853">
        <TextBlock HPOS="187.0"
                   VPOS="61.0"
                   WIDTH="441.0"
                   HEIGHT="50.0"
                   ID="block_0"
                   TAGREFS="BT18">
          <Shape><Polygon POINTS="628 61 628 111 187 111 187 61"/></Shape>
          <TextLine ID="line_0"
                    TAGREFS="LT10"
                    BASELINE="196 92 635 89" 
                    HPOS="193.0"
                    VPOS="50.0"
                    WIDTH="440.0"
                    HEIGHT="65.0">
            <Shape><Polygon POINTS="610 61 594 61 579 61 564 61 548 61 533 61 517 61 502 61 486 61 471 61 455 61 440 61 424 61 409 61 394 61 378 61 363 61 347 61 332 61 316 61 301 61 285 61 270 61 254 61 239 61 224 61 208 61 193 61 194 91 194 115 632 109 633 88 628 50 625 50 625 58"/></Shape>
	    <String CONTENT="FRANCOISE."
                    HPOS="193.0"
                    VPOS="50.0"
                    WIDTH="440.0"
                    HEIGHT="65.0"
                    WC="0.9997984528541565"></String>
          </TextLine>
        </TextBlock>
        <TextBlock HPOS="733.0"
                   VPOS="67.0"
                   WIDTH="72.0"
                   HEIGHT="42.0"
                   ID="block_2"
                   TAGREFS="BT15">
          <Shape><Polygon POINTS="805 67 805 109 733 109 733 67"/></Shape>
          <TextLine ID="line_1"
                    TAGREFS="LT8"
                    BASELINE="725 94 799 92" 
                    HPOS="723.0"
                    VPOS="53.0"
                    WIDTH="76.0"
                    HEIGHT="56.0">
            <Shape><Polygon POINTS="786 68 775 68 765 68 755 66 753 59 752 58 746 54 746 53 745 53 744 53 743 53 723 54 725 94 725 100 797 109 799 92 795 68 786 68"/></Shape>
	    <String CONTENT="109"
                    HPOS="723.0"
                    VPOS="53.0"
                    WIDTH="76.0"
                    HEIGHT="56.0"
                    WC="0.9999982913335165"></String>
          </TextLine>
        </TextBlock>
        <TextBlock HPOS="27.0"
                   VPOS="121.0"
                   WIDTH="797.0"
                   HEIGHT="1445.0"
                   ID="block_1"
                   TAGREFS="BT100006">
          <Shape><Polygon POINTS="817 121 824 1563 525 1564 27 1566 28 126"/></Shape>
          <TextLine ID="line_2"
                    TAGREFS="LT8"
                    BASELINE="36 159 800 146" 
                    HPOS="33.0"
                    VPOS="121.0"
                    WIDTH="765.0"
                    HEIGHT="59.0">
            <Shape><Polygon POINTS="791 121 33 125 35 180 129 171 208 179 228 169 305 177 321 168 350 176 420 166 797 168 798 145 794 121 791 121"/></Shape>
	    <String CONTENT="guerre, ny ſur vn char triomphant:mais il y"
                    HPOS="33.0"
                    VPOS="121.0"
                    WIDTH="765.0"
                    HEIGHT="59.0"></String>
          </TextLine>
          <TextLine ID="line_3"
                    TAGREFS="LT8"
                    BASELINE="33 208 804 198" 
                    HPOS="32.0"
                    VPOS="160.0"
                    WIDTH="772.0"
                    HEIGHT="66.0">
            <Shape><Polygon POINTS="33 208 33 223 175 226 176 226 217 221 224 220 228 220 253 225 254 225 255 225 275 220 282 218 292 219 321 224 322 224 397 218 423 216 439 217 490 222 491 222 556 215 572 214 582 215 615 220 616 220 657 215 721 219 722 219 803 211 804 198 801 165 763 168 749 165 725 160 724 160 661 167 631 170 612 168 570 162 569 162 568 162 541 169 536 170 534 169 523 163 522 163 495 163 494 163 493 163 492 163 481 170 476 173 432 173 428 171 410 165 408 165 407 165 406 165 405 165 394 171 394 172 335 176 314 176 311 173 300 166 299 166 298 166 297 166 241 173 208 167 207 167 206 167 177 176 173 177 168 176 138 168 137 168 135 168 121 173 64 169 63 169 62 169 32 178 33 208"/></Shape>
	    <String CONTENT="eſt repreſenté auec ſa robbe longue, ſeant"
                    HPOS="32.0"
                    VPOS="160.0"
                    WIDTH="772.0"
                    HEIGHT="66.0"
                    WC="0.9980433042659316"></String>
          </TextLine>
          <TextLine ID="line_4"
                    TAGREFS="LT8"
                    BASELINE="35 259 802 248" 
                    HPOS="33.0"
                    VPOS="212.0"
                    WIDTH="769.0"
                    HEIGHT="61.0">
            <Shape><Polygon POINTS="35 259 35 268 129 273 130 273 223 267 231 272 232 272 233 272 234 272 267 266 312 271 313 271 412 264 520 268 521 268 592 261 661 266 662 266 663 266 684 260 731 265 732 265 802 257 802 248 799 220 702 220 688 214 687 214 686 214 685 214 684 214 676 219 663 212 662 212 661 212 660 212 639 221 592 213 591 213 547 221 535 214 534 214 533 214 532 214 531 214 501 222 457 215 456 215 410 224 297 218 296 218 295 218 279 226 255 222 254 222 194 227 175 219 174 219 173 219 172 219 171 219 155 229 127 229 106 220 105 220 104 220 52 221 51 221 33 229 35 259"/></Shape>
	    <String CONTENT="en ſon throne, la couronne ſur ſa teſte, &amp; te¬"
                    HPOS="33.0"
                    VPOS="212.0"
                    WIDTH="769.0"
                    HEIGHT="61.0"
                    WC="0.9991680150446685"></String>
          </TextLine>
          <TextLine ID="line_5"
                    TAGREFS="LT8"
                    BASELINE="32 308 803 298" 
                    HPOS="31.0"
                    VPOS="261.0"
                    WIDTH="772.0"
                    HEIGHT="64.0">
            <Shape><Polygon POINTS="32 308 32 318 108 325 109 325 158 318 197 322 198 322 199 322 200 322 208 317 209 317 218 317 325 322 326 322 327 322 339 316 343 315 357 316 416 321 417 321 418 321 434 315 436 315 454 315 564 319 565 319 566 319 567 319 574 313 578 311 592 313 615 318 616 318 699 317 700 317 713 312 725 309 736 312 746 316 747 316 748 316 749 316 751 316 755 312 760 309 801 311 803 298 800 265 755 267 745 265 724 261 723 261 675 266 658 268 656 267 649 262 648 262 646 262 645 262 560 268 527 270 518 269 493 264 492 264 438 270 415 272 404 270 383 266 382 266 357 271 351 272 350 271 343 266 342 266 341 266 339 266 338 266 328 271 325 273 314 272 284 267 283 267 282 267 261 272 253 274 236 273 188 268 187 268 186 268 175 274 171 275 152 274 114 271 113 271 88 275 79 276 75 275 59 270 58 270 57 270 31 275 32 308"/></Shape>
	    <String CONTENT="nant en ſa main droite vn ſceptre Royal, &amp;"
                    HPOS="31.0"
                    VPOS="261.0"
                    WIDTH="772.0"
                    HEIGHT="64.0"
                    WC="0.9909224964323498"></String>
          </TextLine>
          <TextLine ID="line_6"
                    TAGREFS="LT8"
                    BASELINE="33 358 802 346" 
                    HPOS="32.0"
                    VPOS="310.0"
                    WIDTH="770.0"
                    HEIGHT="64.0">
            <Shape><Polygon POINTS="33 358 33 368 161 374 162 374 206 367 331 371 332 371 362 366 380 371 381 371 382 371 446 364 456 363 468 363 540 368 541 368 802 359 802 346 800 318 768 310 767 310 766 310 746 318 746 319 703 319 702 319 671 311 670 311 669 311 642 320 641 320 637 320 559 313 558 313 509 322 507 322 506 322 463 315 462 315 461 315 435 323 417 317 416 317 415 317 414 317 413 317 402 324 383 324 368 324 367 324 335 317 334 317 333 317 303 325 288 321 287 321 286 321 243 326 242 326 232 319 231 319 230 319 173 319 172 319 171 319 154 327 103 320 101 320 32 329 33 358"/></Shape>
	    <String CONTENT="en la gauche vn ſceptre de Iuſtice, &amp; preſi¬"
                    HPOS="32.0"
                    VPOS="310.0"
                    WIDTH="770.0"
                    HEIGHT="64.0"
                    WC="0.9917194897478278"></String>
          </TextLine>
          <TextLine ID="line_7"
                    TAGREFS="LT8"
                    BASELINE="33 406 803 396" 
                    HPOS="32.0"
                    VPOS="359.0"
                    WIDTH="771.0"
                    HEIGHT="58.0">
            <Shape><Polygon POINTS="33 406 33 417 802 407 803 396 800 361 715 365 705 362 695 359 694 359 693 359 650 363 599 368 586 364 572 360 571 360 570 360 569 360 568 360 561 365 553 370 493 370 483 366 472 362 471 362 430 362 429 362 428 362 411 367 397 371 388 368 379 364 378 364 286 364 285 364 284 364 260 370 246 373 218 370 181 367 180 367 179 367 163 371 153 374 140 372 121 369 120 369 119 369 108 372 97 376 74 376 69 373 57 367 56 367 55 367 54 367 32 373 33 406"/></Shape>
	    <String CONTENT="dent en vne aſſemblee ſolennelle. Auſsi eſt¬"
                    HPOS="32.0"
                    VPOS="359.0"
                    WIDTH="771.0"
                    HEIGHT="58.0"
                    WC="0.9970120435411279"></String>
          </TextLine>
          <TextLine ID="line_8"
                    TAGREFS="LT8"
                    BASELINE="33 459 801 444" 
                    HPOS="32.0"
                    VPOS="409.0"
                    WIDTH="769.0"
                    HEIGHT="68.0">
            <Shape><Polygon POINTS="33 459 33 468 86 477 87 477 88 477 89 477 89 476 99 467 144 467 205 467 215 473 216 473 217 473 218 473 219 473 220 473 228 468 314 470 315 470 316 470 317 470 326 464 371 471 372 471 373 471 399 463 427 470 428 470 429 470 430 470 449 462 468 469 469 469 470 469 471 469 493 462 635 467 636 467 637 467 649 462 685 466 686 466 687 466 688 466 699 458 709 465 710 465 711 465 712 465 760 464 801 453 801 444 798 415 660 417 656 415 640 409 639 409 638 409 605 416 597 418 509 421 502 416 496 412 495 412 494 412 468 412 467 412 426 417 406 420 389 417 363 414 362 414 361 414 360 414 355 417 344 425 303 425 283 418 277 416 276 416 275 416 274 416 266 418 242 426 226 418 223 417 222 417 221 417 186 418 185 418 183 420 163 427 115 420 112 420 111 420 32 420 33 459"/></Shape>
	    <String CONTENT="il pour certain conuenable, que là propre¬"
                    HPOS="32.0"
                    VPOS="409.0"
                    WIDTH="769.0"
                    HEIGHT="68.0"
                    WC="0.9868904504665109"></String>
          </TextLine>
          <TextLine ID="line_9"
                    TAGREFS="LT8"
                    BASELINE="35 505 805 494" 
                    HPOS="33.0"
                    VPOS="459.0"
                    WIDTH="772.0"
                    HEIGHT="61.0">
            <Shape><Polygon POINTS="35 505 35 515 143 520 144 520 178 513 183 513 189 513 243 519 244 519 338 512 377 517 378 517 416 511 430 516 431 516 432 516 433 516 434 516 444 510 458 515 459 515 460 515 525 509 572 514 573 514 604 507 608 507 621 507 733 512 734 512 805 504 805 494 803 468 751 463 749 463 723 468 695 459 694 459 693 459 692 459 691 459 680 468 650 460 649 460 648 460 646 460 645 460 634 469 604 461 603 461 602 461 601 461 589 467 576 462 575 462 574 462 573 462 557 470 505 471 455 462 454 462 311 475 274 475 259 465 258 465 257 465 256 465 192 466 133 475 106 467 105 467 104 467 103 467 73 478 33 478 35 505"/></Shape>
	    <String CONTENT="mẽt on vſe de ce terme honorable de Roya¬"
                    HPOS="33.0"
                    VPOS="459.0"
                    WIDTH="772.0"
                    HEIGHT="61.0"
                    WC="0.9998326826663244"></String>
          </TextLine>
          <TextLine ID="line_10"
                    TAGREFS="LT8"
                    BASELINE="35 556 802 546" 
                    HPOS="33.0"
                    VPOS="507.0"
                    WIDTH="769.0"
                    HEIGHT="64.0">
            <Shape><Polygon POINTS="35 556 35 569 221 564 225 566 230 570 231 570 232 570 233 570 270 565 287 563 290 565 298 570 299 570 300 570 301 571 333 571 333 570 362 563 368 562 372 563 385 567 386 567 387 567 388 567 407 562 410 562 412 562 427 568 428 568 429 568 500 563 566 567 567 567 568 567 598 558 599 558 600 558 668 565 669 565 670 565 671 565 682 557 700 565 701 565 702 565 748 558 788 564 789 564 790 564 791 564 802 555 802 546 799 518 713 518 711 518 689 507 688 507 648 507 646 507 586 518 569 520 535 518 501 515 500 515 499 515 498 515 496 518 491 522 460 522 449 518 426 510 425 510 424 510 423 510 406 518 402 519 397 518 381 513 380 513 379 513 378 513 377 513 370 518 363 523 339 523 284 518 256 515 255 515 254 515 253 515 250 518 248 519 247 518 241 513 240 513 239 513 237 513 141 514 140 514 126 518 94 528 70 528 55 518 51 515 50 515 49 515 48 515 33 517 35 556"/></Shape>
	    <String CONTENT="le maieſté lors que le Roy tient cõſeil, pour"
                    HPOS="33.0"
                    VPOS="507.0"
                    WIDTH="769.0"
                    HEIGHT="64.0"
                    WC="0.9827240451853326"></String>
          </TextLine>
          <TextLine ID="line_11"
                    TAGREFS="LT8"
                    BASELINE="35 605 805 596" 
                    HPOS="33.0"
                    VPOS="557.0"
                    WIDTH="772.0"
                    HEIGHT="63.0">
            <Shape><Polygon POINTS="35 605 35 614 112 620 113 620 114 620 139 613 142 613 144 613 167 618 168 618 293 611 310 611 312 611 327 617 328 617 329 617 330 617 345 612 376 617 377 617 428 610 430 610 431 610 460 616 461 616 503 609 506 608 559 608 560 608 573 614 574 614 575 614 576 614 595 608 602 614 603 614 604 614 605 615 633 615 633 614 634 614 662 607 664 607 668 607 718 613 719 613 804 605 805 596 803 566 669 557 668 557 667 557 633 567 630 568 610 568 609 567 596 558 595 558 594 558 593 558 592 558 571 567 570 567 569 567 536 561 535 561 534 561 533 561 525 567 523 568 516 568 450 561 449 561 448 561 420 568 415 569 404 568 344 562 343 562 342 562 320 569 316 570 312 569 292 562 291 562 290 562 289 562 288 562 278 569 277 570 270 569 252 566 251 566 211 570 183 572 171 570 142 564 141 564 46 565 45 565 33 569 35 605"/></Shape>
	    <String CONTENT="deliberer de l’eſtat de la choſe publique:"
                    HPOS="33.0"
                    VPOS="557.0"
                    WIDTH="772.0"
                    HEIGHT="63.0"
                    WC="0.9960020808946519"></String>
          </TextLine>
          <TextLine ID="line_12"
                    TAGREFS="LT8"
                    BASELINE="35 653 805 644" 
                    HPOS="33.0"
                    VPOS="607.0"
                    WIDTH="772.0"
                    HEIGHT="66.0">
            <Shape><Polygon POINTS="35 653 35 663 71 671 72 671 121 663 132 672 133 672 134 672 135 673 161 673 161 672 162 672 163 672 174 666 223 668 224 668 225 668 248 662 289 671 290 671 352 661 383 666 384 666 385 666 386 666 392 660 414 666 415 666 416 666 417 666 427 661 440 669 441 669 442 670 461 670 461 669 462 669 463 669 473 659 500 667 501 667 502 667 503 667 525 659 544 667 546 667 547 668 584 668 584 667 641 657 718 666 719 666 720 666 756 655 805 654 805 644 804 616 779 607 778 607 777 607 710 617 707 617 706 617 680 608 679 608 636 608 635 608 634 608 604 618 543 610 542 610 510 615 504 610 503 610 502 610 501 610 500 610 483 618 463 610 462 610 461 610 460 610 440 620 438 620 267 617 266 617 242 622 230 613 229 613 228 613 206 613 205 613 203 613 186 622 142 623 121 614 120 614 119 614 72 615 71 615 33 625 35 653"/></Shape>
	    <String CONTENT="mais quelle apparence y a-il que ſoit que le"
                    HPOS="33.0"
                    VPOS="607.0"
                    WIDTH="772.0"
                    HEIGHT="66.0"
                    WC="0.9751796979795803"></String>
          </TextLine>
          <TextLine ID="line_13"
                    TAGREFS="LT8"
                    BASELINE="37 706 807 694" 
                    HPOS="36.0"
                    VPOS="653.0"
                    WIDTH="771.0"
                    HEIGHT="69.0">
            <Shape><Polygon POINTS="37 706 37 714 105 722 106 722 107 722 140 713 183 713 196 713 214 719 215 719 216 719 273 712 274 712 287 719 288 719 289 720 316 720 316 719 447 710 461 709 465 709 499 716 500 716 539 709 544 708 550 708 595 715 596 715 621 714 622 714 623 714 631 707 632 707 646 713 648 713 649 713 650 713 665 707 668 706 677 707 726 713 727 713 728 713 747 706 751 705 754 706 769 712 770 712 771 712 806 705 807 694 805 661 757 653 756 653 755 653 722 661 717 662 703 661 629 655 628 655 627 655 626 655 617 662 615 665 596 665 576 662 526 656 525 656 524 656 508 662 501 666 485 663 466 660 465 660 464 660 463 660 459 663 452 668 417 668 411 663 405 660 404 660 403 660 402 660 364 663 314 670 275 670 261 665 248 660 247 660 246 660 245 660 227 665 219 667 205 665 176 661 175 661 174 661 164 666 153 670 141 666 138 665 137 665 135 665 36 666 37 706"/></Shape>
	    <String CONTENT="Roy iouë, ſoit qu’il danſe, ſoit qu’il babille"
                    HPOS="36.0"
                    VPOS="653.0"
                    WIDTH="771.0"
                    HEIGHT="69.0"
                    WC="0.9956724592979919"></String>
          </TextLine>
          <TextLine ID="line_14"
                    TAGREFS="LT8"
                    BASELINE="35 752 803 743" 
                    HPOS="33.0"
                    VPOS="708.0"
                    WIDTH="770.0"
                    HEIGHT="60.0">
            <Shape><Polygon POINTS="35 752 35 762 169 767 171 767 198 762 208 761 217 762 251 768 252 768 318 762 324 762 329 762 373 767 374 767 420 762 448 759 452 762 458 766 459 766 460 766 461 766 535 762 636 756 692 762 708 763 709 763 710 763 711 763 713 762 725 755 802 761 803 743 801 715 742 708 741 708 740 708 739 708 731 715 730 716 674 716 671 715 665 711 664 711 663 711 662 711 624 715 600 717 595 715 586 710 585 710 543 710 542 710 488 715 442 719 424 715 410 712 408 712 407 712 400 715 392 718 354 715 336 714 335 714 324 715 295 719 284 715 280 714 279 714 278 714 277 714 274 715 258 721 214 715 200 714 199 714 141 715 140 715 138 715 114 723 33 716 35 752"/></Shape>
	    <String CONTENT="auec des femmes, que cependant on ne l’ap"
                    HPOS="33.0"
                    VPOS="708.0"
                    WIDTH="770.0"
                    HEIGHT="60.0"></String>
          </TextLine>
          <TextLine ID="line_15"
                    TAGREFS="LT8"
                    BASELINE="37 803 807 794" 
                    HPOS="36.0"
                    VPOS="757.0"
                    WIDTH="771.0"
                    HEIGHT="63.0">
            <Shape><Polygon POINTS="37 803 38 820 67 813 134 817 135 817 295 810 336 815 360 817 361 817 385 814 410 810 428 813 448 816 449 816 510 815 512 815 513 815 519 811 525 808 564 810 630 814 631 814 632 814 633 814 633 813 638 809 639 809 675 812 676 812 677 812 678 812 684 808 687 806 807 806 807 794 804 765 691 766 686 765 658 757 657 757 656 757 655 757 630 765 623 767 607 765 550 758 549 758 548 758 547 758 536 766 531 768 510 766 478 762 476 762 427 766 378 771 342 766 326 765 325 765 316 766 292 772 283 767 274 762 273 762 210 762 209 762 208 762 207 762 198 767 189 773 165 767 145 763 144 763 143 763 127 767 116 771 111 767 107 764 106 764 105 764 104 764 36 767 37 803"/></Shape>
	    <String CONTENT="pelle iamais autrement que Royale maie¬"
                    HPOS="36.0"
                    VPOS="757.0"
                    WIDTH="771.0"
                    HEIGHT="63.0"
                    WC="0.9805332468106196"></String>
          </TextLine>
          <TextLine ID="line_16"
                    TAGREFS="LT8"
                    BASELINE="36 852 806 844" 
                    HPOS="35.0"
                    VPOS="806.0"
                    WIDTH="771.0"
                    HEIGHT="62.0">
            <Shape><Polygon POINTS="36 852 36 867 73 868 74 868 75 868 78 867 91 862 109 867 113 868 114 868 115 868 116 868 119 867 132 861 190 866 202 867 203 867 219 866 289 860 344 865 348 865 349 865 354 865 436 858 492 864 496 864 497 864 498 864 499 864 510 858 560 862 561 862 720 855 804 861 806 844 801 809 794 816 742 816 728 810 715 806 714 806 713 806 712 806 699 810 685 815 676 810 669 807 668 807 633 807 632 807 603 811 569 816 544 812 525 808 524 808 523 808 522 808 518 812 510 818 488 818 444 818 433 812 427 810 426 810 425 810 424 810 416 813 396 819 350 813 325 810 324 810 323 810 322 810 318 813 309 821 237 821 223 814 218 812 217 812 144 812 143 812 142 812 134 815 119 821 100 815 94 813 93 813 92 813 35 815 36 852"/></Shape>
	    <String CONTENT="ſté, ainſi qu’on fait cõmunément à la Cour."
                    HPOS="35.0"
                    VPOS="806.0"
                    WIDTH="771.0"
                    HEIGHT="62.0"
                    WC="0.9951863948335039"></String>
          </TextLine>
          <TextLine ID="line_17"
                    TAGREFS="LT8"
                    BASELINE="36 903 805 893" 
                    HPOS="35.0"
                    VPOS="855.0"
                    WIDTH="770.0"
                    HEIGHT="64.0">
            <Shape><Polygon POINTS="36 903 37 919 61 913 79 918 80 918 81 918 124 912 161 917 171 918 172 918 173 918 177 917 196 911 287 915 342 917 343 917 344 917 357 914 376 908 398 913 419 916 420 916 421 916 434 912 449 907 455 912 459 915 460 915 461 915 462 916 496 916 496 915 549 910 593 905 605 908 620 913 621 913 622 913 623 913 641 907 656 904 682 907 721 912 722 912 805 904 805 893 804 863 793 857 792 857 791 857 739 855 738 855 737 855 719 864 717 865 708 864 666 858 665 858 627 864 620 865 618 864 603 857 602 857 601 857 493 864 418 870 348 870 333 864 324 861 323 861 322 861 321 861 320 861 316 864 309 871 248 871 208 864 191 862 190 862 189 862 183 864 169 870 143 864 133 863 132 863 35 864 36 903"/></Shape>
	    <String CONTENT="Mais outre ce que nous auons dit, nous pro"
                    HPOS="35.0"
                    VPOS="855.0"
                    WIDTH="770.0"
                    HEIGHT="64.0"
                    WC="0.9996108157294137"></String>
          </TextLine>
          <TextLine ID="line_18"
                    TAGREFS="LT8"
                    BASELINE="36 951 805 944" 
                    HPOS="35.0"
                    VPOS="907.0"
                    WIDTH="770.0"
                    HEIGHT="60.0">
            <Shape><Polygon POINTS="36 951 36 960 99 967 100 967 145 960 156 959 175 960 241 966 242 966 268 960 280 958 328 958 332 960 343 965 344 965 345 965 346 965 360 960 370 957 428 960 487 963 488 963 489 963 496 960 500 958 504 960 515 964 516 964 517 964 605 963 606 963 614 960 625 955 652 960 671 963 672 963 695 960 730 954 753 960 763 962 764 962 765 962 804 959 805 944 804 912 789 907 788 907 787 907 769 912 751 916 736 912 730 910 729 910 728 910 717 912 705 914 687 912 659 908 658 908 657 908 656 908 651 912 642 917 619 912 615 912 614 912 605 912 547 918 539 913 536 910 535 910 534 910 533 910 505 913 473 916 445 913 424 911 423 911 422 911 416 913 399 920 364 920 352 913 350 912 349 912 348 912 347 912 332 913 279 920 226 914 216 913 215 913 214 913 212 914 194 922 165 922 153 914 152 914 151 914 150 914 149 914 148 914 127 922 35 915 36 951"/></Shape>
	    <String CONTENT="duirons encore des teſmoignages de cecy:"
                    HPOS="35.0"
                    VPOS="907.0"
                    WIDTH="770.0"
                    HEIGHT="60.0"
                    WC="0.9985089585185051"></String>
          </TextLine>
          <TextLine ID="line_19"
                    TAGREFS="LT8"
                    BASELINE="36 1003 807 993" 
                    HPOS="35.0"
                    VPOS="954.0"
                    WIDTH="772.0"
                    HEIGHT="63.0">
            <Shape><Polygon POINTS="36 1003 36 1012 128 1017 129 1017 130 1017 131 1017 139 1011 140 1010 143 1011 154 1016 155 1016 156 1016 157 1016 169 1011 173 1010 183 1010 234 1015 235 1015 276 1009 279 1009 282 1009 321 1017 322 1017 357 1008 361 1007 363 1008 378 1015 379 1015 380 1015 444 1007 452 1006 455 1006 473 1014 474 1014 475 1014 476 1014 478 1014 485 1008 538 1014 539 1014 540 1014 559 1005 560 1005 562 1005 605 1012 606 1012 637 1007 717 1011 718 1011 719 1011 746 1002 748 1002 749 1002 765 1007 766 1007 767 1007 806 1001 807 993 805 964 734 954 733 954 732 954 731 954 719 964 718 964 713 964 653 955 652 955 651 955 634 964 630 966 591 966 587 964 577 959 576 959 575 959 530 964 526 964 525 964 510 957 509 957 508 957 453 964 420 968 402 964 382 959 381 959 380 959 379 959 363 964 353 967 342 964 326 960 325 960 324 960 323 960 314 964 308 967 302 964 297 961 296 961 295 961 294 961 293 961 283 964 264 970 35 965 36 1003"/></Shape>
	    <String CONTENT="Premierement du liure d’Eguinard, qui fut"
                    HPOS="35.0"
                    VPOS="954.0"
                    WIDTH="772.0"
                    HEIGHT="63.0"
                    WC="0.9987532307461995"></String>
          </TextLine>
          <TextLine ID="line_20"
                    TAGREFS="LT8"
                    BASELINE="40 1051 808 1043" 
                    HPOS="39.0"
                    VPOS="1005.0"
                    WIDTH="769.0"
                    HEIGHT="61.0">
            <Shape><Polygon POINTS="40 1051 40 1059 59 1066 60 1066 61 1066 151 1059 239 1065 240 1065 241 1065 261 1058 297 1063 298 1063 431 1057 558 1062 559 1062 603 1061 604 1061 605 1061 616 1055 617 1055 650 1061 651 1061 652 1061 670 1055 761 1060 762 1060 808 1053 808 1043 806 1016 755 1005 737 1005 736 1005 735 1005 734 1005 723 1015 710 1009 709 1009 708 1009 656 1015 638 1006 637 1006 636 1006 635 1006 634 1006 624 1015 623 1016 622 1015 605 1008 604 1008 603 1008 602 1008 587 1015 582 1017 457 1017 454 1015 445 1008 444 1008 442 1008 441 1008 440 1008 420 1014 405 1008 404 1008 403 1008 353 1010 352 1010 351 1010 347 1015 342 1019 325 1015 304 1009 303 1009 302 1009 280 1015 256 1021 237 1021 229 1015 224 1010 223 1010 222 1010 221 1010 166 1012 165 1012 161 1015 146 1022 116 1022 99 1015 92 1011 91 1011 90 1011 39 1014 40 1051"/></Shape>
	    <String CONTENT="Chancellier de Charlemagne, &amp; a eſcrit"
                    HPOS="39.0"
                    VPOS="1005.0"
                    WIDTH="769.0"
                    HEIGHT="61.0"
                    WC="0.9959105833580619"></String>
          </TextLine>
          <TextLine ID="line_21"
                    TAGREFS="LT8"
                    BASELINE="38 1102 807 1094" 
                    HPOS="37.0"
                    VPOS="1052.0"
                    WIDTH="770.0"
                    HEIGHT="65.0">
            <Shape><Polygon POINTS="38 1102 38 1110 77 1110 79 1110 100 1117 101 1117 103 1117 138 1110 148 1108 190 1109 256 1112 257 1112 258 1112 266 1109 270 1107 274 1109 279 1112 280 1112 281 1112 282 1112 358 1108 408 1106 414 1108 427 1113 428 1113 429 1114 518 1114 518 1113 546 1107 559 1104 566 1107 577 1112 578 1112 580 1113 602 1113 602 1112 603 1112 604 1112 611 1107 616 1103 631 1106 644 1109 645 1110 678 1110 678 1109 679 1109 680 1109 685 1106 691 1103 726 1103 731 1106 735 1109 736 1109 737 1109 738 1109 739 1109 746 1106 754 1102 770 1105 793 1110 794 1110 795 1110 807 1105 807 1094 806 1062 769 1052 768 1052 767 1052 766 1052 740 1061 719 1052 718 1052 717 1052 715 1052 714 1052 714 1053 704 1061 701 1065 520 1065 513 1060 505 1056 504 1056 503 1056 502 1056 501 1056 484 1060 460 1066 433 1060 430 1060 429 1060 428 1060 427 1060 398 1068 342 1068 314 1060 307 1058 305 1058 304 1058 291 1060 273 1062 255 1059 239 1057 237 1057 236 1057 235 1057 233 1059 221 1069 191 1059 187 1058 186 1058 185 1058 184 1058 181 1059 173 1063 118 1059 114 1059 113 1059 112 1059 111 1059 103 1064 37 1059 38 1102"/></Shape>
	    <String CONTENT="l’hiſtoire de ſa vie. Quelque part, dit-il,"
                    HPOS="37.0"
                    VPOS="1052.0"
                    WIDTH="770.0"
                    HEIGHT="65.0"
                    WC="0.9923729647037595"></String>
          </TextLine>
          <TextLine ID="line_22"
                    TAGREFS="LT8"
                    BASELINE="38 1151 808 1143" 
                    HPOS="37.0"
                    VPOS="1103.0"
                    WIDTH="771.0"
                    HEIGHT="58.0">
            <Shape><Polygon POINTS="38 1151 38 1161 807 1154 808 1143 805 1108 669 1112 664 1110 653 1103 652 1103 651 1103 650 1103 649 1103 636 1108 623 1103 622 1103 621 1103 620 1103 597 1111 593 1112 591 1111 581 1104 580 1104 578 1104 577 1104 551 1109 532 1104 531 1104 530 1104 529 1104 509 1112 508 1113 418 1114 417 1114 404 1108 403 1108 342 1106 341 1106 339 1106 338 1106 328 1115 327 1116 308 1116 305 1115 291 1107 290 1107 289 1107 288 1107 181 1108 180 1108 147 1117 115 1109 114 1109 113 1109 37 1120 38 1151"/></Shape>
	    <String CONTENT="qu’il euſt beſoin d’aller, il ſe faiſoit mener"
                    HPOS="37.0"
                    VPOS="1103.0"
                    WIDTH="771.0"
                    HEIGHT="58.0"
                    WC="0.9987785699574844"></String>
          </TextLine>
          <TextLine ID="line_23"
                    TAGREFS="LT8"
                    BASELINE="36 1201 808 1193" 
                    HPOS="35.0"
                    VPOS="1154.0"
                    WIDTH="773.0"
                    HEIGHT="61.0">
            <Shape><Polygon POINTS="36 1201 36 1214 67 1208 81 1215 82 1215 83 1215 84 1215 85 1215 86 1215 94 1208 109 1212 110 1212 111 1212 148 1207 201 1213 202 1213 255 1206 285 1213 289 1213 290 1213 346 1212 347 1212 348 1212 362 1206 374 1211 377 1212 378 1212 379 1212 406 1211 420 1210 421 1210 442 1204 485 1209 486 1209 581 1203 595 1209 598 1210 599 1210 600 1210 601 1210 605 1209 625 1203 668 1208 679 1209 680 1209 682 1209 687 1208 714 1201 733 1207 735 1208 736 1208 737 1208 807 1206 808 1193 807 1162 778 1154 777 1154 776 1154 739 1163 732 1164 728 1163 721 1160 720 1160 719 1160 701 1163 690 1165 684 1163 672 1159 671 1159 670 1159 649 1164 641 1165 635 1164 610 1159 609 1159 608 1159 595 1164 591 1166 585 1164 553 1156 552 1156 551 1156 550 1156 549 1156 537 1165 536 1166 513 1166 510 1165 492 1157 491 1157 459 1157 458 1157 457 1157 431 1166 429 1167 427 1166 407 1158 406 1158 405 1158 376 1164 232 1159 231 1159 230 1159 212 1164 183 1160 182 1160 181 1160 180 1160 163 1170 162 1171 35 1171 36 1201"/></Shape>
	    <String CONTENT="ſur vn chariot que des bœufs tiroyent, &amp;"
                    HPOS="35.0"
                    VPOS="1154.0"
                    WIDTH="773.0"
                    HEIGHT="61.0"
                    WC="0.9987659633159638"></String>
          </TextLine>
          <TextLine ID="line_24"
                    TAGREFS="LT8"
                    BASELINE="39 1250 809 1242" 
                    HPOS="38.0"
                    VPOS="1203.0"
                    WIDTH="771.0"
                    HEIGHT="63.0">
            <Shape><Polygon POINTS="39 1250 39 1265 110 1266 111 1266 121 1264 147 1259 202 1263 225 1264 226 1264 227 1264 232 1262 245 1257 276 1261 292 1263 293 1264 376 1264 376 1263 377 1263 378 1263 383 1260 387 1257 419 1259 490 1262 491 1262 543 1256 566 1254 580 1255 614 1261 615 1261 616 1261 637 1254 644 1252 809 1251 809 1242 808 1210 798 1203 797 1203 796 1203 769 1203 768 1203 767 1203 766 1203 755 1210 712 1203 711 1203 710 1203 679 1212 644 1205 643 1205 642 1205 609 1214 603 1216 561 1216 559 1215 535 1205 534 1205 533 1205 494 1206 493 1206 492 1206 483 1213 467 1206 466 1206 465 1206 357 1207 356 1207 324 1218 322 1218 296 1218 265 1218 255 1209 254 1209 253 1209 252 1209 251 1209 231 1218 220 1213 219 1213 218 1213 177 1218 164 1209 163 1209 162 1209 134 1209 133 1209 132 1209 131 1209 112 1221 38 1221 39 1250"/></Shape>
	    <String CONTENT="qu’vn bouuier conduiſoit à la mode de vil¬"
                    HPOS="38.0"
                    VPOS="1203.0"
                    WIDTH="771.0"
                    HEIGHT="63.0"
                    WC="0.9917315508044043"></String>
          </TextLine>
          <TextLine ID="line_25"
                    TAGREFS="LT8"
                    BASELINE="38 1301 807 1290" 
                    HPOS="37.0"
                    VPOS="1253.0"
                    WIDTH="770.0"
                    HEIGHT="64.0">
            <Shape><Polygon POINTS="38 1301 38 1309 99 1317 100 1317 101 1317 103 1317 115 1309 169 1315 171 1315 172 1315 191 1308 194 1308 355 1312 356 1312 357 1312 371 1306 411 1313 412 1313 413 1313 425 1307 574 1311 575 1311 576 1311 598 1304 640 1309 641 1309 693 1302 694 1302 695 1302 726 1309 727 1309 806 1300 807 1290 805 1263 653 1253 652 1253 651 1253 626 1261 608 1255 607 1255 606 1255 605 1255 578 1265 573 1267 542 1267 540 1265 520 1255 519 1255 518 1255 466 1266 458 1267 448 1266 393 1259 392 1259 391 1259 390 1259 377 1267 373 1269 336 1269 331 1267 313 1259 312 1259 267 1259 266 1259 265 1259 242 1267 234 1261 233 1261 232 1261 231 1261 230 1261 220 1266 200 1263 199 1263 198 1263 197 1263 190 1269 188 1270 186 1269 168 1261 167 1261 166 1261 100 1263 99 1263 98 1263 91 1270 87 1273 66 1273 62 1270 51 1262 50 1262 49 1262 48 1262 47 1262 46 1262 37 1267 38 1301"/></Shape>
	    <String CONTENT="lage. Et ainſi alloit-il au palais, ainſi à la pu¬"
                    HPOS="37.0"
                    VPOS="1253.0"
                    WIDTH="770.0"
                    HEIGHT="64.0"
                    WC="0.9950152062902263"></String>
          </TextLine>
          <TextLine ID="line_26"
                    TAGREFS="LT8"
                    BASELINE="36 1350 805 1340" 
                    HPOS="35.0"
                    VPOS="1302.0"
                    WIDTH="770.0"
                    HEIGHT="66.0">
            <Shape><Polygon POINTS="36 1350 36 1364 71 1359 88 1362 111 1368 112 1368 113 1368 127 1362 138 1357 290 1356 298 1358 317 1365 318 1365 319 1365 320 1365 337 1358 346 1355 394 1356 403 1364 404 1364 405 1364 406 1364 463 1357 476 1362 478 1362 479 1362 525 1357 572 1361 573 1361 574 1361 597 1354 650 1360 651 1360 805 1348 805 1340 802 1309 772 1313 757 1309 737 1303 736 1303 692 1302 691 1302 690 1302 676 1309 664 1315 602 1315 590 1309 586 1307 585 1307 584 1307 583 1307 582 1307 580 1309 567 1317 472 1317 451 1309 440 1305 439 1305 416 1305 415 1305 377 1307 376 1307 374 1307 371 1309 357 1318 324 1309 316 1307 315 1307 314 1307 290 1309 244 1314 221 1309 214 1308 213 1308 212 1308 209 1309 181 1322 101 1322 74 1310 73 1310 35 1310 36 1350"/></Shape>
	    <String CONTENT="blique aſſemblee de ſon peuple, qui ſe te¬"
                    HPOS="35.0"
                    VPOS="1302.0"
                    WIDTH="770.0"
                    HEIGHT="66.0"
                    WC="0.981631338596344"></String>
          </TextLine>
          <TextLine ID="line_27"
                    TAGREFS="LT8"
                    BASELINE="35 1399 808 1391" 
                    HPOS="33.0"
                    VPOS="1352.0"
                    WIDTH="775.0"
                    HEIGHT="61.0">
            <Shape><Polygon POINTS="35 1399 35 1413 154 1408 240 1412 253 1412 254 1412 260 1412 294 1407 349 1410 364 1411 365 1411 374 1410 405 1406 438 1409 450 1410 451 1410 457 1409 476 1405 808 1405 808 1391 805 1352 756 1355 755 1355 754 1355 745 1362 731 1354 730 1354 709 1354 680 1354 679 1354 678 1354 677 1354 660 1365 636 1356 635 1356 634 1356 633 1356 609 1362 590 1356 584 1354 583 1354 582 1354 581 1354 573 1356 546 1366 458 1359 429 1357 428 1357 427 1357 421 1359 405 1368 313 1368 294 1362 276 1357 275 1357 274 1357 273 1357 251 1364 249 1364 246 1364 188 1358 187 1358 157 1366 139 1370 33 1369 35 1399"/></Shape>
	    <String CONTENT="noit tous les ans pour la conſeruation du"
                    HPOS="33.0"
                    VPOS="1352.0"
                    WIDTH="775.0"
                    HEIGHT="61.0"
                    WC="0.9927313967448909"></String>
          </TextLine>
          <TextLine ID="line_28"
                    TAGREFS="LT8"
                    BASELINE="38 1449 806 1440" 
                    HPOS="37.0"
                    VPOS="1403.0"
                    WIDTH="769.0"
                    HEIGHT="59.0">
            <Shape><Polygon POINTS="38 1449 38 1457 121 1462 122 1462 214 1456 222 1456 228 1456 285 1460 286 1460 805 1451 806 1440 804 1407 756 1403 755 1403 736 1407 722 1410 702 1407 687 1405 686 1405 685 1405 678 1407 672 1410 666 1407 658 1404 657 1404 656 1404 636 1408 612 1412 567 1408 552 1407 551 1407 550 1407 547 1408 537 1413 529 1408 524 1406 523 1406 522 1406 446 1407 445 1407 444 1407 441 1409 434 1414 365 1415 348 1410 347 1410 346 1410 288 1415 233 1410 216 1409 215 1409 214 1409 213 1409 212 1410 200 1417 137 1411 123 1410 122 1410 121 1410 118 1411 103 1418 37 1412 38 1449"/></Shape>
	    <String CONTENT="Royaume: &amp; autant en dit Iean Naucler"
                    HPOS="37.0"
                    VPOS="1403.0"
                    WIDTH="769.0"
                    HEIGHT="59.0"
                    WC="0.984476845006685"></String>
          </TextLine>
          <TextLine ID="line_29"
                    TAGREFS="LT8"
                    BASELINE="37 1499 805 1490" 
                    HPOS="36.0"
                    VPOS="1454.0"
                    WIDTH="769.0"
                    HEIGHT="65.0">
            <Shape><Polygon POINTS="37 1499 38 1519 65 1510 85 1518 86 1518 87 1519 98 1519 117 1519 117 1518 125 1518 142 1517 143 1517 144 1517 154 1509 184 1515 185 1515 292 1507 322 1513 323 1513 369 1507 399 1514 400 1514 401 1514 463 1505 505 1513 506 1513 507 1513 508 1513 549 1504 594 1504 607 1510 608 1510 609 1510 657 1509 658 1509 670 1502 804 1509 805 1490 803 1461 734 1454 733 1454 732 1454 731 1454 723 1461 722 1462 692 1462 680 1461 636 1455 635 1455 596 1461 593 1461 591 1461 553 1456 552 1456 551 1456 550 1456 543 1461 539 1464 445 1461 383 1460 382 1460 381 1460 374 1462 357 1466 320 1462 293 1459 292 1459 291 1459 284 1462 276 1465 262 1462 254 1460 253 1460 252 1460 251 1460 250 1460 248 1462 241 1469 172 1469 137 1462 127 1461 126 1461 118 1462 95 1467 36 1463 37 1499"/></Shape>
	    <String CONTENT="preſque en meſmes termes en ſa chronolog."
                    HPOS="36.0"
                    VPOS="1454.0"
                    WIDTH="769.0"
                    HEIGHT="65.0"
                    WC="0.9996496802423058"></String>
          </TextLine>
          <TextLine ID="line_30"
                    TAGREFS="LT8"
                    BASELINE="39 1545 803 1537" 
                    HPOS="38.0"
                    VPOS="1500.0"
                    WIDTH="765.0"
                    HEIGHT="66.0">
            <Shape><Polygon POINTS="39 1545 39 1559 99 1565 100 1565 101 1565 103 1565 111 1560 113 1558 281 1557 290 1561 295 1563 296 1563 297 1563 310 1561 331 1557 342 1561 352 1565 353 1565 354 1565 376 1561 389 1559 393 1561 398 1565 399 1565 400 1565 464 1566 465 1566 466 1566 480 1562 494 1557 510 1562 520 1565 521 1565 522 1565 616 1564 617 1564 618 1564 619 1563 624 1559 629 1563 631 1564 632 1564 633 1564 634 1565 693 1565 693 1564 700 1563 748 1553 762 1562 763 1562 764 1562 801 1563 803 1537 800 1506 725 1509 715 1507 694 1500 693 1500 692 1500 660 1501 659 1501 658 1501 651 1508 649 1509 642 1508 616 1501 615 1501 614 1501 612 1501 602 1508 600 1510 549 1511 546 1509 537 1502 536 1502 535 1502 534 1502 503 1509 485 1502 484 1502 483 1502 448 1505 447 1505 446 1505 438 1511 436 1512 428 1511 390 1506 389 1506 323 1513 316 1513 315 1513 300 1505 299 1505 298 1505 201 1506 200 1506 199 1506 193 1511 173 1506 172 1506 171 1506 126 1515 58 1507 57 1507 56 1507 38 1515 39 1545"/></Shape>
	    <String CONTENT="Gener. 26. &amp; l’auteur de la grande Chroni¬"
                    HPOS="38.0"
                    VPOS="1500.0"
                    WIDTH="765.0"
                    HEIGHT="66.0"
                    WC="0.9983422060807546"></String>
          </TextLine>
        </TextBlock>
      </PrintSpace>
    </Page>
  </Layout>
</alto>
