1023 1853
239.0 53.0 76.0 42.0 110

372.0 36.0 509.0 70.0 DE LA GAVLE

235.0 117.0 762.0 47.0 que au commencement de la vie de Charle¬

233.0 151.0 761.0 66.0 maigne fueil. 177. Si ne doit-on pas trouuer

232.0 199.0 762.0 67.0 cela trop eſtrange: attendu que telle eſtoit la

231.0 251.0 762.0 61.0 couſtume de ce temps-la, que les Roys, les

232.0 300.0 762.0 61.0 Roynes & leurs enfans ne ſe fiſſent mener

233.0 348.0 760.0 65.0 par autre ſorte de voiture que par des

230.0 400.0 762.0 64.0 bœufs: ainſi qu’on peut retirer d’vn paſſage

228.0 445.0 764.0 68.0 du cha.26.du 3.liu. de Greg. de Tours, où il

226.0 498.0 767.0 64.0 dit ainſi. Mais la Royne Deuteria (ainſi ſe

226.0 545.0 766.0 65.0 nõmoit la femme du Roy Childebert) voyãt

226.0 597.0 765.0 64.0 que ſa fille, qu’elle auoit eu de ſon premier

224.0 647.0 766.0 65.0 mary, eſtoit deſia fort grãde, & craignãt que

221.0 694.0 769.0 67.0 le Roy n’en deuinſt amoureux & ne l’eſpou

220.0 746.0 769.0 63.0 ſaſt, la fit mettre dedãs vne charrette trainee

223.0 797.0 766.0 62.0 par des ieunes bœufs farouches, & non enco

216.0 847.0 771.0 59.0 res faits au ioug, qui l’emporterent & la ver

218.0 895.0 769.0 63.0 ſerent de deſſus vn põt en bas. Et touchãt le

216.0 945.0 769.0 64.0 tribunal d’or où le Roy ſe ſeoit, quãd il pre¬

216.0 997.0 767.0 61.0 ſidoit en conſeil, Aimoin. en parle au ch.30.

215.0 1042.0 767.0 64.0 du4.li. Il fit aſſigner (dit-il du roy Dagobert)

214.0 1096.0 768.0 60.0 le Parlement general en vn lieu nõmé Bigar

215.0 1145.0 770.0 60.0 ge: où tous les Princes & Seigneurs de Frãce

212.0 1197.0 771.0 56.0 ſe trouuerent au premier iour de May: & le

212.0 1241.0 771.0 66.0 Roy eſtant en vne chaire d’or, cõmença à

213.0 1295.0 768.0 56.0 parler ainſi & c. Item au ch.41. où il parle du

212.0 1343.0 768.0 54.0 Roy Clouis: Et ſeant au milieu d’eux dedans

211.0 1393.0 763.0 60.0 vne chaire d’or, commença ainſi ſa harãgue,

208.0 1441.0 771.0 59.0 &c. Item Sigebert en la chro. de l’an 662. dit

210.0 1492.0 767.0 73.0 que c’eſtoit la couſtume des Roys de Frãce

924.0 1554.0 52.0 45.0 au
