1023 1853
148.0 49.0 455.0 61.0 FRANCOISE.

720.0 47.0 63.0 56.0 111

16.0 115.0 767.0 60.0 au premier iour de May de preſider en ſeur

15.0 150.0 768.0 73.0 conſeil, en la preſence de tout leur peuple:

18.0 198.0 768.0 74.0 d’eſtre ſaluez de leurs ſuiets, & de leur rẽdre

16.0 249.0 765.0 72.0 leur ſalut: de receuoir preſẽs en ſigne de foy

15.0 299.0 774.0 68.0 & de recognoiſſance, & de leur en faire auſſi:

18.0 346.0 770.0 70.0 ce que Geor. Cedrenus declare tout de meſ¬

17.0 395.0 771.0 76.0 mes & preſque en ſemblable ſubſtance. Or

19.0 449.0 773.0 70.0 quant à l’autorité qu auoyent les ſuiets qui

19.0 498.0 772.0 69.0 venoyent à ceſte aſſemblee de conſeil, il y en

18.0 544.0 771.0 72.0 a quelques teſmoignages formels dedãs Ai¬

18.0 592.0 769.0 73.0 moin.au 41 ch. du li.4. Cõbiẽ (ce dit le Roy)

19.0 647.0 773.0 68.0 que le ſoin que ie doy auoir de ceſte princi¬

21.0 695.0 772.0 70.0 pauté terriene, ô citoyẽs de Frãce, m’aduer¬

21.0 744.0 772.0 71.0 tiſſe de vous appeller pour conſulter & deli¬

22.0 795.0 773.0 70.0 berer des afaires publiques, &c. le meſme au

30.0 842.0 767.0 69.0 74. ch. du meſme liu. Il ſuy fallut aller, dit-il

23.0 892.0 773.0 72.0 à l’entree de l’Eſté en Saxe, où il tint tous les

23.0 948.0 773.0 64.0 ans le Parlement general, cõme il auoit ac¬

24.0 992.0 775.0 69.0 couſtumé en France. Itẽ au li. 4 cha.13.où il

26.0 1040.0 774.0 71.0 parle de Charlemaigne: Ayãt acheué ſa chaſ

25.0 1089.0 774.0 73.0 ſe, dit-il, à Aix en Alemaigne, à ſon retour il

26.0 1142.0 769.0 70.0 tint congregation ſolennelle de ſon peuple,

26.0 1195.0 772.0 58.0 comme il auoit de couſtume. Au chap.116.

27.0 1245.0 769.0 62.0 l’Empereur ayant tenu deux diettes genera¬

27.0 1294.0 773.0 62.0 les, l vne à Noyon, l’autre à Compiegne, où

27.0 1339.0 771.0 70.0 il receut auſsi les preſens, qu’on ſouloit luy

27.0 1391.0 777.0 67.0 faire tous les ans, &c. Item au chap. 117. Au

31.0 1440.0 773.0 61.0 mois d’Aouſt il s’en vint à Vormes & ayant

32.0 1492.0 768.0 76.0 tenu iournee Imperiale, receut les preſens,
