1023 1853
250.0 57.0 82.0 44.0 112

406.0 49.0 482.0 62.0 DE LA GAVLE

245.0 115.0 754.0 62.0 qu on luy faiſoit chacun an d’ordinaire, ouit

245.0 154.0 759.0 72.0 & fit reſponſe à pluſieurs ambaſſadeurs. Itẽ

245.0 208.0 756.0 70.0 au 5.liu.chap.31. Il tint le Parlement general

244.0 256.0 758.0 69.0 le 13.de Iuin au village de Duziac, oú il re¬

243.0 305.0 759.0 70.0 ceut les dons & preſens annuels. Voila quãt

242.0 357.0 759.0 68.0 à ceſte aſſemblee ſolennelle, laquelle les hi¬

237.0 409.0 765.0 68.0 ſtoriens & François & Allemans, qui ont eſ

237.0 455.0 764.0 68.0 crit en Latin, par vne corruption de ceſte lan

241.0 508.0 759.0 68.0 gue, ont appellee quelquefois la Cour, &

236.0 556.0 763.0 67.0 d’autrefois auſsi (Placitum:) cõme les exem

241.0 608.0 759.0 64.0 ples s’en peuuent voir au cha.14. du 7.liu. de

237.0 655.0 762.0 68.0 Greg. de Tours: & au chap.109. du 4. d’Ai¬

233.0 706.0 766.0 65.0 moinus où elle eſt nõ mee (Placitum) Et ail¬

232.0 754.0 765.0 69.0 leurs, Conuentus, c’eſt à dire congregation

234.0 807.0 763.0 63.0 generale: comme dedans Aimoinus au liu.

231.0 854.0 766.0 72.0 4.chap.64 où il parle du Roy Pepin: Il leur

229.0 908.0 768.0 63.0 fit promettre, dit-il, parlant des Saxons, de

229.0 955.0 767.0 65.0 faire toute ſa volonté, & de luy amener tous

229.0 1007.0 762.0 66.0 les ans à chaſque congregation generale,

227.0 1053.0 768.0 67.0 ttois cẽs courſiers par forme de preſent. Car

225.0 1101.0 769.0 68.0 c’eſtoit vn ordinaire, qu’en ce Parlement la

226.0 1157.0 767.0 60.0 on enuoyoit de tous coſtez des preſens au

226.0 1205.0 765.0 64.0 Roy. Item au chapitre 85. Et n’ayant pas ou¬

224.0 1252.0 766.0 67.0 blié la deloyauté des Saxons, il tint congre¬

222.0 1302.0 769.0 69.0 gation generale de là le Rhein au village de

223.0 1351.0 767.0 65.0 Cuffenſtein. Ce Parlement ſe nommoit auſ

219.0 1400.0 770.0 65.0 ſi la Cour: dont eſt venue ceſte commune fa

223.0 1454.0 766.0 63.0 çon de parler, que quand on veut dire qu’on

221.0 1498.0 765.0 77.0 va là où eſt le Roy, on dit qu’on va à la Cour

895.0 1574.0 87.0 49.0 pour
