<?xml version="1.0" encoding="UTF-8"?>
<alto xmlns:xsi="http://www.w3.org/2001/XMLSchema-instance"
      xmlns="http://www.loc.gov/standards/alto/ns-v4#"
      xsi:schemaLocation="http://www.loc.gov/standards/alto/ns-v4# http://www.loc.gov/standards/alto/v4/alto-4-2.xsd">
  <Description>
    <MeasurementUnit>pixel</MeasurementUnit>
    <sourceImageInformation>
      <fileName>138_6b8d5_default.jpg</fileName>
      <fileIdentifier>mets//0_4c28e_default.zip/138_6b8d5_default.jpg</fileIdentifier>
    </sourceImageInformation>
  </Description>
  <Tags>
    <OtherTag ID="BT7" LABEL="CustomZone" DESCRIPTION="block type CustomZone"/><OtherTag ID="BT8" LABEL="DamageZone" DESCRIPTION="block type DamageZone"/><OtherTag ID="BT9" LABEL="DigitizationArtefactZone" DESCRIPTION="block type DigitizationArtefactZone"/><OtherTag ID="BT10" LABEL="DropCapitalZone" DESCRIPTION="block type DropCapitalZone"/><OtherTag ID="BT11" LABEL="GraphicZone" DESCRIPTION="block type GraphicZone"/><OtherTag ID="BT12" LABEL="MainZone" DESCRIPTION="block type MainZone"/><OtherTag ID="BT13" LABEL="MarginTextZone" DESCRIPTION="block type MarginTextZone"/><OtherTag ID="BT14" LABEL="MusicZone" DESCRIPTION="block type MusicZone"/><OtherTag ID="BT15" LABEL="NumberingZone" DESCRIPTION="block type NumberingZone"/><OtherTag ID="BT17" LABEL="QuireMarksZone" DESCRIPTION="block type QuireMarksZone"/><OtherTag ID="BT18" LABEL="RunningTitleZone" DESCRIPTION="block type RunningTitleZone"/><OtherTag ID="BT19" LABEL="SealZone" DESCRIPTION="block type SealZone"/><OtherTag ID="BT20" LABEL="StampZone" DESCRIPTION="block type StampZone"/><OtherTag ID="BT21" LABEL="TableZone" DESCRIPTION="block type TableZone"/><OtherTag ID="BT22" LABEL="TitlePageZone" DESCRIPTION="block type TitlePageZone"/><OtherTag ID="BT100001" LABEL="MainZone-Head" DESCRIPTION="block type MainZone-Head"/><OtherTag ID="BT100005" LABEL="MainZone-P" DESCRIPTION="block type MainZone-P"/><OtherTag ID="BT100006" LABEL="MainZone-Continued" DESCRIPTION="block type MainZone-Continued"/><OtherTag ID="BT100002" LABEL="MainZone-Lg" DESCRIPTION="block type MainZone-Lg"/><OtherTag ID="BT100007" LABEL="MarginTextZone-ManuscriptAddendum" DESCRIPTION="block type MarginTextZone-ManuscriptAddendum"/><OtherTag ID="BT100003" LABEL="MainZone-Signature" DESCRIPTION="block type MainZone-Signature"/><OtherTag ID="BT100012" LABEL="TitlePageZone-Index" DESCRIPTION="block type TitlePageZone-Index"/>
    <OtherTag ID="LT7" LABEL="CustomLine" DESCRIPTION="line type CustomLine"/><OtherTag ID="LT8" LABEL="DefaultLine" DESCRIPTION="line type DefaultLine"/><OtherTag ID="LT9" LABEL="DropCapitalLine" DESCRIPTION="line type DropCapitalLine"/><OtherTag ID="LT10" LABEL="HeadingLine" DESCRIPTION="line type HeadingLine"/><OtherTag ID="LT11" LABEL="InterlinearLine" DESCRIPTION="line type InterlinearLine"/><OtherTag ID="LT12" LABEL="MusicLine" DESCRIPTION="line type MusicLine"/><OtherTag ID="LT766" LABEL="default" DESCRIPTION="line type default"/>
  </Tags>
  <Layout>
    <Page WIDTH="1023"
          HEIGHT="1853"
          PHYSICAL_IMG_NR="138"
          ID="eSc_dummypage_">
      <PrintSpace HPOS="0"
                  VPOS="0"
                  WIDTH="1023"
                  HEIGHT="1853">
        <TextBlock HPOS="187.0"
                   VPOS="51.0"
                   WIDTH="440.0"
                   HEIGHT="50.0"
                   ID="block_3"
                   TAGREFS="BT18">
          <Shape><Polygon POINTS="627 51 627 101 187 101 187 51"/></Shape>
          <TextLine ID="line_0"
                    TAGREFS="LT10"
                    BASELINE="190 85 634 87" 
                    HPOS="186.0"
                    VPOS="41.0"
                    WIDTH="447.0"
                    HEIGHT="65.0">
            <Shape><Polygon POINTS="604 52 588 52 573 52 557 52 542 52 526 52 511 52 496 52 480 52 465 52 449 52 434 52 418 52 403 52 387 52 372 52 356 52 341 52 326 52 310 52 295 52 279 52 264 52 248 52 233 52 217 52 202 52 188 84 186 101 630 106 633 86 630 41 621 41 619 52"/></Shape>
	    <String CONTENT="FRANCOISE."
                    HPOS="186.0"
                    VPOS="41.0"
                    WIDTH="447.0"
                    HEIGHT="65.0"
                    WC="0.9999922990798951"></String>
          </TextLine>
        </TextBlock>
        <TextBlock HPOS="736.0"
                   VPOS="62.0"
                   WIDTH="64.0"
                   HEIGHT="47.0"
                   ID="block_7"
                   TAGREFS="BT15">
          <Shape><Polygon POINTS="800 62 800 109 736 109 736 62"/></Shape>
          <TextLine ID="line_1"
                    TAGREFS="LT8"
                    BASELINE="729 87 792 89" 
                    HPOS="728.0"
                    VPOS="58.0"
                    WIDTH="64.0"
                    HEIGHT="56.0">
            <Shape><Polygon POINTS="791 63 780 63 770 63 760 63 759 58 730 58 729 87 728 105 759 114 760 114 761 114 791 107 792 89 792 63 791 63"/></Shape>
	    <String CONTENT="113"
                    HPOS="728.0"
                    VPOS="58.0"
                    WIDTH="64.0"
                    HEIGHT="56.0"
                    WC="0.999984343846639"></String>
          </TextLine>
        </TextBlock>
        <TextBlock HPOS="27.0"
                   VPOS="110.0"
                   WIDTH="779.0"
                   HEIGHT="903.0"
                   ID="block_5"
                   TAGREFS="BT100006">
          <Shape><Polygon POINTS="806 110 806 1013 27 1013 27 110"/></Shape>
          <TextLine ID="line_2"
                    TAGREFS="LT8"
                    BASELINE="31 147 794 142" 
                    HPOS="29.0"
                    VPOS="111.0"
                    WIDTH="763.0"
                    HEIGHT="60.0">
            <Shape><Polygon POINTS="786 111 352 111 324 114 295 111 254 111 247 114 236 111 205 111 196 115 146 111 91 111 29 117 30 171 74 162 94 169 233 162 268 168 278 160 789 160 792 140 789 111 786 111"/></Shape>
	    <String CONTENT="pourautant qu’on n’alloit point volontiers"
                    HPOS="29.0"
                    VPOS="111.0"
                    WIDTH="763.0"
                    HEIGHT="60.0"
                    WC="0.9925147905236199"></String>
          </TextLine>
          <TextLine ID="line_3"
                    TAGREFS="LT8"
                    BASELINE="28 199 794 191" 
                    HPOS="27.0"
                    VPOS="155.0"
                    WIDTH="767.0"
                    HEIGHT="58.0">
            <Shape><Polygon POINTS="28 199 28 213 793 204 794 191 791 163 748 163 746 163 732 155 731 155 730 155 693 162 671 155 670 155 669 155 668 155 667 155 657 163 655 165 598 166 546 166 538 163 514 156 513 156 512 156 414 162 397 158 396 158 395 158 394 158 379 164 368 168 286 168 279 164 273 159 271 159 270 159 269 159 268 159 257 164 248 168 221 164 193 160 122 160 121 160 120 160 108 164 91 170 27 165 28 199"/></Shape>
	    <String CONTENT="vers le Roy, ſinon qu’a l’aſſignation du Par¬"
                    HPOS="27.0"
                    VPOS="155.0"
                    WIDTH="767.0"
                    HEIGHT="58.0"
                    WC="0.9985668553246392"></String>
          </TextLine>
          <TextLine ID="line_4"
                    TAGREFS="LT8"
                    BASELINE="24 250 794 241" 
                    HPOS="23.0"
                    VPOS="206.0"
                    WIDTH="771.0"
                    HEIGHT="61.0">
            <Shape><Polygon POINTS="24 250 24 262 57 267 58 267 89 262 107 260 133 262 185 267 186 267 187 267 205 262 217 259 267 262 300 264 301 264 302 264 309 262 325 257 334 262 341 265 342 265 343 265 360 262 378 259 393 262 407 265 408 265 452 262 541 255 568 262 573 263 574 263 575 263 576 263 581 262 602 254 680 254 690 259 691 259 692 259 693 259 694 259 709 254 720 260 721 260 722 260 723 260 724 260 740 254 758 261 759 261 760 262 793 262 794 241 791 214 759 214 757 214 744 206 743 206 742 206 741 206 740 206 731 214 730 215 648 215 645 214 638 207 637 207 636 207 604 207 603 207 602 207 591 214 587 216 568 214 530 208 529 208 502 214 484 217 461 214 445 212 444 212 442 212 436 214 428 217 421 214 415 211 414 211 413 211 390 214 362 218 344 214 328 211 327 211 262 213 261 213 260 213 259 214 250 219 154 214 119 213 118 213 117 213 116 213 115 214 104 221 23 215 24 250"/></Shape>
	    <String CONTENT="lement general, &amp; pour grandes affaires. Ai¬"
                    HPOS="23.0"
                    VPOS="206.0"
                    WIDTH="771.0"
                    HEIGHT="61.0"
                    WC="0.9814759235490452"></String>
          </TextLine>
          <TextLine ID="line_5"
                    TAGREFS="LT8"
                    BASELINE="25 296 795 291" 
                    HPOS="24.0"
                    VPOS="256.0"
                    WIDTH="771.0"
                    HEIGHT="59.0">
            <Shape><Polygon POINTS="25 296 25 307 131 315 132 315 165 307 206 312 321 313 322 313 323 313 347 306 365 312 366 312 367 313 463 313 463 312 548 304 553 304 564 311 565 311 566 311 567 311 568 311 569 311 577 306 633 311 634 311 635 311 636 311 646 303 648 303 698 303 699 303 718 310 719 310 720 310 794 302 795 291 794 265 771 256 770 256 693 256 692 256 691 256 675 264 640 256 639 256 638 256 637 256 622 266 593 266 580 257 578 257 577 257 576 257 536 265 520 257 519 257 487 257 486 257 485 257 466 265 373 266 335 258 334 258 333 258 298 267 276 259 275 259 227 259 226 259 225 259 224 259 214 268 24 269 25 296"/></Shape>
	    <String CONTENT="moinus au liu.5.chap.50. Charles, dit-il, fils"
                    HPOS="24.0"
                    VPOS="256.0"
                    WIDTH="771.0"
                    HEIGHT="59.0"
                    WC="0.9858628019042637"></String>
          </TextLine>
          <TextLine ID="line_6"
                    TAGREFS="LT8"
                    BASELINE="26 347 797 342" 
                    HPOS="25.0"
                    VPOS="304.0"
                    WIDTH="772.0"
                    HEIGHT="57.0">
            <Shape><Polygon POINTS="26 347 26 361 797 357 797 342 796 315 779 308 778 308 777 308 723 312 711 304 710 304 709 304 658 304 657 304 611 313 599 316 551 313 493 310 492 310 491 310 486 312 478 318 431 318 423 312 418 310 417 310 416 310 415 310 414 310 411 312 405 317 380 312 371 311 370 311 352 312 279 318 257 311 241 307 240 307 239 307 237 307 225 311 209 318 201 311 196 307 195 307 194 307 180 307 179 307 178 307 177 307 171 311 163 317 141 312 140 312 139 312 138 312 129 319 117 311 111 308 110 308 89 308 88 308 87 308 86 308 83 311 73 319 61 311 58 308 57 308 56 308 55 308 25 310 26 347"/></Shape>
	    <String CONTENT="du Roy de Dannemarc, ayant vn different"
                    HPOS="25.0"
                    VPOS="304.0"
                    WIDTH="772.0"
                    HEIGHT="57.0"
                    WC="0.9962326502188658"></String>
          </TextLine>
          <TextLine ID="line_7"
                    TAGREFS="LT8"
                    BASELINE="26 395 795 390" 
                    HPOS="25.0"
                    VPOS="355.0"
                    WIDTH="770.0"
                    HEIGHT="60.0">
            <Shape><Polygon POINTS="26 395 26 412 149 415 150 415 151 415 168 411 187 406 207 410 225 414 226 414 227 414 228 414 233 410 237 406 318 406 322 409 328 414 329 414 330 414 331 414 384 409 428 413 429 413 430 413 431 413 440 407 445 405 455 407 486 413 487 413 488 413 489 413 497 406 501 404 518 406 550 410 551 410 615 405 618 405 636 412 637 412 638 412 639 412 657 404 660 403 675 404 756 411 757 411 758 411 759 411 768 403 794 402 795 390 794 363 777 356 776 356 708 355 707 355 706 355 705 355 696 363 674 363 654 355 653 355 652 355 614 363 597 356 596 356 487 356 486 356 485 356 468 365 349 365 337 358 336 358 335 358 334 358 309 363 298 358 297 358 296 358 265 365 246 358 245 358 190 358 189 358 147 366 25 367 26 395"/></Shape>
	    <String CONTENT="auec quelques Seigneurs de Flãdre, les ſom¬"
                    HPOS="25.0"
                    VPOS="355.0"
                    WIDTH="770.0"
                    HEIGHT="60.0"
                    WC="0.9882978485389189"></String>
          </TextLine>
          <TextLine ID="line_8"
                    TAGREFS="LT8"
                    BASELINE="27 446 796 441" 
                    HPOS="26.0"
                    VPOS="405.0"
                    WIDTH="770.0"
                    HEIGHT="57.0">
            <Shape><Polygon POINTS="27 446 27 459 283 462 284 462 297 459 308 457 316 459 325 462 326 462 327 462 328 462 329 462 332 459 335 457 355 459 376 461 377 461 395 459 420 456 435 459 447 461 448 461 495 459 575 455 615 459 630 460 631 460 632 460 633 460 634 459 643 453 795 458 796 441 795 411 786 405 785 405 783 405 782 405 781 405 762 413 760 413 757 413 734 407 733 407 732 407 660 413 659 413 645 407 644 407 584 406 583 406 582 406 581 406 569 414 568 415 478 415 476 415 455 407 454 407 453 407 452 407 451 407 440 415 439 415 391 409 390 409 389 409 370 415 342 408 341 408 284 408 283 408 282 408 281 408 269 417 224 417 208 408 207 408 181 408 180 408 179 408 142 417 91 409 90 409 89 409 88 409 77 416 50 412 49 412 48 412 26 418 27 446"/></Shape>
	    <String CONTENT="moit raiſonnablement de s’en ſoumettre à"
                    HPOS="26.0"
                    VPOS="405.0"
                    WIDTH="770.0"
                    HEIGHT="57.0"
                    WC="0.9931577603991438"></String>
          </TextLine>
          <TextLine ID="line_9"
                    TAGREFS="LT8"
                    BASELINE="28 496 795 488" 
                    HPOS="27.0"
                    VPOS="452.0"
                    WIDTH="768.0"
                    HEIGHT="56.0">
            <Shape><Polygon POINTS="28 496 28 508 794 502 795 488 792 461 745 461 743 460 734 452 733 452 732 452 731 452 730 452 729 452 717 460 714 462 683 463 600 463 597 460 588 452 587 452 586 452 585 452 584 452 566 459 528 456 527 456 526 456 525 456 520 460 516 463 500 460 467 453 466 453 465 453 450 460 439 465 400 465 388 460 373 455 372 455 371 455 341 460 309 465 301 460 296 456 295 456 294 456 246 456 245 456 244 456 232 460 213 467 193 467 180 460 175 457 174 457 173 457 172 457 160 460 144 464 132 460 127 458 126 458 125 458 110 460 80 463 27 460 28 496"/></Shape>
	    <String CONTENT="l’arbitrage de la Cour. Et au chapi. enſuy¬"
                    HPOS="27.0"
                    VPOS="452.0"
                    WIDTH="768.0"
                    HEIGHT="56.0"
                    WC="0.9996517702590587"></String>
          </TextLine>
          <TextLine ID="line_10"
                    TAGREFS="LT8"
                    BASELINE="28 543 795 538" 
                    HPOS="27.0"
                    VPOS="503.0"
                    WIDTH="768.0"
                    HEIGHT="58.0">
            <Shape><Polygon POINTS="28 543 28 554 153 561 154 561 155 561 179 554 183 553 186 554 200 560 201 560 202 561 334 561 334 560 371 553 381 552 385 553 397 558 398 558 399 558 400 558 415 553 416 553 419 553 470 558 471 558 535 556 536 556 537 556 541 552 543 551 592 551 594 552 598 556 599 556 600 556 601 556 602 556 614 552 618 551 619 552 625 557 626 557 627 557 628 557 656 552 663 551 666 552 675 556 676 556 677 556 678 556 679 556 685 552 687 550 693 552 707 556 708 556 709 556 794 551 795 538 792 511 727 511 726 511 715 503 714 503 713 503 682 503 680 503 679 503 662 511 642 503 641 503 640 503 600 504 599 504 580 512 578 513 449 513 448 513 432 505 431 505 430 505 373 510 359 505 358 505 357 505 356 505 331 514 328 514 325 514 287 506 220 506 219 506 218 506 202 512 131 507 130 507 129 507 128 507 116 515 115 516 27 516 28 543"/></Shape>
	    <String CONTENT="uant. Henry Roy des Romains eſtant dece¬"
                    HPOS="27.0"
                    VPOS="503.0"
                    WIDTH="768.0"
                    HEIGHT="58.0"
                    WC="0.9768753170967102"></String>
          </TextLine>
          <TextLine ID="line_11"
                    TAGREFS="LT8"
                    BASELINE="28 595 797 589" 
                    HPOS="27.0"
                    VPOS="551.0"
                    WIDTH="770.0"
                    HEIGHT="58.0">
            <Shape><Polygon POINTS="28 595 28 609 797 603 797 589 794 562 778 562 777 562 761 551 760 551 759 551 721 551 720 551 719 551 684 562 683 562 637 553 636 553 635 553 634 553 621 563 620 563 594 552 593 552 564 552 563 552 562 552 561 552 547 562 521 552 520 552 519 552 518 552 495 564 452 564 396 564 395 564 378 553 377 553 376 553 374 553 373 553 358 562 335 553 334 553 333 553 275 565 274 565 273 565 249 557 248 557 247 557 246 557 227 565 213 555 212 555 211 555 182 554 181 554 180 554 179 554 162 566 161 567 120 567 119 566 105 555 104 555 103 555 49 555 48 555 47 555 27 565 28 595"/></Shape>
	    <String CONTENT="dé, en celle grande &amp; generale Cour, qui fut"
                    HPOS="27.0"
                    VPOS="551.0"
                    WIDTH="770.0"
                    HEIGHT="58.0"
                    WC="0.9911074466175503"></String>
          </TextLine>
          <TextLine ID="line_12"
                    TAGREFS="LT8"
                    BASELINE="28 644 793 639" 
                    HPOS="27.0"
                    VPOS="604.0"
                    WIDTH="766.0"
                    HEIGHT="54.0">
            <Shape><Polygon POINTS="28 644 28 653 332 658 333 658 360 653 369 651 379 653 396 656 397 656 398 656 399 656 403 653 406 651 425 652 467 656 468 656 491 652 505 650 535 652 573 655 574 655 610 652 645 649 661 652 678 655 679 655 792 651 793 639 791 612 720 604 719 604 718 604 717 604 704 612 685 604 684 604 654 604 653 604 652 604 626 613 624 613 617 613 533 605 532 605 531 605 530 605 520 613 520 614 459 614 457 614 436 606 435 606 434 606 433 606 432 606 422 614 421 614 419 614 350 606 349 606 348 606 347 606 332 615 330 616 223 616 222 615 207 607 206 607 180 607 179 607 131 608 130 608 129 608 117 616 114 616 72 611 71 611 27 616 28 644"/></Shape>
	    <String CONTENT="tenue à Mayence, &amp;c. Item Otton Friſing."
                    HPOS="27.0"
                    VPOS="604.0"
                    WIDTH="766.0"
                    HEIGHT="54.0"
                    WC="0.995914555177456"></String>
          </TextLine>
          <TextLine ID="line_13"
                    TAGREFS="LT8"
                    BASELINE="28 694 796 690" 
                    HPOS="27.0"
                    VPOS="651.0"
                    WIDTH="769.0"
                    HEIGHT="59.0">
            <Shape><Polygon POINTS="28 694 28 703 179 710 180 710 232 705 241 704 245 705 260 709 261 709 262 709 263 709 264 709 269 705 274 702 281 705 293 709 294 709 295 710 337 710 337 709 338 709 350 705 360 701 438 701 454 706 456 706 457 706 458 706 459 706 460 706 467 701 546 701 586 706 600 708 601 708 602 708 605 706 618 700 672 706 673 706 674 706 675 706 685 700 743 700 794 707 796 690 794 654 757 654 756 654 755 654 742 660 717 654 699 651 698 651 697 651 696 651 690 655 680 661 594 661 582 656 570 652 569 652 568 652 567 652 566 652 560 657 552 662 505 662 498 657 491 652 490 652 489 652 418 652 417 652 369 659 349 662 334 659 302 653 301 653 268 660 260 662 255 661 236 654 235 654 234 654 233 654 232 654 221 661 218 663 191 663 186 661 167 654 166 654 165 654 164 654 163 654 152 662 149 665 27 665 28 694"/></Shape>
	    <String CONTENT="au 4o. cha. du 1.liu. de Frider. Apres, dit-il,"
                    HPOS="27.0"
                    VPOS="651.0"
                    WIDTH="769.0"
                    HEIGHT="59.0"
                    WC="0.9851122054647892"></String>
          </TextLine>
          <TextLine ID="line_14"
                    TAGREFS="LT8"
                    BASELINE="27 744 797 738" 
                    HPOS="26.0"
                    VPOS="706.0"
                    WIDTH="771.0"
                    HEIGHT="53.0">
            <Shape><Polygon POINTS="27 744 27 754 154 759 155 759 473 751 492 751 495 751 536 756 537 756 538 756 556 750 558 750 656 750 657 750 665 755 666 755 667 755 668 755 669 755 689 749 692 749 796 749 797 738 794 706 26 711 27 744"/></Shape>
	    <String CONTENT="l’Empereur entra enBauiere, &amp; la tint Cour"
                    HPOS="26.0"
                    VPOS="706.0"
                    WIDTH="771.0"
                    HEIGHT="53.0"
                    WC="0.997131218512853"></String>
          </TextLine>
          <TextLine ID="line_15"
                    TAGREFS="LT8"
                    BASELINE="28 794 797 787" 
                    HPOS="27.0"
                    VPOS="749.0"
                    WIDTH="770.0"
                    HEIGHT="63.0">
            <Shape><Polygon POINTS="28 794 28 812 139 802 196 802 221 810 222 810 223 810 290 803 348 808 349 808 382 802 397 808 398 808 399 808 400 808 401 808 410 800 419 808 420 808 421 808 422 808 423 808 452 800 478 807 479 807 480 807 520 799 559 806 560 806 561 806 576 798 629 806 631 806 632 806 633 806 649 798 671 805 672 805 673 805 738 797 795 803 797 787 794 749 720 752 719 752 702 758 678 752 677 752 676 752 675 752 674 752 665 760 643 760 634 752 632 750 631 750 630 750 575 750 574 750 573 750 563 754 543 760 533 754 530 752 529 752 528 752 527 752 526 752 525 752 523 754 516 759 480 755 473 755 472 755 471 755 469 756 453 762 402 762 383 757 356 752 355 752 354 752 353 752 343 758 336 762 324 759 304 753 303 753 265 753 264 753 263 753 249 760 244 763 230 761 203 756 202 756 201 756 200 756 193 761 191 763 184 762 166 758 165 758 143 763 134 765 86 765 85 764 73 755 72 755 71 755 44 755 43 755 42 755 41 755 27 762 28 794"/></Shape>
	    <String CONTENT="pleniere &amp; generale, au mois de Feurier. I¬"
                    HPOS="27.0"
                    VPOS="749.0"
                    WIDTH="770.0"
                    HEIGHT="63.0"
                    WC="0.9826926589012146"></String>
          </TextLine>
          <TextLine ID="line_16"
                    TAGREFS="LT8"
                    BASELINE="27 844 799 837" 
                    HPOS="26.0"
                    VPOS="800.0"
                    WIDTH="773.0"
                    HEIGHT="61.0">
            <Shape><Polygon POINTS="27 844 27 854 48 861 49 861 50 861 51 861 67 854 72 853 110 855 223 860 224 860 225 860 239 855 247 852 260 855 283 860 284 860 310 855 332 851 370 855 404 859 405 859 406 859 418 855 434 850 475 850 515 856 532 858 533 858 534 858 535 858 538 856 548 849 562 856 563 856 564 856 565 856 566 856 567 856 584 851 636 856 650 857 651 857 652 857 656 856 688 848 797 856 799 837 797 811 719 800 718 800 669 811 645 801 644 801 643 801 587 810 564 801 563 801 562 801 561 801 535 812 534 812 532 812 487 802 433 802 432 802 431 802 410 813 407 813 404 813 370 803 369 803 328 803 327 803 326 803 309 813 305 813 243 806 242 806 241 806 240 806 230 813 229 815 26 815 27 844"/></Shape>
	    <String CONTENT="tem au 43. chap. Conrad Roy des Romains,"
                    HPOS="26.0"
                    VPOS="800.0"
                    WIDTH="773.0"
                    HEIGHT="61.0"
                    WC="0.9830531314015388"></String>
          </TextLine>
          <TextLine ID="line_17"
                    TAGREFS="LT8"
                    BASELINE="28 892 799 886" 
                    HPOS="28.0"
                    VPOS="850.0"
                    WIDTH="771.0"
                    HEIGHT="57.0">
            <Shape><Polygon POINTS="28 906 96 902 131 905 155 907 156 907 157 907 163 905 176 900 237 904 283 906 284 906 285 906 297 903 312 899 355 899 360 902 364 905 365 905 366 905 367 905 415 901 451 898 475 900 506 903 507 903 532 899 549 897 581 899 658 903 659 903 660 903 673 897 676 896 682 897 700 902 701 902 702 902 703 902 719 897 722 896 799 896 799 886 798 858 780 850 779 850 778 850 777 850 747 858 744 858 738 858 670 850 669 850 614 857 599 859 596 857 586 851 585 851 584 851 541 851 540 851 539 851 526 857 520 861 422 861 410 857 397 853 396 853 395 853 394 853 382 857 369 860 338 857 305 853 304 853 303 853 292 856 277 862 154 863 95 857 94 857 58 863 28 856 28 892 28 906"/></Shape>
	    <String CONTENT="ayant conuoqué les Princes à Francfort vil¬"
                    HPOS="28.0"
                    VPOS="850.0"
                    WIDTH="771.0"
                    HEIGHT="57.0"
                    WC="0.9924644086096022"></String>
          </TextLine>
          <TextLine ID="line_18"
                    TAGREFS="LT8"
                    BASELINE="28 942 796 936" 
                    HPOS="27.0"
                    VPOS="898.0"
                    WIDTH="769.0"
                    HEIGHT="63.0">
            <Shape><Polygon POINTS="28 942 28 955 69 961 70 961 185 954 212 953 215 954 230 960 231 960 232 960 233 960 251 954 254 953 258 954 277 957 278 957 299 953 308 952 311 953 318 957 319 957 320 957 344 953 351 952 357 953 391 959 392 959 393 959 406 952 407 952 417 958 418 958 419 958 420 959 529 959 529 958 585 951 597 950 608 951 666 957 667 957 717 950 727 949 737 950 773 954 774 954 796 949 796 936 793 907 736 907 735 907 723 898 722 898 721 898 702 898 701 898 700 898 684 907 683 907 680 907 640 899 639 899 638 899 637 899 624 907 622 908 619 907 597 899 596 899 595 899 570 904 555 899 554 899 553 899 552 899 551 899 539 907 536 911 497 911 492 907 471 900 470 900 441 900 440 900 439 900 417 908 408 912 350 912 345 908 331 901 330 901 329 901 328 901 301 908 292 911 266 908 240 906 239 906 237 906 228 908 217 912 209 908 193 902 192 902 162 902 161 902 160 902 159 902 152 908 88 903 87 903 86 903 85 903 76 910 70 913 61 910 46 903 45 903 44 903 43 903 27 908 28 942"/></Shape>
	    <String CONTENT="le de la France Orientale, y celebra la Cour"
                    HPOS="27.0"
                    VPOS="898.0"
                    WIDTH="769.0"
                    HEIGHT="63.0"
                    WC="0.9880616976456209"></String>
          </TextLine>
          <TextLine ID="line_19"
                    TAGREFS="LT8"
                    BASELINE="31 990 210 990" 
                    HPOS="31.0"
                    VPOS="956.0"
                    WIDTH="179.0"
                    HEIGHT="56.0">
            <Shape><Polygon POINTS="31 990 31 1012 210 1004 210 990 210 963 146 956 145 956 31 962 31 990"/></Shape>
	    <String CONTENT="generale."
                    HPOS="31.0"
                    VPOS="956.0"
                    WIDTH="179.0"
                    HEIGHT="56.0"
                    WC="0.9994925989045037"></String>
          </TextLine>
        </TextBlock>
        <TextBlock HPOS="89.0"
                   VPOS="1049.0"
                   WIDTH="716.0"
                   HEIGHT="198.0"
                   ID="block_1"
                   TAGREFS="BT100001">
          <Shape><Polygon POINTS="805 1049 796 1247 89 1247 90 1049"/></Shape>
          <TextLine ID="line_20"
                    TAGREFS="LT10"
                    BASELINE="98 1083 799 1080" 
                    HPOS="95.0"
                    VPOS="1050.0"
                    WIDTH="703.0"
                    HEIGHT="54.0">
            <Shape><Polygon POINTS="420 1050 404 1050 389 1050 373 1050 358 1050 343 1050 327 1050 312 1050 296 1050 281 1050 265 1050 250 1050 234 1050 219 1050 203 1050 188 1050 173 1050 157 1050 142 1050 126 1050 111 1050 95 1050 97 1082 97 1104 797 1099 798 1079 795 1051 445 1050 435 1050"/></Shape>
	    <String CONTENT="¶ De la ſacree &amp; inuiolable authorité de"
                    HPOS="95.0"
                    VPOS="1050.0"
                    WIDTH="703.0"
                    HEIGHT="54.0"></String>
          </TextLine>
          <TextLine ID="line_21"
                    TAGREFS="LT10"
                    BASELINE="108 1136 796 1134" 
                    HPOS="107.0"
                    VPOS="1094.0"
                    WIDTH="689.0"
                    HEIGHT="61.0">
            <Shape><Polygon POINTS="108 1150 171 1145 264 1145 281 1150 292 1154 293 1154 294 1154 295 1154 310 1150 317 1148 319 1150 324 1154 325 1154 326 1154 327 1155 447 1155 447 1154 448 1154 463 1149 481 1144 493 1149 496 1150 497 1150 498 1150 528 1149 611 1144 630 1148 648 1152 649 1152 650 1152 662 1148 673 1144 679 1148 686 1152 687 1152 688 1152 689 1152 722 1148 753 1144 794 1147 796 1134 794 1105 778 1105 768 1096 768 1095 767 1095 766 1095 765 1095 764 1095 763 1095 752 1104 729 1094 728 1094 727 1094 726 1094 725 1094 706 1105 642 1105 626 1094 625 1094 624 1094 567 1094 566 1094 565 1094 529 1104 517 1094 516 1094 515 1094 514 1094 472 1099 457 1094 456 1094 455 1094 424 1095 423 1095 422 1095 410 1105 177 1095 176 1095 175 1095 155 1103 126 1096 125 1096 124 1096 123 1096 122 1096 107 1104 108 1136"/></Shape>
	    <String CONTENT="l’aſſemblee generale des Eſtats, &amp; de"
                    HPOS="107.0"
                    VPOS="1094.0"
                    WIDTH="689.0"
                    HEIGHT="61.0"
                    WC="0.9856682484214371"></String>
          </TextLine>
          <TextLine ID="line_22"
                    TAGREFS="LT10"
                    BASELINE="109 1185 655 1185" 
                    HPOS="109.0"
                    VPOS="1149.0"
                    WIDTH="546.0"
                    HEIGHT="56.0">
            <Shape><Polygon POINTS="109 1203 177 1202 178 1202 190 1196 228 1202 246 1204 247 1204 260 1201 284 1196 304 1201 316 1203 317 1203 331 1200 353 1196 380 1200 399 1202 400 1202 401 1202 407 1199 414 1196 420 1199 432 1204 433 1204 434 1205 482 1205 482 1204 483 1204 484 1204 484 1203 490 1198 493 1196 514 1198 567 1202 568 1202 569 1202 585 1197 588 1196 655 1196 655 1185 655 1162 597 1162 594 1161 569 1154 568 1154 567 1154 531 1159 522 1151 522 1150 521 1150 520 1150 498 1149 465 1149 464 1149 463 1149 446 1158 439 1161 432 1158 426 1155 425 1155 424 1155 423 1155 413 1158 400 1161 396 1157 389 1150 389 1149 388 1149 387 1149 386 1149 385 1149 359 1157 341 1161 295 1156 271 1152 270 1152 269 1152 268 1152 265 1155 254 1161 233 1161 223 1154 216 1149 215 1149 214 1149 184 1149 183 1149 182 1149 181 1149 176 1154 162 1161 149 1152 143 1149 142 1149 141 1149 109 1151 109 1185"/></Shape>
	    <String CONTENT="quelles matieres on y traitoit."
                    HPOS="109.0"
                    VPOS="1149.0"
                    WIDTH="546.0"
                    HEIGHT="56.0"
                    WC="0.9841688063836866"></String>
          </TextLine>
        </TextBlock>
        <TextBlock HPOS="31.0"
                   VPOS="1253.0"
                   WIDTH="246.0"
                   HEIGHT="249.0"
                   ID="eSc_textblock_d745fa2d"
                   TAGREFS="BT10">
          <Shape><Polygon POINTS="31 1253 31 1502 277 1502 277 1253"/></Shape>
          <TextLine ID="line_25"
                    TAGREFS="LT9"
                    BASELINE="164 1488 257 1482" 
                    HPOS="160.0"
                    VPOS="1429.0"
                    WIDTH="96.0"
                    HEIGHT="75.0">
            <Shape><Polygon POINTS="163 1504 256 1500 256 1480 248 1429 160 1453 163 1487"/></Shape>
	    <String CONTENT="O"
                    HPOS="160.0"
                    VPOS="1429.0"
                    WIDTH="96.0"
                    HEIGHT="75.0"></String>
          </TextLine>
        </TextBlock>
        <TextBlock HPOS="23"
                   VPOS="1247"
                   WIDTH="789"
                   HEIGHT="304"
                   ID="block_0"
                   TAGREFS="BT100005">
          <Shape><Polygon POINTS="805 1247 812 1551 23 1551 28 1251"/></Shape>
          <TextLine ID="line_24"
                    TAGREFS="LT10"
                    BASELINE="224 1230 611 1229" 
                    HPOS="223.0"
                    VPOS="1195.0"
                    WIDTH="388.0"
                    HEIGHT="52.0">
            <Shape><Polygon POINTS="224 1241 239 1247 240 1247 241 1247 266 1242 291 1247 292 1247 330 1242 331 1242 368 1247 369 1247 398 1242 400 1242 401 1242 430 1247 431 1247 611 1242 611 1234 609 1206 587 1206 587 1205 572 1195 571 1195 570 1195 569 1195 476 1198 475 1198 474 1198 464 1204 452 1197 451 1197 450 1197 449 1197 432 1204 428 1206 392 1206 389 1203 380 1195 379 1195 378 1195 377 1195 376 1195 374 1195 363 1203 360 1206 332 1206 329 1203 322 1196 322 1195 321 1195 320 1195 291 1195 290 1195 289 1195 288 1195 280 1202 277 1205 267 1202 246 1195 245 1195 244 1195 243 1195 223 1201 224 1235"/></Shape>
	    <String CONTENT="CHAP. XI."
                    HPOS="223.0"
                    VPOS="1195.0"
                    WIDTH="388.0"
                    HEIGHT="52.0"></String>
          </TextLine>
          <TextLine ID="line_26"
                    TAGREFS="LT8"
                    BASELINE="280 1286 293 1285 808 1283" 
                    HPOS="278.0"
                    VPOS="1241.0"
                    WIDTH="528.0"
                    HEIGHT="65.0">
            <Shape><Polygon POINTS="788 1253 741 1278 738 1252 661 1252 645 1241 585 1252 539 1244 530 1253 485 1243 458 1255 421 1255 411 1243 375 1250 367 1243 278 1244 279 1297 758 1306 806 1292 802 1252 788 1253"/></Shape>
	    <String CONTENT="R eſt-il maintenant le propre"
                    HPOS="278.0"
                    VPOS="1241.0"
                    WIDTH="528.0"
                    HEIGHT="65.0"
                    WC="0.9832249900390362"></String>
          </TextLine>
          <TextLine ID="line_27"
                    TAGREFS="LT8"
                    BASELINE="280 1337 810 1331" 
                    HPOS="278.0"
                    VPOS="1290.0"
                    WIDTH="530.0"
                    HEIGHT="64.0">
            <Shape><Polygon POINTS="695 1303 649 1327 639 1301 438 1292 428 1303 383 1294 366 1304 324 1294 315 1304 278 1304 279 1348 485 1354 560 1344 574 1354 675 1354 808 1341 808 1300 789 1290 757 1301 735 1295 698 1300 695 1303"/></Shape>
	    <String CONTENT="endroit où il faut que hous cõ¬"
                    HPOS="278.0"
                    VPOS="1290.0"
                    WIDTH="530.0"
                    HEIGHT="64.0"
                    WC="0.9780012423341925"></String>
          </TextLine>
          <TextLine ID="line_28"
                    TAGREFS="LT8"
                    BASELINE="280 1385 283 1384 810 1381" 
                    HPOS="278.0"
                    VPOS="1338.0"
                    WIDTH="531.0"
                    HEIGHT="65.0">
            <Shape><Polygon POINTS="803 1361 792 1340 730 1338 729 1338 727 1338 726 1338 721 1341 707 1351 666 1343 639 1338 638 1338 636 1338 635 1338 628 1343 615 1352 599 1352 587 1358 571 1368 556 1375 540 1380 531 1352 520 1344 516 1340 514 1340 513 1340 511 1340 509 1340 494 1344 474 1354 415 1354 397 1346 375 1340 373 1340 372 1340 370 1340 369 1340 360 1348 352 1352 343 1348 327 1340 326 1340 324 1340 278 1348 279 1383 279 1403 808 1394 809 1380 806 1341 805 1340 803 1361"/></Shape>
	    <String CONTENT="ſideriõs quelles matieres ſe de"
                    HPOS="278.0"
                    VPOS="1338.0"
                    WIDTH="531.0"
                    HEIGHT="65.0"
                    WC="0.9994062446057796"></String>
          </TextLine>
          <TextLine ID="line_29"
                    TAGREFS="LT8"
                    BASELINE="279 1436 811 1430" 
                    HPOS="278.0"
                    VPOS="1391.0"
                    WIDTH="533.0"
                    HEIGHT="58.0">
            <Shape><Polygon POINTS="279 1436 279 1449 810 1443 811 1430 809 1404 789 1404 773 1391 772 1391 771 1391 770 1391 769 1391 746 1404 717 1404 702 1392 701 1392 700 1392 675 1392 674 1392 673 1392 672 1392 664 1400 652 1392 651 1392 601 1392 600 1392 599 1392 598 1392 578 1406 553 1406 540 1394 540 1393 539 1393 538 1393 518 1393 517 1393 516 1393 488 1407 414 1407 391 1394 390 1394 389 1394 388 1394 387 1394 387 1395 378 1404 371 1399 370 1399 369 1399 307 1395 305 1395 304 1395 303 1395 303 1396 293 1407 278 1408 279 1436"/></Shape>
	    <String CONTENT="cidoyẽt en ceſte aſſemblee ſo¬"
                    HPOS="278.0"
                    VPOS="1391.0"
                    WIDTH="533.0"
                    HEIGHT="58.0"
                    WC="0.9990538531734098"></String>
          </TextLine>
          <TextLine ID="line_30"
                    TAGREFS="LT8"
                    BASELINE="278 1485 811 1479" 
                    HPOS="277.0"
                    VPOS="1440.0"
                    WIDTH="534.0"
                    HEIGHT="62.0">
            <Shape><Polygon POINTS="278 1485 279 1502 300 1492 350 1498 351 1498 352 1498 367 1494 373 1499 374 1500 376 1500 377 1500 378 1500 379 1500 380 1500 381 1499 396 1491 527 1494 565 1495 566 1495 567 1495 575 1493 588 1490 620 1491 721 1497 722 1497 782 1489 799 1494 800 1494 801 1494 802 1494 803 1494 803 1493 811 1485 811 1479 807 1440 780 1447 745 1441 744 1441 743 1441 742 1441 717 1451 695 1451 678 1442 677 1442 676 1442 674 1442 620 1452 572 1452 563 1444 563 1443 562 1443 561 1443 560 1443 559 1443 557 1444 537 1453 525 1453 517 1445 517 1444 516 1444 515 1444 514 1444 513 1444 510 1445 495 1453 454 1453 444 1446 444 1445 442 1445 441 1445 440 1445 432 1446 397 1451 378 1447 368 1445 367 1445 366 1445 361 1447 346 1454 321 1448 313 1446 312 1446 311 1446 277 1448 278 1485"/></Shape>
	    <String CONTENT="lẽnelle: &amp; admirions le grand"
                    HPOS="277.0"
                    VPOS="1440.0"
                    WIDTH="534.0"
                    HEIGHT="62.0"
                    WC="0.9958214382330577"></String>
          </TextLine>
          <TextLine ID="line_31"
                    TAGREFS="LT8"
                    BASELINE="30 1532 810 1529" 
                    HPOS="29.0"
                    VPOS="1495.0"
                    WIDTH="781.0"
                    HEIGHT="65.0">
            <Shape><Polygon POINTS="30 1532 30 1550 48 1558 49 1558 50 1558 88 1557 89 1557 90 1557 100 1550 101 1549 106 1550 130 1555 131 1555 160 1551 173 1559 174 1559 175 1559 176 1560 260 1560 260 1559 261 1559 286 1551 332 1556 333 1556 334 1556 335 1556 348 1548 349 1548 354 1548 444 1558 445 1558 446 1558 473 1548 475 1547 514 1547 516 1547 547 1558 548 1558 549 1558 629 1547 635 1546 641 1547 706 1557 707 1557 708 1557 709 1557 723 1546 724 1546 810 1546 810 1529 807 1501 721 1505 697 1500 682 1498 680 1498 661 1500 628 1505 621 1500 612 1495 611 1495 610 1495 577 1495 576 1495 575 1495 558 1500 540 1506 526 1500 525 1500 524 1500 520 1500 417 1506 404 1499 397 1496 396 1496 395 1496 378 1499 350 1506 312 1499 289 1496 288 1496 287 1496 286 1496 286 1497 283 1499 276 1507 206 1507 193 1499 191 1497 190 1497 189 1497 129 1497 128 1497 127 1497 126 1497 124 1499 117 1505 100 1499 95 1497 94 1497 93 1497 29 1498 30 1532"/></Shape>
	    <String CONTENT="ſens &amp; la prudence que monſtrerent nos"
                    HPOS="29.0"
                    VPOS="1495.0"
                    WIDTH="781.0"
                    HEIGHT="65.0"
                    WC="0.9926377927002153"></String>
          </TextLine>
        </TextBlock>
        <TextBlock HPOS="631.0"
                   VPOS="1552.0"
                   WIDTH="38.0"
                   HEIGHT="40.0"
                   ID="block_6"
                   TAGREFS="BT17">
          <Shape><Polygon POINTS="668 1552 669 1592 632 1592 631 1552"/></Shape>
          <TextLine ID="line_32"
                    TAGREFS="LT8"
                    BASELINE="632 1582 667 1582" 
                    HPOS="632.0"
                    VPOS="1539.0"
                    WIDTH="35.0"
                    HEIGHT="73.0">
            <Shape><Polygon POINTS="632 1582 633 1612 667 1602 667 1582 667 1550 645 1539 644 1539 643 1539 632 1541 632 1582"/></Shape>
	    <String CONTENT="h"
                    HPOS="632.0"
                    VPOS="1539.0"
                    WIDTH="35.0"
                    HEIGHT="73.0"
                    WC="0.9948540329933167"></String>
          </TextLine>
        </TextBlock>
      </PrintSpace>
    </Page>
  </Layout>
</alto>
