1023 1853
240.0 53.0 72.0 56.0 114

386.0 47.0 494.0 71.0 DE LA GAVLE

237.0 125.0 763.0 53.0 Maleurs en eſtabliſſant & ordonnant la for¬

242.0 158.0 760.0 68.0 me de leur Police. Voicy donc ſommaire¬

237.0 210.0 757.0 66.0 ment preſque toutes les matieres qu’on y

235.0 253.0 767.0 71.0 deliberoit: Premierement de l’election, ou

236.0 300.0 767.0 73.0 de la depoſition d’vn Roy: Conſequemmẽt

235.0 354.0 765.0 71.0 de la paix & de la guerre, & des loix publi¬

235.0 404.0 766.0 66.0 ques: des ſouuerains eſtats &offices, gouuer

233.0 453.0 767.0 68.0 nemens & adminiſtrations de la choſe publi

234.0 502.0 764.0 71.0 que: d’aſſigner quelque partie du domaine

231.0 550.0 767.0 67.0 aux hoirs maſles du Roy defunct, ou d’eſta¬

232.0 601.0 767.0 70.0 blir douaire aux filles (ce qu’ils appellerent

229.0 652.0 771.0 69.0 d’vn mot Alemand, Apanage, qui vaut autãt

230.0 701.0 766.0 66.0 à dire, cõme part excluſoire, c’eſt à dire qui

227.0 748.0 770.0 69.0 forcloſt les puiſnez ou les filles du droict

229.0 800.0 767.0 67.0 qu’ils pourroyent auoir au demourant de la

225.0 853.0 769.0 60.0 ſucceſsion:) finablement de toutes les ma¬

224.0 901.0 770.0 67.0 tieres, qu’on appelle communement encore

226.0 948.0 767.0 69.0 à preſent, Affaires des Eſtats: pourautant

225.0 997.0 767.0 67.0 qu’il n’eſtoit loiſible de decider de quelque

224.0 1044.0 767.0 66.0 affaire concernant l’eſtat de la choſe publi¬

223.0 1096.0 767.0 68.0 que, ſinon qu’en l’aſſemblee des Eſtats. Or

222.0 1145.0 762.0 68.0 quãt eſt à la creatiõ ou depoſition des Roys,

220.0 1201.0 767.0 60.0 nous en auons deſia produit pluſieurs teſ¬

221.0 1249.0 765.0 63.0 moignages tirez, tant du teſtament de Char

219.0 1296.0 765.0 68.0 lemaigne, que de pluſieurs auteurs. Toute¬

218.0 1344.0 763.0 64.0 fois encore en mettrons-nous icy vn du 17.

217.0 1391.0 766.0 69.0 cha, du liu. 5. d’Aimoin. où il parle du Roy

220.0 1443.0 764.0 67.0 Charles le Chauue: Ayãt tenu, dit-il, aſſem

216.0 1492.0 765.0 82.0 blee generale à Cariſiac, il mit la ceinture&

845.0 1549.0 131.0 70.0 I’eſpee
