1023 1853
241.0 136.0 763.0 44.0 que peres ny meres ny amis, ny autres obli¬

240.0 167.0 768.0 63.0 gatiõs de la ſocieté humaine. Vray eſt, qu’vn

237.0 219.0 770.0 61.0 hõme, qui ne ſe ſoucie d’autre choſe que de

236.0 267.0 772.0 60.0 viure à ſon aiſe, meſurera touſiours l’amour

236.0 315.0 767.0 66.0 & l’affectiõ qu’il doit à ſon pays, ſelõ ſes pro

237.0 367.0 769.0 58.0 pres cõmoditez. Mais de mettre ainſi à non¬

235.0 414.0 771.0 63.0 chaloir & laiſſer eſcouler hors de ſa penſee

236.0 466.0 770.0 60.0 toute ſouuenãce de ſon pays, cela ne me ſem

235.0 514.0 770.0 63.0 ble point digne d’vn hõme vertueux, ny bien

235.0 566.0 769.0 59.0 ſeant à vne nature ciuile & compoſee: mais

236.0 611.0 765.0 67.0 pluſtoſt tenir de la beſtialité & d’vne ſtupi¬

232.0 662.0 772.0 63.0 dité Cynique, & conuenable à vn homme

234.0 711.0 764.0 67.0 penchant & ſe laiſſant aller en la diſcipline

232.0 763.0 768.0 62.0 d’Epicurus. Et de telles perſonnes comme

231.0 811.0 771.0 65.0 cela, eſt procedee celle damnable & furieu¬

230.0 861.0 772.0 64.0 ſe parole. Quand ie ſeray mort, que la terre

230.0 910.0 773.0 64.0 & le feu ſe meſlent enſemble, & que tout ſe

229.0 958.0 771.0 64.0 renuerſe ſans deſſus deſſous s’il veut: Et en¬

228.0 1010.0 776.0 64.0 core ceſte autre ſentence tyrannique, laquel

227.0 1060.0 774.0 64.0 le ne vaut gueres mieux, Il ne me chaut que

227.0 1111.0 771.0 60.0 mes amis periſſent, pourueu que mes enne¬

225.0 1158.0 773.0 67.0 mis aillent quand & quand. Mais les douces

226.0 1207.0 772.0 65.0 & debonnaires natures ont vne ſi grande

226.0 1259.0 771.0 63.0 charité & amour enuers leur pays, & ſi pro¬

225.0 1306.0 771.0 62.0 fondement engrauee, qu’il n’eſt poſſible de

226.0 1356.0 771.0 64.0 l'effacer, que quand & quand on n’en oſte

226.0 1407.0 771.0 62.0 toutes les autres paſsions & affections d’hu

224.0 1454.0 772.0 62.0 manité: telle cõme la deſcrit Homere en la

230.0 1504.0 763.0 91.0 perſonne d’Vlyſſes, lequel eſtima ſon pay¬

902.0 1557.0 87.0 55.0 & la
