1023 1853
201.0 60.0 447.0 50.0 FRANCOISE.

733.0 44.0 54.0 82.0 115

23.0 121.0 766.0 51.0 l'eſpee à ſon fils Charles: & vne couronne

25.0 166.0 769.0 62.0 ſur la teſte, luy donnant par ſon partage, la

26.0 215.0 767.0 61.0 Neuſtrie: & à ſon autre fils Pepin, l’Aquitai¬

24.0 264.0 770.0 58.0 ne. Quant à l’adminiſtration du Royaume

23.0 315.0 771.0 60.0 ce meſme auteur nous fournira d’vn teſmoi

24.0 362.0 769.0 64.0 gnage formel au liure 5. chapitre trentecin¬

28.0 413.0 767.0 58.0 quieme, où il parle encore de Charles le

28.0 462.0 767.0 57.0 Chauue: Charles, dit-il, voulant aller à Ro¬

25.0 510.0 772.0 62.0 me, tint vn Parlement general à Compie¬

27.0 563.0 771.0 59.0 gne le premier iour de Iuin: auquel il ordon¬

26.0 612.0 770.0 55.0 na & mit par chefs & articles, la manierè

28.0 661.0 766.0 61.0 que ſon fils Loys aſsiſté de ſes feaux Con¬

27.0 710.0 771.0 57.0 ſeillers, & des Princes du Royaume, tien¬

29.0 758.0 771.0 61.0 droit à gouuerner la France, iuſques à ſon

27.0 809.0 768.0 60.0 retour de Rome. Et au meſme liure, chapi.

30.0 859.0 767.0 61.0 42. où il parle du Roy Charles le Simple.

29.0 907.0 768.0 63.0 Les Seigneurs de France, dit-il, iugeans,

31.0 956.0 769.0 62.0 qu’il n’eſtoit pas en aage capable d’admnini¬

29.0 1007.0 771.0 60.0 ſtration d’affaires & de gouuernement (com

29.0 1057.0 770.0 58.0 me auſsi n’eſtoit-il) tindrent conſeil de ma¬

29.0 1106.0 772.0 63.0 tieres de grande eonſequence: & les princi¬

32.0 1157.0 771.0 62.0 paux de France, de Bourgongne, & d’A¬

31.0 1207.0 770.0 58.0 quitaine s’eſtans aſſemblez eleurent Odon

29.0 1255.0 774.0 60.0 ruteur de Charles, & gouuerneür du Royau

29.0 1305.0 772.0 57.0 me. Touchant les loix & conſtitutions qui

32.0 1353.0 769.0 62.0 s’y faiſoyent, Gaguin le certifie aſſez en la

33.0 1404.0 763.0 60.0 vie du Roy Loys ſurnommé Sainct. Le Roy

31.0 1454.0 769.0 58.0 Loys, dit-il, eſtant arriué à Paris, tint Parle¬

33.0 1502.0 769.0 69.0 ment general, reforma l’eſtat de la republi.

564.0 1559.0 93.0 57.0 h 2
