1023 1853
230.0 51.0 70.0 55.0 116

386.0 40.0 489.0 71.0 DE LA GAVLE

227.0 116.0 768.0 48.0 eſtabliſſant de tres-bonnes loix, Que les iu¬

230.0 154.0 769.0 65.0 ges euſſent à adminiſtrer droite iuſtice à cha

228.0 207.0 774.0 60.0 cun, & n’achetaſſent point les offices, &c.

232.0 257.0 768.0 61.0 Quant aux Eſtats & gouuernemens, dont

228.0 308.0 768.0 56.0 on prouuoyoit des perſonnages cognus & ap

229.0 356.0 769.0 59.0 prouuez, Aimoinus en fait mention au 36.

226.0 405.0 773.0 61.0 chapitre du liu.5. où il parle de Charles le

230.0 453.0 768.0 63.0 Chauue lequel auant ſon couronnement a¬

224.0 505.0 772.0 60.0 uoit departy les gouuernemens à ſa fanta¬

223.0 552.0 775.0 61.0 ſie & à qui bon luy auoit ſemblé: mais les

224.0 603.0 775.0 66.0 Princes & Seigneurs du Royaume firent

224.0 653.0 773.0 61.0 conuoquer les Eſtats generaux, & depeſche

221.0 702.0 775.0 59.0 rent des ambaſſadeurs vers le Roy: & ſi ne

223.0 752.0 772.0 61.0 voulurent ſouffrir que le Roy fuſt couron¬

220.0 801.0 777.0 61.0 né, que premier il n’euſt vſé de leur conſeil

221.0 851.0 770.0 61.0 & autorité à inueſtir & prouuoir de ces E¬

219.0 900.0 778.0 61.0 ſtats la ceux qui en ſeroyent dignes. Les Sei

221.0 952.0 777.0 59.0 gneurs du Royaume, dit-il, indignez & mar

218.0 1000.0 778.0 62.0 ris de ce qu’il auoit donné des Eſtats à quel¬

219.0 1050.0 779.0 59.0 ques vns ſans leur conſentement, à raiſon

217.0 1099.0 778.0 57.0 de cela conſpirerent contre luy, & tindrent

216.0 1145.0 774.0 63.0 leur aſſemblee à part au village de Vvit¬

216.0 1198.0 779.0 56.0 mar: & de la enuoyerent vne ambaſſade a

217.0 1248.0 777.0 60.0 Loys, & Loys auſſi vers eux, &c. Item en la

215.0 1296.0 778.0 61.0 continuation de l’hiſtoire de Gregoire de

221.0 1347.0 770.0 61.0 Tours, au liure onzieſme, chapitre cinquan¬

214.0 1396.0 777.0 60.0 te & quatrieme. Ceſte annee-la, dit il, le

213.0 1445.0 772.0 63.0 Roy Clothaire ſe trouua à Troyes en Chã¬

220.0 1496.0 770.0 71.0 paigne auec les Seigneurs & ſuiets de Bour¬

849.0 1551.0 133.0 60.0 goigne
