1023 1853
151.0 50.0 471.0 68.0 FRANCOISE.

724.0 61.0 67.0 48.0 117

24.0 138.0 769.0 43.0 goigne: ou il les ſolicita de dire, s’ils vou¬

24.0 161.0 771.0 68.0 loyent ſubſtituer quelcun en l’eſtat de Vvar

23.0 213.0 768.0 67.0 nharius qui eſtoit decedé: à quoy ils reſpon¬

23.0 262.0 771.0 66.0 dirent tous que non: & qu’ils ne vouſoyent

26.0 311.0 768.0 67.0 point elire vn Maire du Palais: mais qu’ils

24.0 361.0 771.0 70.0 deſiroyent d’eſtre en la bõne grace du Roy

25.0 409.0 770.0 69.0 & par ainſi ils accorderent auec luy. En ce

25.0 458.0 770.0 69.0 meſme lieu ſe terminoyent auſsi les differẽs

26.0 515.0 771.0 62.0 des grans Princes: & principalement ceux

27.0 560.0 770.0 65.0 qui ſembloyent emporter auec eux la ruine

26.0 609.0 771.0 64.0 de l’eſtat public. Car Aimoin. au liu.4.cha.

27.0 658.0 765.0 61.0 1.où il parle de Clothaire fils de Chilperic,

26.0 711.0 773.0 62.0 auquel Brunechilde demandoit le Royau¬

27.0 757.0 769.0 61.0 me d’Auſtraſie, en eſcrit ainſi: Clothaire,

35.0 1453.0 771.0 61.0 12.ch. du 5.li. où il parle du Roy Loys le De¬

31.0 1502.0 777.0 73.0 bonnaire, qui eſtoit en diſſenfiõ auec ſes en¬

28.0 806.0 773.0 65.0 dit-il, luy reſpondit qu’elle deuoit faire con

28.0 857.0 771.0 67.0 uoquer l’aſſemblee des grans & nobles per¬

27.0 904.0 774.0 64.0 ſonnages de France, & là mettre en delibe¬

28.0 958.0 773.0 63.0 ration du conſeil tels affaires d’eſtat: & que

28.0 1007.0 772.0 66.0 de luy il obeiroit en tout & par tout à leur

27.0 1059.0 774.0 63.0 determination, & qu’il ne contreuiendroit

28.0 1107.0 769.0 65.0 aucunement à ce qu’ils auroyẽt commãdé:

29.0 1152.0 776.0 66.0 Autant en dit celuy qui a pourſuiuy l’hiſtoi

27.0 1204.0 771.0 66.0 re de Greg. au liu.11. Clothaire, dit-il, reſpõ

28.0 1255.0 774.0 65.0 dit, qu’il s’en tiendroit au iugemẽt des depu

28.0 1306.0 777.0 59.0 tez des eſtats de Frãce, & promettoit de met

28.0 1352.0 773.0 67.0 tre à execution, tout ce qui ſeroit aduiſé en¬

30.0 1403.0 775.0 60.0 tre eux, moyenant l’aide de Dieu. Aimo. au

587.0 1558.0 80.0 68.0 h 3
