1023 1853
235.0 60.0 64.0 50.0 118

391.0 46.0 478.0 68.0 DE LA GAVLE

229.0 130.0 768.0 42.0 fans, cõferme le meſmes. Ainſi cõme l’arrie

230.0 162.0 768.0 61.0 re ſaiſon de l’Automne, dit-il, approchoit:

230.0 211.0 768.0 60.0 ceux qui tenoyent le party contraire à l’Em¬

232.0 260.0 765.0 61.0 pereur, demandoyent qu’on tinſt vne aſſem¬

232.0 312.0 768.0 55.0 blee generale en quelque part de France. Et

233.0 361.0 762.0 62.0 au cha.13 Il commanda que ſon peuple ge¬

234.0 410.0 762.0 59.0 neralement s’aſſemblaſt au village de Theo

232.0 461.0 766.0 59.0 don. Et vn peu plus auant: Mais quelque

230.0 513.0 768.0 57.0 temps apres il conuoqua le peuple à la feſte

228.0 560.0 770.0 60.0 fainct Martin, & eſſaya par tous moyens de

228.0 607.0 771.0 64.0 faire retourner vers ſoy ſon ſils Pepin: qui

227.0 657.0 772.0 56.0 fuyoit ſa preſence: mais luy n’en vouloit

228.0 706.0 770.0 55.0 rien faire. Et Gaguin deduiſant la meſme

227.0 754.0 767.0 60.0 hiſtoire: Les complices de la coniuration,

228.0 805.0 766.0 59.0 dit-il, voyans bien qu’ils ne pourroyent ve¬

227.0 855.0 772.0 60.0 nir à bout de demettre le Roy ſans l’autorité

228.0 903.0 765.0 60.0 du conſeil des Princes, firent tout leur ef¬

228.0 953.0 769.0 61.0 fort pour faire tenir vne aſſemblee en Fran¬

228.0 1005.0 772.0 59.0 ce. Mais Loys s’y oppoſoit, eſtant bien ad¬

228.0 1055.0 772.0 61.0 uerty, que les François eſtoyent gaignez &

230.0 1106.0 770.0 57.0 perſuadez par ſes ennemis: à raiſon dequoy

227.0 1151.0 771.0 64.0 il aſſigna les Eſtats à Mayẽce, & defendit que

230.0 1202.0 765.0 61.0 perſonne ny fuſt receu qui portaſt armes.

225.0 1252.0 775.0 59.0 Mais afin que ſes enfans qui auoyẽtconſpiré

226.0 1301.0 774.0 58.0 contre leur pere ne fuſſent deſtituez de l’au

226.0 1350.0 769.0 60.0 torité & conſentement publique, Lothaire

223.0 1400.0 774.0 59.0 ſon fils aiſné ayant fait aſſembler vn Parle¬

225.0 1451.0 770.0 59.0 ment general de tous les Seigneurs & Eueſ¬

228.0 1500.0 771.0 74.0 ques du Royaume, tira ſon pere de priſon &

889.0 1553.0 109.0 82.0 le me
