1023 1853
179.0 61.0 450.0 57.0 FRANCOISE.

732.0 64.0 65.0 50.0 119

35.0 136.0 766.0 41.0 le mena à Compiegne. Et derechef Aimoi.

36.0 164.0 763.0 65.0 au 38.ch.du 5. liu, où il parle du Roy Loys le

36.0 211.0 764.0 70.0 Begue qui tint iournee à Marſue & y mir èn

36.0 261.0 766.0 65.0 deliberatiõ des Eſtats de faire paix auec ſon

36.0 313.0 765.0 63.0 couſin: En ce Parlement, dit-il, il fut accor¬

37.0 360.0 764.0 69.0 dé par l’aduis de ſes feaux & cõſeillers qu’ils

39.0 417.0 764.0 59.0 garderoyent entre eux ces articles & capitu

40.0 463.0 764.0 62.0 lations de paix, &c. Maintenant pourſuyuõs

39.0 514.0 764.0 60.0 au reſte des autres matieres qui s’y traitoyẽt.

42.0 558.0 762.0 68.0 Car ie trouue d’abondant, que la couſtume

40.0 610.0 767.0 64.0 eſtoit, ſi on auoit mis ſus quelque crime à vn

41.0 658.0 764.0 64.0 Prince ou à autre qui fuſt de noble & ancie¬

40.0 708.0 768.0 65.0 ne maiſon, qu’on l’adiournoit à cõparoir en

42.0 755.0 764.0 64.0 ce Parlemẽt-là, & à rẽdre raiſon de ſon faict.

41.0 805.0 781.0 65.0 En ceſte maniere, la Royne Brunehaut ayãt

42.0 856.0 766.0 66.0 eſté accuſee & conuaincue de pluſieurs cri¬

43.0 906.0 768.0 62.0 mes & meritans la mort, Le Roy Clothaire

44.0 955.0 768.0 64.0 fit aſſembler les Eſtats de France: auſquels

43.0 1005.0 768.0 62.0 il dit ainſi comme recite Aim. au 4.li. cha.1.

48.0 1053.0 763.0 66.0 Vous mes bons amis & compaiguons d’ar¬

44.0 1106.0 767.0 63.0 mes, & treſilluſtres Seigneurs de France, or¬

46.0 1154.0 767.0 64.0 donnez & iugez quelle punition doit ſouffrir

47.0 1204.0 765.0 63.0 celle qui eſt conuaincue de ſi horribles ma¬

46.0 1252.0 768.0 66.0 lefices. Et Adon en l’aage 6. ſous l’an 583. par

46.0 1300.0 773.0 65.0 lant d’elle meſme: Elle fut, dit-il, ſentẽtiee &

46.0 1351.0 773.0 66.0 condamnee par les François en la preſence

47.0 1400.0 772.0 66.0 du Roy: Et ſuyuant la ſentence attachee à

50.0 1451.0 770.0 64.0 des cheuaux rebours & farouches, qui l’em¬

49.0 1498.0 773.0 83.0 porterent ſurieuſement, & la deſmẽbrerent.

585.0 1554.0 90.0 62.0 h 4
