<?xml version="1.0" encoding="UTF-8"?>
<alto xmlns:xsi="http://www.w3.org/2001/XMLSchema-instance"
      xmlns="http://www.loc.gov/standards/alto/ns-v4#"
      xsi:schemaLocation="http://www.loc.gov/standards/alto/ns-v4# http://www.loc.gov/standards/alto/v4/alto-4-2.xsd">
  <Description>
    <MeasurementUnit>pixel</MeasurementUnit>
    <sourceImageInformation>
      <fileName>145_fb165_default.jpg</fileName>
      <fileIdentifier>mets//0_4c28e_default.zip/145_fb165_default.jpg</fileIdentifier>
    </sourceImageInformation>
  </Description>
  <Tags>
    <OtherTag ID="BT7" LABEL="CustomZone" DESCRIPTION="block type CustomZone"/><OtherTag ID="BT8" LABEL="DamageZone" DESCRIPTION="block type DamageZone"/><OtherTag ID="BT9" LABEL="DigitizationArtefactZone" DESCRIPTION="block type DigitizationArtefactZone"/><OtherTag ID="BT10" LABEL="DropCapitalZone" DESCRIPTION="block type DropCapitalZone"/><OtherTag ID="BT11" LABEL="GraphicZone" DESCRIPTION="block type GraphicZone"/><OtherTag ID="BT12" LABEL="MainZone" DESCRIPTION="block type MainZone"/><OtherTag ID="BT13" LABEL="MarginTextZone" DESCRIPTION="block type MarginTextZone"/><OtherTag ID="BT14" LABEL="MusicZone" DESCRIPTION="block type MusicZone"/><OtherTag ID="BT15" LABEL="NumberingZone" DESCRIPTION="block type NumberingZone"/><OtherTag ID="BT17" LABEL="QuireMarksZone" DESCRIPTION="block type QuireMarksZone"/><OtherTag ID="BT18" LABEL="RunningTitleZone" DESCRIPTION="block type RunningTitleZone"/><OtherTag ID="BT19" LABEL="SealZone" DESCRIPTION="block type SealZone"/><OtherTag ID="BT20" LABEL="StampZone" DESCRIPTION="block type StampZone"/><OtherTag ID="BT21" LABEL="TableZone" DESCRIPTION="block type TableZone"/><OtherTag ID="BT22" LABEL="TitlePageZone" DESCRIPTION="block type TitlePageZone"/><OtherTag ID="BT100001" LABEL="MainZone-Head" DESCRIPTION="block type MainZone-Head"/><OtherTag ID="BT100005" LABEL="MainZone-P" DESCRIPTION="block type MainZone-P"/><OtherTag ID="BT100006" LABEL="MainZone-Continued" DESCRIPTION="block type MainZone-Continued"/><OtherTag ID="BT100002" LABEL="MainZone-Lg" DESCRIPTION="block type MainZone-Lg"/><OtherTag ID="BT100007" LABEL="MarginTextZone-ManuscriptAddendum" DESCRIPTION="block type MarginTextZone-ManuscriptAddendum"/><OtherTag ID="BT100003" LABEL="MainZone-Signature" DESCRIPTION="block type MainZone-Signature"/><OtherTag ID="BT100012" LABEL="TitlePageZone-Index" DESCRIPTION="block type TitlePageZone-Index"/>
    <OtherTag ID="LT7" LABEL="CustomLine" DESCRIPTION="line type CustomLine"/><OtherTag ID="LT8" LABEL="DefaultLine" DESCRIPTION="line type DefaultLine"/><OtherTag ID="LT9" LABEL="DropCapitalLine" DESCRIPTION="line type DropCapitalLine"/><OtherTag ID="LT10" LABEL="HeadingLine" DESCRIPTION="line type HeadingLine"/><OtherTag ID="LT11" LABEL="InterlinearLine" DESCRIPTION="line type InterlinearLine"/><OtherTag ID="LT12" LABEL="MusicLine" DESCRIPTION="line type MusicLine"/><OtherTag ID="LT766" LABEL="default" DESCRIPTION="line type default"/>
  </Tags>
  <Layout>
    <Page WIDTH="1023"
          HEIGHT="1853"
          PHYSICAL_IMG_NR="145"
          ID="eSc_dummypage_">
      <PrintSpace HPOS="0"
                  VPOS="0"
                  WIDTH="1023"
                  HEIGHT="1853">
        <TextBlock HPOS="235.0"
                   VPOS="69.0"
                   WIDTH="63.0"
                   HEIGHT="36.0"
                   ID="block_4"
                   TAGREFS="BT15">
          <Shape><Polygon POINTS="298 69 298 105 235 105 235 69"/></Shape>
          <TextLine ID="line_0"
                    TAGREFS="LT8"
                    BASELINE="233 95 307 95" 
                    HPOS="233.0"
                    VPOS="70.0"
                    WIDTH="74.0"
                    HEIGHT="44.0">
            <Shape><Polygon POINTS="285 72 275 72 264 72 254 72 244 72 243 70 233 74 233 95 233 108 260 114 261 114 307 103 307 95 307 75 289 72 285 72"/></Shape>
	    <String CONTENT="120"
                    HPOS="233.0"
                    VPOS="70.0"
                    WIDTH="74.0"
                    HEIGHT="44.0"
                    WC="0.999997059504191"></String>
          </TextLine>
        </TextBlock>
        <TextBlock HPOS="397.0"
                   VPOS="55.0"
                   WIDTH="496.0"
                   HEIGHT="53.0"
                   ID="block_0"
                   TAGREFS="BT18">
          <Shape><Polygon POINTS="893 55 893 108 397 108 397 55"/></Shape>
          <TextLine ID="line_1"
                    TAGREFS="LT10"
                    BASELINE="394 97 893 92" 
                    HPOS="393.0"
                    VPOS="52.0"
                    WIDTH="500.0"
                    HEIGHT="58.0">
            <Shape><Polygon POINTS="877 57 867 57 857 57 846 57 836 57 826 57 815 57 805 57 795 57 785 57 774 57 764 57 754 57 743 57 733 57 723 57 712 57 702 57 692 57 682 57 671 57 661 57 655 57 650 60 600 60 597 58 594 57 589 57 578 57 568 57 565 57 563 59 562 60 559 59 553 57 548 57 537 57 527 57 524 57 519 60 515 57 506 57 496 57 486 57 475 57 465 57 455 57 445 57 434 57 424 57 420 57 414 57 413 55 403 52 402 52 401 52 400 52 399 52 399 53 393 58 394 97 394 107 585 110 586 110 646 103 649 103 650 103 673 109 674 109 675 109 692 102 693 102 737 102 763 102 791 108 792 108 793 108 794 108 802 101 876 106 877 106 878 106 893 99 893 92 891 57 888 57"/></Shape>
	    <String CONTENT="DE LA GAVLE"
                    HPOS="393.0"
                    VPOS="52.0"
                    WIDTH="500.0"
                    HEIGHT="58.0"
                    WC="0.9990257241509177"></String>
          </TextLine>
        </TextBlock>
        <TextBlock HPOS="230.0"
                   VPOS="116.0"
                   WIDTH="788.0"
                   HEIGHT="1450.0"
                   ID="block_2"
                   TAGREFS="BT100006">
          <Shape><Polygon POINTS="1010 116 1018 1558 646 1562 231 1566 230 125 580 121"/></Shape>
          <TextLine ID="line_2"
                    TAGREFS="LT8"
                    BASELINE="231 156 1000 149" 
                    HPOS="230.0"
                    VPOS="129.0"
                    WIDTH="770.0"
                    HEIGHT="46.0">
            <Shape><Polygon POINTS="993 134 982 134 972 134 962 134 951 134 941 134 931 134 921 134 910 134 900 134 890 134 879 134 869 134 859 134 848 134 838 134 828 134 817 134 807 134 797 134 787 134 776 134 766 134 756 134 745 134 735 134 725 134 714 134 704 134 694 134 684 134 673 134 663 134 653 134 642 134 632 134 622 134 611 134 601 134 591 134 581 134 570 134 560 134 550 134 539 134 529 134 519 134 508 134 498 134 488 134 478 134 467 134 457 134 447 134 436 134 426 134 416 134 405 134 395 134 385 134 374 134 364 134 354 134 344 134 333 134 323 134 313 134 302 134 299 134 297 134 296 134 292 134 282 134 271 134 261 134 251 134 241 134 240 129 230 133 231 156 231 168 244 175 245 175 246 175 247 175 266 167 268 167 271 167 316 175 317 175 318 175 339 167 345 166 374 167 427 170 428 170 453 167 476 165 493 168 515 171 516 171 544 168 574 164 582 168 589 171 590 171 591 172 670 172 670 171 718 168 765 165 815 168 820 168 821 168 822 168 844 162 880 168 881 168 882 168 883 168 899 161 905 166 906 166 907 166 998 168 1000 149 998 134 993 134"/></Shape>
	    <String CONTENT="Il s’y traitoit auſsi des partages du domaine"
                    HPOS="230.0"
                    VPOS="129.0"
                    WIDTH="770.0"
                    HEIGHT="46.0"
                    WC="0.981891393661499"></String>
          </TextLine>
          <TextLine ID="line_3"
                    TAGREFS="LT8"
                    BASELINE="232 204 1000 199" 
                    HPOS="231.0"
                    VPOS="162.0"
                    WIDTH="769.0"
                    HEIGHT="62.0">
            <Shape><Polygon POINTS="232 204 232 216 384 224 385 224 386 224 418 215 421 215 428 215 521 223 522 223 559 214 562 214 568 214 638 222 639 222 640 222 658 214 685 214 706 214 734 221 735 221 736 221 737 221 758 213 759 213 764 213 822 217 823 217 875 212 882 212 883 212 896 220 897 220 898 220 899 221 953 221 953 220 999 211 1000 199 999 169 985 162 984 162 983 162 982 162 966 169 964 170 962 169 943 162 942 162 941 162 940 162 939 162 931 169 914 164 913 164 912 164 888 170 880 171 875 170 853 162 851 162 850 162 805 163 804 163 783 170 777 172 767 170 746 166 745 166 744 166 743 166 738 170 735 173 705 173 701 170 695 166 694 166 693 166 692 166 691 166 683 171 676 175 621 175 612 171 596 166 595 166 594 166 593 166 592 166 586 171 583 175 466 175 455 172 425 165 424 165 423 165 407 172 403 175 399 172 388 165 387 165 386 165 385 165 341 171 250 166 249 166 248 166 231 172 232 204"/></Shape>
	    <String CONTENT="du Roy &amp; des appanages &amp; prouiſiõs qu’on"
                    HPOS="231.0"
                    VPOS="162.0"
                    WIDTH="769.0"
                    HEIGHT="62.0"
                    WC="0.9948523248114237"></String>
          </TextLine>
          <TextLine ID="line_4"
                    TAGREFS="LT8"
                    BASELINE="231 254 1001 249" 
                    HPOS="230.0"
                    VPOS="214.0"
                    WIDTH="771.0"
                    HEIGHT="59.0">
            <Shape><Polygon POINTS="231 254 231 264 300 271 301 271 334 265 349 272 350 272 351 273 384 273 384 272 434 265 449 271 450 271 451 272 532 272 532 271 533 271 534 271 547 263 585 263 595 270 596 270 597 270 598 270 599 270 623 263 837 269 838 269 875 268 876 268 877 268 890 261 986 265 987 265 989 265 1001 259 1001 249 998 214 929 223 918 218 917 218 916 218 868 223 821 216 812 215 811 215 810 215 806 216 781 225 764 225 753 217 753 216 752 216 751 216 749 216 741 217 692 225 669 218 663 216 662 216 661 216 651 218 629 223 621 218 616 216 615 216 552 216 551 216 550 216 549 216 544 219 534 227 500 227 488 220 482 217 481 217 480 217 442 220 441 220 440 220 439 221 433 227 282 227 275 223 268 218 267 218 266 218 265 218 230 223 231 254"/></Shape>
	    <String CONTENT="donnoit aux puiſnez de Frãce (ainſi que nous"
                    HPOS="230.0"
                    VPOS="214.0"
                    WIDTH="771.0"
                    HEIGHT="59.0"
                    WC="0.9893543044726054"></String>
          </TextLine>
          <TextLine ID="line_5"
                    TAGREFS="LT8"
                    BASELINE="233 304 1001 299" 
                    HPOS="232.0"
                    VPOS="262.0"
                    WIDTH="769.0"
                    HEIGHT="58.0">
            <Shape><Polygon POINTS="233 304 233 316 538 320 539 320 589 313 590 313 591 313 617 319 618 319 679 312 694 311 707 312 772 318 773 318 774 318 792 311 793 311 794 311 816 317 817 317 842 311 847 310 1000 310 1001 299 999 272 870 272 848 262 847 262 846 262 845 262 844 262 828 273 797 273 782 263 781 263 780 263 707 263 706 263 705 263 704 263 688 273 569 264 568 264 567 264 566 264 552 273 504 269 503 269 457 274 437 265 436 265 435 265 410 270 388 265 387 265 386 265 327 275 268 266 267 266 266 266 232 276 233 304"/></Shape>
	    <String CONTENT="auons dit) dequoy Aimoin. donne des exem"
                    HPOS="232.0"
                    VPOS="262.0"
                    WIDTH="769.0"
                    HEIGHT="58.0"
                    WC="0.9997827738523484"></String>
          </TextLine>
          <TextLine ID="line_6"
                    TAGREFS="LT8"
                    BASELINE="234 355 1004 347" 
                    HPOS="233.0"
                    VPOS="308.0"
                    WIDTH="771.0"
                    HEIGHT="64.0">
            <Shape><Polygon POINTS="234 355 234 372 278 366 300 371 301 371 302 371 303 371 304 371 313 365 484 368 562 369 563 369 564 369 565 369 569 366 576 362 628 365 671 368 672 368 697 364 718 361 766 363 844 366 845 366 846 366 859 361 863 360 880 361 956 365 957 365 1004 358 1004 347 1002 308 986 308 985 308 984 308 983 308 973 318 953 310 952 310 937 309 896 308 895 308 894 308 893 308 891 310 879 319 861 311 856 309 855 309 817 309 816 309 815 309 814 309 810 312 800 319 781 312 772 310 771 310 770 310 734 315 672 321 638 317 601 311 600 311 599 311 598 311 590 318 584 322 474 322 471 320 464 313 463 313 462 313 461 313 460 313 440 320 416 313 415 313 414 313 413 313 393 322 391 322 346 318 345 318 344 318 327 324 325 325 292 325 289 325 259 315 258 315 257 315 256 315 233 324 234 355"/></Shape>
	    <String CONTENT="ples au 5.li.cha.94. où il parle de Charlemai"
                    HPOS="233.0"
                    VPOS="308.0"
                    WIDTH="771.0"
                    HEIGHT="64.0"
                    WC="0.9964531478674515"></String>
          </TextLine>
          <TextLine ID="line_7"
                    TAGREFS="LT8"
                    BASELINE="232 405 1001 397" 
                    HPOS="231.0"
                    VPOS="357.0"
                    WIDTH="770.0"
                    HEIGHT="67.0">
            <Shape><Polygon POINTS="232 405 232 424 328 414 376 422 379 422 380 422 382 422 407 415 420 421 422 422 423 422 424 422 430 421 462 413 529 418 540 420 541 420 542 420 544 418 557 412 567 417 568 417 569 417 570 417 580 413 597 417 601 418 602 418 603 418 604 418 606 417 620 411 631 417 634 418 635 418 636 420 666 420 666 418 691 416 736 411 743 415 748 417 749 417 751 417 752 417 753 417 756 415 762 411 767 414 771 417 772 417 773 417 774 417 775 417 787 414 800 411 817 414 835 416 836 416 837 416 843 413 853 409 896 412 910 413 911 413 921 412 941 408 946 411 950 415 951 415 952 415 953 415 1000 410 1001 397 996 360 989 367 930 367 922 362 911 357 910 357 909 357 864 363 837 366 832 363 822 358 821 358 820 358 819 358 807 364 798 369 759 369 749 365 734 359 733 359 732 359 731 359 713 365 703 370 644 370 639 367 630 360 629 360 628 360 627 360 626 360 606 367 598 370 584 368 543 361 542 361 541 361 523 369 517 371 510 369 491 362 490 362 489 362 458 368 423 362 422 362 421 362 392 371 388 372 382 371 342 364 341 364 302 370 256 364 255 364 254 364 231 372 232 405"/></Shape>
	    <String CONTENT="gne. Ces choſes eſtans paracheuees l’Empe"
                    HPOS="231.0"
                    VPOS="357.0"
                    WIDTH="770.0"
                    HEIGHT="67.0"
                    WC="0.9991100634016642"></String>
          </TextLine>
          <TextLine ID="line_8"
                    TAGREFS="LT8"
                    BASELINE="232 452 1003 448" 
                    HPOS="231.0"
                    VPOS="413.0"
                    WIDTH="772.0"
                    HEIGHT="55.0">
            <Shape><Polygon POINTS="232 452 232 466 281 462 326 467 330 467 331 468 399 468 399 467 400 467 401 467 411 462 417 467 418 467 419 467 420 467 427 466 470 461 502 466 504 466 505 466 510 466 575 461 586 466 587 466 588 466 589 466 596 466 645 460 746 465 759 465 760 465 764 465 794 460 804 465 806 465 807 465 808 465 809 465 810 465 810 464 822 459 1002 463 1003 448 1001 420 916 413 915 413 914 413 913 413 905 421 902 422 888 421 859 417 858 417 829 421 806 424 799 422 780 414 779 414 698 414 697 414 696 414 680 423 677 425 536 425 534 424 512 415 510 415 425 415 424 415 379 426 377 426 371 426 261 420 260 420 259 420 231 427 232 452"/></Shape>
	    <String CONTENT="reur tint Parlement auec ſes Princes &amp; les"
                    HPOS="231.0"
                    VPOS="413.0"
                    WIDTH="772.0"
                    HEIGHT="55.0"
                    WC="0.9991412247930255"></String>
          </TextLine>
          <TextLine ID="line_9"
                    TAGREFS="LT8"
                    BASELINE="235 503 1004 497" 
                    HPOS="234.0"
                    VPOS="462.0"
                    WIDTH="770.0"
                    HEIGHT="59.0">
            <Shape><Polygon POINTS="235 503 235 521 278 514 319 520 322 520 323 520 330 520 404 514 436 518 447 519 448 519 458 518 492 512 526 517 532 517 533 517 543 516 582 512 646 514 712 517 713 517 714 517 715 517 722 513 724 512 729 513 745 517 746 517 747 517 776 512 793 510 817 512 874 516 875 516 905 510 912 509 1003 509 1004 497 1001 462 872 470 819 470 808 463 807 462 806 462 805 462 804 462 789 463 748 467 702 464 686 463 685 463 673 464 617 471 567 465 557 464 496 464 495 464 494 464 490 466 472 472 444 466 437 465 436 465 424 466 359 473 234 468 235 503"/></Shape>
	    <String CONTENT="plus notables de France, &amp; confera auec eux"
                    HPOS="234.0"
                    VPOS="462.0"
                    WIDTH="770.0"
                    HEIGHT="59.0"
                    WC="0.9981338326321092"></String>
          </TextLine>
          <TextLine ID="line_10"
                    TAGREFS="LT8"
                    BASELINE="234 552 1005 548" 
                    HPOS="233.0"
                    VPOS="510.0"
                    WIDTH="772.0"
                    HEIGHT="60.0">
            <Shape><Polygon POINTS="234 552 234 565 307 570 308 570 309 570 322 566 328 564 344 566 379 570 380 570 381 570 392 566 397 563 513 562 543 566 565 569 566 569 602 566 670 561 679 567 682 568 683 568 684 568 685 569 811 569 811 568 840 567 976 560 1002 567 1005 548 1003 514 907 510 906 510 905 510 904 510 897 515 894 518 858 522 762 522 754 518 743 511 742 511 741 511 740 511 739 511 714 518 700 523 635 523 626 520 600 512 599 512 513 512 512 512 510 512 509 512 499 519 470 512 469 512 468 512 467 512 444 523 442 525 355 525 339 517 338 517 337 517 336 517 309 525 256 513 255 513 254 513 253 513 233 523 234 552"/></Shape>
	    <String CONTENT="des moyens d’eſtablir vne paix qui peuſt du"
                    HPOS="233.0"
                    VPOS="510.0"
                    WIDTH="772.0"
                    HEIGHT="60.0"
                    WC="0.9990648419358009"></String>
          </TextLine>
          <TextLine ID="line_11"
                    TAGREFS="LT8"
                    BASELINE="235 603 1003 597" 
                    HPOS="234.0"
                    VPOS="561.0"
                    WIDTH="769.0"
                    HEIGHT="54.0">
            <Shape><Polygon POINTS="235 603 235 615 1002 610 1003 597 1001 566 887 564 885 564 884 564 876 566 866 569 859 566 846 561 845 561 844 561 805 566 767 561 766 561 765 561 752 567 744 570 737 567 726 562 725 562 724 562 723 562 707 567 698 571 666 571 662 567 656 562 655 562 654 562 653 562 589 568 581 568 578 568 565 563 564 563 563 563 562 563 561 563 556 568 552 571 541 568 526 563 525 563 524 563 523 563 504 568 489 573 433 573 428 568 423 564 422 564 421 564 382 564 381 564 380 564 369 569 361 573 234 570 235 603"/></Shape>
	    <String CONTENT="rer entre ſes enfans: &amp; departir le Royaume"
                    HPOS="234.0"
                    VPOS="561.0"
                    WIDTH="769.0"
                    HEIGHT="54.0"
                    WC="0.9994229826816293"></String>
          </TextLine>
          <TextLine ID="line_12"
                    TAGREFS="LT8"
                    BASELINE="234 652 1004 647" 
                    HPOS="233.0"
                    VPOS="610.0"
                    WIDTH="771.0"
                    HEIGHT="59.0">
            <Shape><Polygon POINTS="234 652 234 666 288 661 295 666 302 669 303 669 304 669 329 665 346 662 354 665 365 668 366 668 367 668 388 665 412 660 448 663 496 668 497 668 498 668 517 662 523 661 574 661 682 663 683 663 684 663 691 660 697 658 728 660 799 665 800 665 841 658 853 657 857 658 872 665 873 665 874 666 958 666 958 665 1003 656 1004 647 1002 613 949 610 948 610 947 610 946 610 942 613 932 620 892 620 881 614 875 610 874 610 873 610 872 610 766 611 765 611 764 611 757 616 748 621 723 621 711 616 697 611 696 611 695 611 694 611 674 617 659 622 577 622 570 618 557 612 556 612 555 612 554 612 540 619 533 623 468 623 453 620 414 613 413 613 412 613 387 621 378 623 357 621 321 617 320 617 319 617 318 617 313 622 311 624 280 624 278 622 268 615 267 615 266 615 265 615 233 622 234 652"/></Shape>
	    <String CONTENT="en trois: afin que chacun d’eux ſceuſt quelle"
                    HPOS="233.0"
                    VPOS="610.0"
                    WIDTH="771.0"
                    HEIGHT="59.0"
                    WC="0.9853668636745877"></String>
          </TextLine>
          <TextLine ID="line_13"
                    TAGREFS="LT8"
                    BASELINE="236 702 1003 695" 
                    HPOS="235.0"
                    VPOS="659.0"
                    WIDTH="768.0"
                    HEIGHT="60.0">
            <Shape><Polygon POINTS="236 702 236 719 294 712 363 717 381 718 382 718 383 718 389 717 410 712 449 716 467 717 468 717 469 717 470 717 472 715 479 711 535 714 596 717 597 717 598 717 610 713 622 709 634 712 641 714 642 714 643 714 658 712 672 709 685 711 705 715 706 715 707 715 724 710 730 709 742 710 785 715 786 715 787 715 808 709 812 708 823 709 859 712 860 712 882 708 887 707 895 707 976 714 977 714 978 714 1003 705 1003 695 1001 665 957 660 956 660 955 660 953 660 947 665 942 668 933 665 916 659 915 659 914 659 913 659 899 666 892 668 878 666 851 660 850 660 849 660 837 666 830 670 669 670 663 668 650 662 649 662 648 662 646 662 645 662 637 668 633 671 555 671 551 669 542 662 541 662 540 662 501 662 500 662 499 662 484 670 479 673 446 673 442 670 433 663 432 663 431 663 363 663 362 663 235 672 236 702"/></Shape>
	    <String CONTENT="portion il auroit à gouuerner apres le deces"
                    HPOS="235.0"
                    VPOS="659.0"
                    WIDTH="768.0"
                    HEIGHT="60.0"
                    WC="0.9984387609693739"></String>
          </TextLine>
          <TextLine ID="line_14"
                    TAGREFS="LT8"
                    BASELINE="235 751 1002 746" 
                    HPOS="234.0"
                    VPOS="706.0"
                    WIDTH="768.0"
                    HEIGHT="62.0">
            <Shape><Polygon POINTS="235 751 235 768 285 761 325 767 328 767 329 767 330 767 331 767 341 762 368 766 377 767 378 767 390 766 423 762 468 764 498 766 499 766 500 766 506 764 516 761 523 764 531 766 532 766 533 766 534 766 543 763 558 759 574 763 586 765 587 765 588 765 598 762 610 759 617 762 623 765 624 765 625 765 660 761 683 759 702 760 732 763 733 763 734 763 735 763 739 760 742 758 759 760 802 764 803 764 839 758 848 757 868 758 969 763 970 763 1002 755 1002 746 999 712 921 715 916 713 909 706 908 706 907 706 906 706 875 711 848 706 847 706 846 706 829 714 823 717 786 717 780 714 767 707 766 707 727 707 726 707 725 707 724 707 712 715 710 717 648 717 642 716 618 708 617 708 616 708 615 708 614 708 603 716 601 718 566 718 565 717 553 708 552 708 551 708 550 708 493 715 457 709 456 709 455 709 454 709 438 718 413 712 412 712 411 712 410 712 384 719 382 719 380 719 326 710 260 710 259 710 258 710 234 719 235 751"/></Shape>
	    <String CONTENT="de ſon pere. Et à l’endroit où il parle du par"
                    HPOS="234.0"
                    VPOS="706.0"
                    WIDTH="768.0"
                    HEIGHT="62.0"
                    WC="0.9874432521561781"></String>
          </TextLine>
          <TextLine ID="line_15"
                    TAGREFS="LT8"
                    BASELINE="236 800 1000 794" 
                    HPOS="236.0"
                    VPOS="757.0"
                    WIDTH="764.0"
                    HEIGHT="60.0">
            <Shape><Polygon POINTS="236 813 297 817 298 817 299 817 300 817 304 813 308 811 334 811 339 812 353 817 354 817 355 817 385 812 398 810 414 812 451 816 452 816 548 810 573 809 576 810 588 815 589 815 590 815 619 809 628 808 637 809 665 814 666 814 667 814 685 809 686 809 690 809 781 813 782 813 783 813 785 813 793 808 794 808 869 813 870 813 871 813 887 807 889 806 892 807 907 811 908 811 909 811 910 811 911 811 916 806 917 806 999 806 1000 794 998 766 911 757 910 757 871 758 870 758 850 765 845 767 839 765 816 758 815 758 814 758 813 758 787 765 786 765 768 758 767 758 766 758 696 763 685 759 684 759 683 759 682 759 680 759 672 765 668 768 658 765 640 759 639 759 638 759 600 765 571 770 554 765 551 764 550 764 549 764 542 765 513 770 506 764 501 760 500 760 499 760 498 760 497 760 487 764 473 772 378 772 366 764 365 763 364 763 363 763 330 762 329 762 328 762 323 764 308 773 253 773 236 764 236 800 236 813"/></Shape>
	    <String CONTENT="tage fait entre les enfans du Roy Loys le Be¬"
                    HPOS="236.0"
                    VPOS="757.0"
                    WIDTH="764.0"
                    HEIGHT="60.0"
                    WC="0.9966152826944987"></String>
          </TextLine>
          <TextLine ID="line_16"
                    TAGREFS="LT8"
                    BASELINE="236 850 1002 844" 
                    HPOS="235.0"
                    VPOS="805.0"
                    WIDTH="767.0"
                    HEIGHT="63.0">
            <Shape><Polygon POINTS="236 850 236 868 363 859 396 866 400 866 401 866 414 865 469 860 483 864 489 866 490 866 491 866 507 864 535 859 543 863 548 865 549 865 550 865 563 863 581 859 610 862 638 864 639 864 640 864 650 861 662 857 672 861 682 864 683 864 684 864 685 864 701 860 706 859 711 860 735 864 736 864 737 864 751 859 760 856 789 858 840 863 841 863 875 857 887 855 1001 855 1002 844 1000 813 919 805 918 805 917 805 902 812 876 805 875 805 874 805 873 805 850 814 848 814 843 814 782 806 781 806 780 806 747 814 744 815 742 815 722 807 721 807 632 807 631 807 630 807 611 816 609 817 580 817 578 816 568 809 567 809 566 809 565 809 528 816 512 809 510 809 445 809 444 809 442 809 413 817 401 809 400 809 399 809 366 809 365 809 364 809 345 818 344 819 235 819 236 850"/></Shape>
	    <String CONTENT="gue: au li.5.ch.40. Eux, dit il, eſtãs allez à A¬"
                    HPOS="235.0"
                    VPOS="805.0"
                    WIDTH="767.0"
                    HEIGHT="63.0"></String>
          </TextLine>
          <TextLine ID="line_17"
                    TAGREFS="LT8"
                    BASELINE="235 900 1003 894" 
                    HPOS="234.0"
                    VPOS="856.0"
                    WIDTH="769.0"
                    HEIGHT="58.0">
            <Shape><Polygon POINTS="235 900 235 908 489 914 490 914 491 914 504 908 578 913 580 913 581 913 597 907 599 907 733 912 734 912 788 906 797 905 799 906 809 911 810 911 811 911 1003 904 1003 894 999 859 987 863 982 859 980 857 979 857 978 857 977 857 960 859 949 861 946 860 942 856 941 856 940 856 893 856 892 856 891 856 879 861 867 867 776 867 762 863 751 860 749 860 748 860 747 860 741 863 739 864 725 863 665 859 664 859 634 865 617 869 532 869 525 867 499 860 498 860 497 860 462 868 456 869 453 868 435 860 434 860 368 860 367 860 234 871 235 900"/></Shape>
	    <String CONTENT="miẽs diuiſerẽt entre eux le Royaume de leur"
                    HPOS="234.0"
                    VPOS="856.0"
                    WIDTH="769.0"
                    HEIGHT="58.0"
                    WC="0.9997896896468268"></String>
          </TextLine>
          <TextLine ID="line_18"
                    TAGREFS="LT8"
                    BASELINE="237 950 1004 942" 
                    HPOS="236.0"
                    VPOS="904.0"
                    WIDTH="768.0"
                    HEIGHT="63.0">
            <Shape><Polygon POINTS="237 950 239 967 266 960 325 965 326 965 394 959 407 964 410 965 411 965 412 966 455 966 455 965 456 965 459 964 470 958 507 963 519 964 520 964 528 962 550 958 589 961 609 963 610 963 626 961 651 957 704 959 760 962 761 962 803 958 833 955 840 957 853 961 854 961 855 961 879 957 895 954 924 956 973 959 974 959 1003 954 1004 942 1001 914 867 914 830 904 829 904 828 904 827 904 826 904 813 915 806 915 782 915 777 915 688 905 687 905 686 905 660 914 650 907 649 907 648 907 646 907 645 907 620 915 565 906 564 906 563 906 562 906 548 916 547 917 546 916 527 907 526 907 525 907 524 907 505 913 478 907 476 907 475 907 456 917 453 918 442 917 371 908 370 908 369 908 354 916 319 910 318 910 317 910 316 910 307 918 304 919 236 919 237 950"/></Shape>
	    <String CONTENT="pere, ainſi qu’il ſembla bõ à leurs feaux con¬"
                    HPOS="236.0"
                    VPOS="904.0"
                    WIDTH="768.0"
                    HEIGHT="63.0"
                    WC="0.9804041162133217"></String>
          </TextLine>
          <TextLine ID="line_19"
                    TAGREFS="LT8"
                    BASELINE="234 1000 1004 992" 
                    HPOS="233.0"
                    VPOS="951.0"
                    WIDTH="771.0"
                    HEIGHT="64.0">
            <Shape><Polygon POINTS="234 1000 234 1015 1003 1003 1004 992 1001 960 944 960 943 960 930 951 929 951 928 951 912 951 911 951 910 951 909 951 896 961 895 961 891 961 837 952 836 952 775 962 773 962 771 962 745 955 744 955 743 955 708 960 700 954 699 954 698 954 645 954 644 954 643 954 642 954 630 963 630 964 570 964 569 964 546 955 544 955 543 955 497 958 496 958 483 965 482 966 412 966 411 966 392 958 391 958 390 958 365 962 325 957 324 957 323 957 303 962 257 958 256 958 255 958 233 966 234 1000"/></Shape>
	    <String CONTENT="ſeillers. Item au cha.41.où il parle de Caro¬"
                    HPOS="233.0"
                    VPOS="951.0"
                    WIDTH="771.0"
                    HEIGHT="64.0"
                    WC="0.9946491368438887"></String>
          </TextLine>
          <TextLine ID="line_20"
                    TAGREFS="LT8"
                    BASELINE="235 1047 1006 1043" 
                    HPOS="234.0"
                    VPOS="1005.0"
                    WIDTH="772.0"
                    HEIGHT="58.0">
            <Shape><Polygon POINTS="235 1047 235 1062 426 1063 427 1063 439 1062 473 1057 516 1061 527 1062 528 1062 546 1061 604 1057 614 1061 617 1062 618 1062 619 1062 620 1062 623 1061 636 1055 721 1060 738 1061 739 1061 740 1061 742 1060 753 1055 779 1060 781 1060 782 1060 785 1060 813 1054 850 1059 851 1059 853 1059 854 1059 863 1054 993 1054 1004 1059 1006 1043 1004 1005 972 1005 971 1005 970 1005 969 1005 960 1012 949 1005 948 1005 947 1005 915 1005 914 1005 913 1005 912 1005 900 1015 811 1015 715 1006 710 1006 709 1006 706 1006 665 1014 644 1006 642 1006 641 1006 640 1006 518 1007 517 1007 516 1007 488 1016 421 1010 420 1010 419 1010 404 1018 325 1018 289 1008 286 1008 285 1008 284 1008 283 1008 264 1017 255 1008 254 1008 253 1008 252 1008 234 1008 235 1047"/></Shape>
	    <String CONTENT="loman, qui tenoit aſſẽblee à Vvormes. A cel"
                    HPOS="234.0"
                    VPOS="1005.0"
                    WIDTH="772.0"
                    HEIGHT="58.0"
                    WC="0.9939234746827019"></String>
          </TextLine>
          <TextLine ID="line_21"
                    TAGREFS="LT8"
                    BASELINE="234 1098 1005 1091" 
                    HPOS="233.0"
                    VPOS="1053.0"
                    WIDTH="772.0"
                    HEIGHT="62.0">
            <Shape><Polygon POINTS="234 1098 234 1107 310 1113 311 1113 344 1108 359 1113 360 1113 361 1113 392 1107 437 1115 438 1115 439 1115 464 1108 481 1114 482 1114 483 1114 484 1114 496 1108 503 1114 504 1114 505 1114 506 1115 548 1115 548 1114 549 1114 550 1114 564 1105 566 1105 619 1113 620 1113 667 1107 738 1112 739 1112 740 1112 759 1104 782 1112 783 1112 785 1112 864 1103 865 1103 919 1110 921 1110 922 1110 923 1110 933 1102 934 1102 981 1102 982 1102 994 1109 995 1109 996 1109 997 1109 998 1109 999 1109 1005 1103 1005 1091 1004 1062 977 1053 976 1053 975 1053 974 1053 944 1061 926 1053 925 1053 924 1053 898 1054 897 1054 879 1061 877 1063 844 1063 842 1061 825 1054 824 1054 823 1054 822 1054 821 1054 809 1061 806 1063 781 1064 732 1064 725 1061 707 1055 706 1055 705 1055 626 1061 562 1066 512 1066 503 1060 498 1057 497 1057 496 1057 456 1057 455 1057 454 1057 453 1057 453 1058 450 1060 444 1066 429 1060 424 1058 423 1058 422 1058 421 1058 415 1060 397 1066 365 1062 364 1062 363 1062 344 1067 322 1060 319 1059 318 1059 317 1059 310 1060 268 1066 258 1060 258 1059 257 1059 256 1059 255 1059 233 1059 234 1098"/></Shape>
	    <String CONTENT="le diette vint Hugues, dit-il, pour demãder la"
                    HPOS="233.0"
                    VPOS="1053.0"
                    WIDTH="772.0"
                    HEIGHT="62.0"></String>
          </TextLine>
          <TextLine ID="line_22"
                    TAGREFS="LT8"
                    BASELINE="236 1148 1003 1141" 
                    HPOS="235.0"
                    VPOS="1105.0"
                    WIDTH="768.0"
                    HEIGHT="62.0">
            <Shape><Polygon POINTS="236 1148 236 1167 276 1158 346 1158 411 1164 412 1164 413 1164 436 1158 513 1164 516 1164 517 1164 518 1164 538 1157 639 1163 653 1163 654 1163 655 1163 657 1162 676 1155 755 1161 756 1161 757 1161 758 1161 782 1154 797 1161 798 1161 799 1161 800 1161 808 1161 894 1152 912 1160 914 1160 915 1160 916 1160 922 1159 951 1154 1001 1158 1003 1141 1001 1112 868 1105 867 1105 866 1105 839 1113 837 1113 835 1113 817 1105 816 1105 782 1105 781 1105 780 1105 760 1113 758 1114 756 1113 741 1106 740 1106 704 1106 703 1106 702 1106 701 1106 692 1114 691 1115 670 1116 586 1116 583 1114 572 1109 571 1109 570 1109 521 1115 507 1116 504 1115 487 1108 486 1108 454 1108 453 1108 392 1109 391 1109 372 1116 368 1119 344 1119 341 1116 331 1110 330 1110 329 1110 328 1110 327 1110 311 1116 304 1119 291 1116 254 1111 253 1111 252 1111 235 1116 236 1148"/></Shape>
	    <String CONTENT="partion du Royaume que ſon frere Loys a¬"
                    HPOS="235.0"
                    VPOS="1105.0"
                    WIDTH="768.0"
                    HEIGHT="62.0"
                    WC="0.9657164305448532"></String>
          </TextLine>
          <TextLine ID="line_23"
                    TAGREFS="LT8"
                    BASELINE="235 1196 1006 1192" 
                    HPOS="234.0"
                    VPOS="1157.0"
                    WIDTH="772.0"
                    HEIGHT="60.0">
            <Shape><Polygon POINTS="235 1196 235 1206 444 1208 459 1216 460 1216 461 1217 505 1217 505 1216 506 1216 526 1207 532 1205 538 1207 564 1216 565 1216 566 1217 608 1217 608 1216 609 1216 631 1207 634 1206 637 1207 652 1215 653 1215 654 1216 783 1216 783 1215 785 1215 786 1215 796 1208 803 1203 823 1203 856 1208 864 1209 865 1209 866 1209 870 1208 889 1203 896 1208 903 1213 904 1213 905 1213 924 1214 925 1214 951 1208 977 1203 1004 1208 1006 1192 1003 1161 939 1165 933 1161 930 1159 929 1159 928 1159 927 1159 926 1159 917 1162 911 1163 902 1162 871 1157 870 1157 869 1157 856 1162 855 1163 854 1162 846 1157 845 1157 844 1157 813 1157 812 1157 811 1157 810 1157 801 1163 797 1166 791 1163 779 1158 778 1158 777 1158 776 1158 758 1163 725 1158 724 1158 723 1158 722 1158 711 1164 684 1158 683 1158 682 1158 680 1158 673 1164 650 1158 649 1158 648 1158 646 1158 622 1165 615 1167 575 1166 493 1163 492 1163 432 1168 423 1168 421 1168 395 1160 394 1160 334 1160 333 1160 332 1160 331 1160 318 1168 244 1164 243 1164 242 1164 241 1164 234 1167 235 1196"/></Shape>
	    <String CONTENT="uoit euë en appanage. Qui plus eſt, on peut"
                    HPOS="234.0"
                    VPOS="1157.0"
                    WIDTH="772.0"
                    HEIGHT="60.0"
                    WC="0.979557370597666"></String>
          </TextLine>
          <TextLine ID="line_24"
                    TAGREFS="LT8"
                    BASELINE="235 1247 1006 1241" 
                    HPOS="234.0"
                    VPOS="1206.0"
                    WIDTH="772.0"
                    HEIGHT="60.0">
            <Shape><Polygon POINTS="235 1247 235 1259 317 1266 318 1266 319 1266 320 1266 328 1260 433 1264 434 1264 435 1264 451 1259 490 1265 491 1265 527 1257 547 1264 548 1264 549 1265 601 1265 601 1264 602 1264 603 1264 612 1257 725 1263 726 1263 727 1263 747 1255 748 1255 751 1255 768 1262 769 1262 770 1262 820 1255 821 1255 822 1255 875 1262 876 1262 877 1262 892 1254 893 1254 935 1254 936 1254 943 1261 944 1261 945 1261 946 1261 1005 1253 1006 1241 1004 1214 939 1214 925 1207 924 1207 923 1207 889 1212 880 1206 879 1206 878 1206 877 1206 829 1207 828 1207 827 1207 817 1215 769 1215 757 1207 756 1207 755 1207 754 1207 753 1207 735 1215 506 1209 505 1209 504 1209 503 1209 490 1217 423 1210 422 1210 421 1210 396 1217 264 1212 263 1212 262 1212 234 1219 235 1247"/></Shape>
	    <String CONTENT="rapporter de pluſieurs autres paſſages que"
                    HPOS="234.0"
                    VPOS="1206.0"
                    WIDTH="772.0"
                    HEIGHT="60.0"
                    WC="0.991717795530955"></String>
          </TextLine>
          <TextLine ID="line_25"
                    TAGREFS="LT8"
                    BASELINE="235 1295 1005 1289" 
                    HPOS="234.0"
                    VPOS="1252.0"
                    WIDTH="771.0"
                    HEIGHT="63.0">
            <Shape><Polygon POINTS="235 1295 236 1315 254 1307 283 1314 284 1314 285 1314 286 1314 308 1309 348 1313 357 1314 358 1314 359 1314 363 1313 393 1306 460 1312 480 1313 481 1313 506 1311 574 1305 584 1310 589 1312 590 1312 591 1312 592 1312 601 1310 616 1306 653 1309 695 1312 696 1312 753 1311 754 1311 755 1311 759 1307 764 1304 778 1307 800 1311 801 1311 831 1306 851 1303 871 1303 875 1305 880 1310 881 1310 882 1310 883 1310 884 1310 902 1305 910 1303 916 1305 935 1310 936 1310 937 1310 1005 1303 1005 1289 1003 1252 979 1252 978 1252 977 1252 976 1252 964 1262 880 1262 862 1254 860 1253 859 1253 858 1253 857 1253 856 1253 856 1254 843 1263 809 1263 800 1254 799 1254 798 1254 797 1254 791 1255 745 1262 714 1256 699 1253 698 1253 697 1253 690 1256 682 1260 658 1256 635 1254 634 1254 633 1254 632 1254 629 1257 623 1263 603 1257 590 1254 589 1254 588 1254 570 1259 560 1261 554 1259 543 1254 542 1254 541 1254 520 1259 498 1265 438 1265 433 1261 427 1255 426 1255 425 1255 424 1255 234 1263 235 1295"/></Shape>
	    <String CONTENT="quãd le Roy vouloit employer quelque grã"
                    HPOS="234.0"
                    VPOS="1252.0"
                    WIDTH="771.0"
                    HEIGHT="63.0"
                    WC="0.9995063614277613"></String>
          </TextLine>
          <TextLine ID="line_26"
                    TAGREFS="LT8"
                    BASELINE="234 1345 1004 1340" 
                    HPOS="233.0"
                    VPOS="1301.0"
                    WIDTH="771.0"
                    HEIGHT="58.0">
            <Shape><Polygon POINTS="234 1345 234 1355 540 1359 541 1359 677 1354 691 1358 692 1358 693 1358 694 1358 705 1353 955 1356 956 1356 1004 1350 1004 1340 1001 1311 899 1311 896 1310 873 1301 872 1301 856 1301 855 1301 854 1301 853 1301 840 1310 839 1311 833 1310 789 1302 788 1302 752 1310 740 1312 723 1310 694 1306 693 1306 692 1306 684 1310 678 1313 578 1313 569 1309 551 1303 550 1303 549 1303 548 1303 547 1303 538 1309 537 1310 536 1309 524 1304 523 1304 449 1304 448 1304 447 1304 428 1309 408 1314 371 1309 343 1305 342 1305 233 1308 234 1345"/></Shape>
	    <String CONTENT="de ſomme de deniers, comme à baſtir tem¬"
                    HPOS="233.0"
                    VPOS="1301.0"
                    WIDTH="771.0"
                    HEIGHT="58.0"
                    WC="0.9994012146461301"></String>
          </TextLine>
          <TextLine ID="line_27"
                    TAGREFS="LT8"
                    BASELINE="236 1395 1005 1390" 
                    HPOS="235.0"
                    VPOS="1353.0"
                    WIDTH="770.0"
                    HEIGHT="60.0">
            <Shape><Polygon POINTS="236 1395 236 1413 283 1406 379 1412 389 1412 390 1412 394 1412 425 1405 439 1411 440 1411 441 1411 442 1411 444 1411 454 1405 512 1410 514 1410 515 1410 517 1410 553 1405 591 1409 600 1410 601 1410 602 1410 604 1409 616 1404 650 1409 662 1410 663 1410 683 1408 732 1403 755 1407 764 1409 765 1409 777 1407 798 1404 831 1407 853 1408 854 1408 855 1408 860 1406 871 1402 899 1402 905 1406 908 1408 909 1408 910 1408 911 1408 926 1405 943 1402 1004 1404 1005 1390 1003 1360 861 1353 860 1353 859 1353 858 1353 847 1360 801 1354 800 1354 799 1354 798 1354 787 1361 786 1362 783 1361 772 1357 771 1357 770 1357 769 1357 768 1357 763 1361 762 1364 568 1364 567 1364 543 1355 542 1355 541 1355 540 1355 508 1364 504 1365 500 1365 466 1357 465 1357 398 1365 388 1357 387 1357 386 1357 385 1357 352 1362 331 1357 330 1357 329 1357 328 1357 327 1357 314 1366 312 1366 263 1357 262 1357 261 1357 235 1366 236 1395"/></Shape>
	    <String CONTENT="ples &amp; fonder colleges ou monaſteres, il en"
                    HPOS="235.0"
                    VPOS="1353.0"
                    WIDTH="770.0"
                    HEIGHT="60.0"
                    WC="0.9931843738223232"></String>
          </TextLine>
          <TextLine ID="line_28"
                    TAGREFS="LT8"
                    BASELINE="235 1443 1003 1440" 
                    HPOS="234.0"
                    VPOS="1402.0"
                    WIDTH="769.0"
                    HEIGHT="58.0">
            <Shape><Polygon POINTS="235 1443 235 1454 474 1460 475 1460 503 1453 506 1453 508 1453 522 1459 523 1459 524 1459 676 1453 682 1453 684 1453 745 1459 746 1459 781 1452 785 1452 788 1452 807 1458 808 1458 809 1459 809 1458 810 1458 831 1452 833 1452 834 1452 857 1458 858 1458 859 1458 1002 1451 1003 1440 1001 1407 915 1402 914 1402 913 1402 901 1408 892 1412 879 1408 864 1403 863 1403 862 1403 861 1403 860 1403 851 1408 844 1413 724 1413 714 1410 694 1403 693 1403 635 1403 634 1403 633 1403 632 1403 621 1411 617 1414 557 1414 555 1412 542 1403 541 1403 540 1403 500 1403 499 1403 498 1403 497 1403 488 1410 453 1404 452 1404 451 1404 433 1411 414 1407 413 1407 412 1407 411 1407 400 1414 385 1407 384 1407 345 1407 344 1407 285 1414 261 1404 260 1404 259 1404 258 1404 234 1414 235 1443"/></Shape>
	    <String CONTENT="demandoit l’aduis aux Eſtats, comme d’Ai¬"
                    HPOS="234.0"
                    VPOS="1402.0"
                    WIDTH="769.0"
                    HEIGHT="58.0"
                    WC="0.9870619686638437"></String>
          </TextLine>
          <TextLine ID="line_29"
                    TAGREFS="LT8"
                    BASELINE="235 1494 1000 1491" 
                    HPOS="234.0"
                    VPOS="1456.0"
                    WIDTH="766.0"
                    HEIGHT="55.0">
            <Shape><Polygon POINTS="235 1494 235 1506 489 1511 490 1511 558 1510 559 1510 560 1510 565 1506 566 1505 570 1506 591 1510 592 1510 634 1505 641 1505 644 1505 662 1510 663 1510 664 1511 743 1511 743 1510 744 1510 754 1505 757 1504 760 1505 771 1509 772 1509 773 1509 999 1504 1000 1491 998 1464 788 1464 705 1456 704 1456 703 1456 688 1464 687 1464 664 1456 663 1456 662 1456 625 1464 624 1464 610 1456 609 1456 608 1456 490 1456 489 1456 453 1457 452 1457 434 1464 431 1465 417 1464 354 1460 353 1460 313 1464 305 1465 301 1464 274 1458 273 1458 234 1464 235 1494"/></Shape>
	    <String CONTENT="moinus au chapitre 41. du liure quatrieme,"
                    HPOS="234.0"
                    VPOS="1456.0"
                    WIDTH="766.0"
                    HEIGHT="55.0"
                    WC="0.9844791775658017"></String>
          </TextLine>
          <TextLine ID="line_30"
                    TAGREFS="LT8"
                    BASELINE="235 1544 1003 1539" 
                    HPOS="234.0"
                    VPOS="1500.0"
                    WIDTH="769.0"
                    HEIGHT="70.0">
            <Shape><Polygon POINTS="235 1544 235 1563 293 1559 301 1564 310 1569 311 1569 312 1569 313 1570 358 1570 358 1569 359 1569 378 1564 398 1558 522 1558 533 1563 538 1564 539 1564 540 1564 550 1562 577 1557 655 1562 666 1562 667 1562 675 1562 731 1556 747 1561 763 1566 764 1566 765 1567 847 1567 847 1566 908 1564 909 1564 921 1560 934 1555 947 1560 958 1564 959 1564 960 1564 1003 1559 1003 1539 1001 1512 910 1500 909 1500 908 1500 885 1512 877 1512 843 1513 755 1513 754 1512 730 1501 729 1501 728 1501 727 1501 695 1512 690 1513 663 1512 655 1512 643 1502 642 1502 641 1502 640 1502 639 1502 610 1512 606 1514 577 1514 575 1512 558 1504 557 1504 556 1504 555 1504 538 1511 514 1504 513 1504 512 1504 510 1504 494 1512 490 1515 465 1515 462 1512 452 1504 451 1504 450 1504 449 1504 367 1505 366 1505 337 1512 322 1505 321 1505 264 1505 263 1505 262 1505 234 1512 235 1544"/></Shape>
	    <String CONTENT="où il parle de Clouis ſecond, qui preſidoit"
                    HPOS="234.0"
                    VPOS="1500.0"
                    WIDTH="769.0"
                    HEIGHT="70.0"
                    WC="0.9965956183997068"></String>
          </TextLine>
        </TextBlock>
        <TextBlock HPOS="937.0"
                   VPOS="1563.0"
                   WIDTH="70.0"
                   HEIGHT="39.0"
                   ID="block_3"
                   TAGREFS="BT17">
          <Shape><Polygon POINTS="1007 1563 1007 1602 937 1602 937 1563"/></Shape>
          <TextLine ID="line_31"
                    TAGREFS="LT8"
                    BASELINE="941 1585 1004 1583" 
                    HPOS="938.0"
                    VPOS="1564.0"
                    WIDTH="64.0"
                    HEIGHT="48.0">
            <Shape><Polygon POINTS="984 1564 968 1564 953 1564 938 1564 939 1584 939 1612 1002 1607 1002 1582 998 1564 984 1564"/></Shape>
	    <String CONTENT="aux"
                    HPOS="938.0"
                    VPOS="1564.0"
                    WIDTH="64.0"
                    HEIGHT="48.0"></String>
          </TextLine>
        </TextBlock>
      </PrintSpace>
    </Page>
  </Layout>
</alto>
