1023 1853
169.0 48.0 456.0 54.0 FRANCOISE.

732.0 45.0 63.0 49.0 121

20.0 125.0 775.0 42.0 aux Eſtats, & dit, qu’il commença ainſi ſa ha

19.0 151.0 776.0 68.0 rangue: Combien que le ſoin de ceſte prin¬

19.0 199.0 777.0 68.0 cipauté terriene, ô citoyens de France, m’ad

19.0 253.0 776.0 63.0 moneſte de vous appeller pour conſulter &

19.0 299.0 775.0 67.0 deliberer des affaires publiques, &c. Mais à

20.0 350.0 772.0 65.0 tant eſt ce aſſez parlé de ceſte matiere. Car

19.0 403.0 772.0 66.0 ie penſe, que les teſmoignages que nous a¬

19.0 453.0 774.0 61.0 uons alleguez, donnent euidemment à co¬

25.0 505.0 770.0 60.0 gnoiſtre ce que nous auons dit au commen¬

19.0 549.0 777.0 65.0 cemẽt, à ſcauoir, que toute l’adminiſtration

21.0 602.0 775.0 61.0 politique du Royaume eſtoit entierement

19.0 646.0 776.0 68.0 en la diſpoſition de l’aſſemblee des Eſtats:

23.0 700.0 769.0 63.0 qu’on appelloit, (ainſi qu’il a eſté veu cy deſ¬

19.0 755.0 775.0 58.0 ſus) quelquefois (Placitum) pourautant que

20.0 801.0 773.0 61.0 comme porte l’vſage de la langue Latine

21.0 846.0 772.0 69.0 (Placitum) proprement s’appelle, la reſolu¬

21.0 898.0 769.0 63.0 tion & concluſion finale, qu’on prend tou¬

20.0 947.0 774.0 65.0 chant vne matiere, qui a eſté debatue & di¬

20.0 998.0 774.0 65.0 ſputee entre pluſieurs: & c’eſt pourquoy Ci

21.0 1051.0 776.0 59.0 ceron, & les autres anciens auteurs appellẽt

21.0 1098.0 776.0 61.0 les Maximes, qui ſont tenues comme certai

19.0 1144.0 773.0 66.0 nes & indubitables entre les philoſophes,

23.0 1198.0 771.0 57.0 (Placita) comme qui diroit, Areſts ou deter

21.0 1244.0 774.0 63.0 minations. A raiſon dequoy ne me ſemble

22.0 1299.0 773.0 63.0 point trop impertinente ou mal à propos

22.0 1346.0 775.0 62.0 celle coniecture, que i’ay deſia declaree en

23.0 1395.0 773.0 64.0 quelques autres miens eſcrits, à ſcauoir, que

21.0 1448.0 775.0 60.0 la clauſe, que les Secretaires du Roy ont ac¬

23.0 1491.0 771.0 72.0 couſtumé de mettre à la fin des Edicts &

579.0 1553.0 83.0 56.0 h 5
