<?xml version="1.0" encoding="UTF-8"?>
<alto xmlns:xsi="http://www.w3.org/2001/XMLSchema-instance"
      xmlns="http://www.loc.gov/standards/alto/ns-v4#"
      xsi:schemaLocation="http://www.loc.gov/standards/alto/ns-v4# http://www.loc.gov/standards/alto/v4/alto-4-2.xsd">
  <Description>
    <MeasurementUnit>pixel</MeasurementUnit>
    <sourceImageInformation>
      <fileName>147_8a540_default.jpg</fileName>
      <fileIdentifier>mets//0_4c28e_default.zip/147_8a540_default.jpg</fileIdentifier>
    </sourceImageInformation>
  </Description>
  <Tags>
    <OtherTag ID="BT7" LABEL="CustomZone" DESCRIPTION="block type CustomZone"/><OtherTag ID="BT8" LABEL="DamageZone" DESCRIPTION="block type DamageZone"/><OtherTag ID="BT9" LABEL="DigitizationArtefactZone" DESCRIPTION="block type DigitizationArtefactZone"/><OtherTag ID="BT10" LABEL="DropCapitalZone" DESCRIPTION="block type DropCapitalZone"/><OtherTag ID="BT11" LABEL="GraphicZone" DESCRIPTION="block type GraphicZone"/><OtherTag ID="BT12" LABEL="MainZone" DESCRIPTION="block type MainZone"/><OtherTag ID="BT13" LABEL="MarginTextZone" DESCRIPTION="block type MarginTextZone"/><OtherTag ID="BT14" LABEL="MusicZone" DESCRIPTION="block type MusicZone"/><OtherTag ID="BT15" LABEL="NumberingZone" DESCRIPTION="block type NumberingZone"/><OtherTag ID="BT17" LABEL="QuireMarksZone" DESCRIPTION="block type QuireMarksZone"/><OtherTag ID="BT18" LABEL="RunningTitleZone" DESCRIPTION="block type RunningTitleZone"/><OtherTag ID="BT19" LABEL="SealZone" DESCRIPTION="block type SealZone"/><OtherTag ID="BT20" LABEL="StampZone" DESCRIPTION="block type StampZone"/><OtherTag ID="BT21" LABEL="TableZone" DESCRIPTION="block type TableZone"/><OtherTag ID="BT22" LABEL="TitlePageZone" DESCRIPTION="block type TitlePageZone"/><OtherTag ID="BT100001" LABEL="MainZone-Head" DESCRIPTION="block type MainZone-Head"/><OtherTag ID="BT100005" LABEL="MainZone-P" DESCRIPTION="block type MainZone-P"/><OtherTag ID="BT100006" LABEL="MainZone-Continued" DESCRIPTION="block type MainZone-Continued"/><OtherTag ID="BT100002" LABEL="MainZone-Lg" DESCRIPTION="block type MainZone-Lg"/><OtherTag ID="BT100007" LABEL="MarginTextZone-ManuscriptAddendum" DESCRIPTION="block type MarginTextZone-ManuscriptAddendum"/><OtherTag ID="BT100003" LABEL="MainZone-Signature" DESCRIPTION="block type MainZone-Signature"/><OtherTag ID="BT100012" LABEL="TitlePageZone-Index" DESCRIPTION="block type TitlePageZone-Index"/>
    <OtherTag ID="LT7" LABEL="CustomLine" DESCRIPTION="line type CustomLine"/><OtherTag ID="LT8" LABEL="DefaultLine" DESCRIPTION="line type DefaultLine"/><OtherTag ID="LT9" LABEL="DropCapitalLine" DESCRIPTION="line type DropCapitalLine"/><OtherTag ID="LT10" LABEL="HeadingLine" DESCRIPTION="line type HeadingLine"/><OtherTag ID="LT11" LABEL="InterlinearLine" DESCRIPTION="line type InterlinearLine"/><OtherTag ID="LT12" LABEL="MusicLine" DESCRIPTION="line type MusicLine"/><OtherTag ID="LT766" LABEL="default" DESCRIPTION="line type default"/>
  </Tags>
  <Layout>
    <Page WIDTH="1023"
          HEIGHT="1853"
          PHYSICAL_IMG_NR="147"
          ID="eSc_dummypage_">
      <PrintSpace HPOS="0"
                  VPOS="0"
                  WIDTH="1023"
                  HEIGHT="1853">
        <TextBlock HPOS="229.0"
                   VPOS="50.0"
                   WIDTH="64.0"
                   HEIGHT="38.0"
                   ID="block_3"
                   TAGREFS="BT15">
          <Shape><Polygon POINTS="293 50 293 88 229 88 229 50"/></Shape>
          <TextLine ID="line_0"
                    TAGREFS="LT8"
                    BASELINE="228 76 302 78" 
                    HPOS="227.0"
                    VPOS="48.0"
                    WIDTH="75.0"
                    HEIGHT="51.0">
            <Shape><Polygon POINTS="290 52 280 52 269 52 259 52 249 52 239 52 237 48 228 50 228 76 227 99 301 90 302 78 302 53 291 51 290 52"/></Shape>
	    <String CONTENT="122"
                    HPOS="227.0"
                    VPOS="48.0"
                    WIDTH="75.0"
                    HEIGHT="51.0"></String>
          </TextLine>
        </TextBlock>
        <TextBlock HPOS="373.0"
                   VPOS="42.0"
                   WIDTH="487.0"
                   HEIGHT="51.0"
                   ID="block_0"
                   TAGREFS="BT18">
          <Shape><Polygon POINTS="860 42 860 93 373 93 373 42"/></Shape>
          <TextLine ID="line_1"
                    TAGREFS="LT10"
                    BASELINE="366 81 858 80" 
                    HPOS="365.0"
                    VPOS="38.0"
                    WIDTH="493.0"
                    HEIGHT="63.0">
            <Shape><Polygon POINTS="839 43 829 43 819 43 808 43 798 43 788 43 777 43 767 43 757 43 746 43 736 43 726 43 715 43 705 43 695 43 692 43 685 43 674 43 664 43 654 43 643 43 633 43 623 43 612 43 602 43 592 43 588 43 582 43 571 43 561 43 551 43 540 43 534 43 530 43 520 43 509 43 499 43 489 43 483 43 482 43 479 43 476 43 468 43 458 43 448 43 437 43 427 43 417 43 406 43 396 43 386 43 384 38 365 44 366 81 366 90 414 96 415 96 416 96 427 91 428 90 429 91 439 98 440 98 441 98 442 98 444 98 459 91 460 91 482 100 483 100 484 101 550 101 550 100 551 100 584 92 593 90 602 92 638 100 639 100 640 100 662 92 664 92 665 92 688 100 689 100 690 100 691 100 718 93 719 93 760 96 761 96 762 96 763 96 767 93 771 90 774 93 782 100 783 100 785 100 786 100 857 93 858 80 855 43 849 43"/></Shape>
	    <String CONTENT="DE LA GAVLE"
                    HPOS="365.0"
                    VPOS="38.0"
                    WIDTH="493.0"
                    HEIGHT="63.0"
                    WC="0.9998464963652871"></String>
          </TextLine>
        </TextBlock>
        <TextBlock HPOS="221.0"
                   VPOS="108.0"
                   WIDTH="781.0"
                   HEIGHT="1438.0"
                   ID="block_1"
                   TAGREFS="BT100006">
          <Shape><Polygon POINTS="1002 108 1002 1543 718 1544 221 1546 222 108"/></Shape>
          <TextLine ID="line_2"
                    TAGREFS="LT8"
                    BASELINE="227 136 991 140" 
                    HPOS="226.0"
                    VPOS="110.0"
                    WIDTH="765.0"
                    HEIGHT="51.0">
            <Shape><Polygon POINTS="947 111 937 111 927 111 916 111 906 111 896 111 885 111 875 111 865 111 855 111 844 111 834 111 824 111 813 111 811 111 804 113 790 111 782 111 772 111 762 111 756 111 742 113 736 111 731 111 721 111 710 111 700 111 695 111 677 114 669 111 659 111 649 111 638 111 628 111 618 111 607 111 602 111 592 114 558 111 556 111 546 111 535 111 531 111 526 114 455 111 453 111 442 111 432 111 422 111 412 111 401 111 391 111 381 111 370 111 360 111 353 111 323 113 320 111 319 111 309 111 308 111 303 114 235 114 231 110 228 110 227 136 226 153 232 158 233 158 234 158 235 158 236 158 237 158 247 153 324 153 341 159 342 159 343 160 384 160 384 159 385 159 386 159 395 153 536 160 537 161 605 161 605 160 606 160 631 154 664 160 665 160 754 155 763 161 764 161 765 161 766 161 767 161 794 155 829 161 830 161 877 155 878 155 879 155 895 160 896 160 897 160 990 155 991 140 990 112 947 111"/></Shape>
	    <String CONTENT="ordonnances Royaux ( Car tel eſt noſtre"
                    HPOS="226.0"
                    VPOS="110.0"
                    WIDTH="765.0"
                    HEIGHT="51.0"
                    WC="0.9982739824515122"></String>
          </TextLine>
          <TextLine ID="line_3"
                    TAGREFS="LT8"
                    BASELINE="229 189 991 188" 
                    HPOS="228.0"
                    VPOS="151.0"
                    WIDTH="763.0"
                    HEIGHT="61.0">
            <Shape><Polygon POINTS="229 189 229 210 271 203 334 203 343 210 344 211 345 211 346 211 347 211 348 211 352 208 364 203 478 203 489 207 491 208 492 208 493 208 494 208 497 207 510 203 527 207 538 211 539 211 540 211 568 207 586 205 604 206 643 211 644 211 665 206 680 203 692 206 708 211 709 211 710 212 959 212 959 211 990 203 991 188 989 161 932 161 931 160 917 151 916 151 915 151 914 151 913 151 912 151 904 156 884 151 883 151 882 151 881 151 880 151 868 159 867 160 860 159 813 151 812 151 811 151 796 158 792 160 776 158 746 154 745 154 744 154 734 157 726 161 632 161 612 156 589 151 588 151 548 153 547 153 546 153 543 155 536 160 428 159 416 154 408 151 407 151 406 151 390 153 368 157 359 153 354 151 353 151 352 151 228 151 229 189"/></Shape>
	    <String CONTENT="plaiſir) eſt venue de ce terme ancien (Placi¬"
                    HPOS="228.0"
                    VPOS="151.0"
                    WIDTH="763.0"
                    HEIGHT="61.0"
                    WC="0.9914906607733832"></String>
          </TextLine>
          <TextLine ID="line_4"
                    TAGREFS="LT8"
                    BASELINE="226 236 994 238" 
                    HPOS="225.0"
                    VPOS="200.0"
                    WIDTH="769.0"
                    HEIGHT="60.0">
            <Shape><Polygon POINTS="226 236 225 251 302 252 314 258 315 258 316 259 371 259 371 258 372 258 389 252 431 258 432 259 482 259 482 258 483 258 484 258 492 252 504 257 505 257 506 257 540 253 547 258 548 258 549 258 550 258 585 252 586 252 587 252 617 258 618 258 674 253 718 259 719 260 785 260 785 259 786 259 801 253 821 259 822 259 823 260 863 260 863 259 864 259 876 253 896 259 897 259 898 260 976 260 976 259 977 259 993 252 994 238 992 208 921 211 888 206 848 202 847 202 813 206 775 211 751 205 735 202 734 202 733 202 723 205 702 211 679 204 670 202 669 202 668 202 654 204 617 211 512 203 486 201 485 201 484 201 483 201 482 202 471 211 405 211 355 201 353 201 352 201 351 201 350 201 342 207 320 204 319 204 318 204 297 210 226 200 226 236"/></Shape>
	    <String CONTENT="tum) Car ancienement les letres Royaux"
                    HPOS="225.0"
                    VPOS="200.0"
                    WIDTH="769.0"
                    HEIGHT="60.0"
                    WC="0.997300596613633"></String>
          </TextLine>
          <TextLine ID="line_5"
                    TAGREFS="LT8"
                    BASELINE="226 289 992 287" 
                    HPOS="225.0"
                    VPOS="252.0"
                    WIDTH="767.0"
                    HEIGHT="57.0">
            <Shape><Polygon POINTS="226 289 226 302 242 307 243 307 244 307 245 307 254 302 256 302 381 302 382 302 391 309 392 309 393 309 394 309 395 309 413 302 415 302 417 302 436 307 437 307 438 307 484 302 490 302 500 309 501 309 502 309 503 309 556 308 557 308 568 302 569 302 571 302 595 308 596 308 597 309 629 309 629 308 630 308 631 308 638 302 639 301 645 302 670 308 671 308 726 302 731 302 732 302 742 307 743 307 744 307 783 302 795 301 797 302 808 308 809 308 810 309 977 309 977 308 978 308 992 302 992 287 990 261 963 255 962 255 896 260 874 252 873 252 872 252 871 252 855 260 756 254 755 254 754 254 731 260 722 252 721 252 720 252 680 252 679 252 678 252 660 261 607 261 568 253 567 253 566 253 533 261 517 253 516 253 478 253 476 253 475 253 446 261 432 253 431 253 430 253 388 253 387 253 347 261 314 253 313 253 240 253 239 253 237 253 236 253 225 260 226 289"/></Shape>
	    <String CONTENT="s’eſcriuoyẽt en Latin: ainſi comme on peut"
                    HPOS="225.0"
                    VPOS="252.0"
                    WIDTH="767.0"
                    HEIGHT="57.0"
                    WC="0.9975023117176322"></String>
          </TextLine>
          <TextLine ID="line_6"
                    TAGREFS="LT8"
                    BASELINE="226 334 996 337" 
                    HPOS="225.0"
                    VPOS="299.0"
                    WIDTH="771.0"
                    HEIGHT="58.0">
            <Shape><Polygon POINTS="225 348 294 356 295 356 330 351 487 357 488 357 995 353 996 337 996 310 971 301 970 301 969 301 891 309 881 310 879 309 869 301 868 301 867 301 866 301 783 308 778 308 777 308 767 301 766 301 765 301 764 301 763 301 746 307 740 310 734 307 720 300 719 300 718 300 688 307 676 309 670 306 658 300 657 300 634 300 633 300 632 300 620 306 615 308 607 305 598 302 597 302 596 302 595 302 594 302 591 305 585 310 488 310 425 309 403 303 389 299 388 299 267 299 266 299 257 301 235 305 228 300 226 334 225 348"/></Shape>
	    <String CONTENT="retirer d’Aimoinus, &amp; des Ordonnances de."
                    HPOS="225.0"
                    VPOS="299.0"
                    WIDTH="771.0"
                    HEIGHT="58.0"
                    WC="0.986736725016338"></String>
          </TextLine>
          <TextLine ID="line_7"
                    TAGREFS="LT8"
                    BASELINE="230 387 994 385" 
                    HPOS="229.0"
                    VPOS="348.0"
                    WIDTH="765.0"
                    HEIGHT="60.0">
            <Shape><Polygon POINTS="230 387 230 401 326 401 352 408 353 408 354 408 389 401 390 401 393 401 524 407 525 407 577 401 580 401 581 401 606 408 607 408 608 408 609 408 636 401 637 401 638 401 652 407 653 407 654 408 973 408 973 407 974 407 994 401 994 385 992 360 902 360 901 359 880 348 879 348 878 348 877 348 859 358 857 360 756 360 753 358 739 348 738 348 737 348 641 348 640 348 639 348 610 356 590 350 589 350 588 350 587 350 586 350 577 356 572 360 559 356 540 351 539 351 538 351 537 351 526 356 516 361 458 361 444 355 434 352 433 352 432 352 431 352 430 352 425 355 416 360 358 359 352 354 347 350 346 350 345 350 344 350 229 353 230 387"/></Shape>
	    <String CONTENT="Charlem. &amp; autres ſemblables monimens:"
                    HPOS="229.0"
                    VPOS="348.0"
                    WIDTH="765.0"
                    HEIGHT="60.0"
                    WC="0.9948369217546362"></String>
          </TextLine>
          <TextLine ID="line_8"
                    TAGREFS="LT8"
                    BASELINE="226 436 992 436" 
                    HPOS="226.0"
                    VPOS="402.0"
                    WIDTH="766.0"
                    HEIGHT="58.0">
            <Shape><Polygon POINTS="226 436 226 451 346 451 360 459 361 459 362 459 412 451 417 451 422 451 473 459 474 460 506 460 506 459 507 459 521 452 523 451 629 451 633 452 650 459 651 459 652 459 690 452 694 452 697 452 720 459 721 459 722 459 752 453 756 452 757 453 766 459 767 459 768 459 769 459 992 453 992 436 991 402 945 410 917 402 915 402 914 402 913 402 912 402 909 403 880 411 837 411 752 404 711 402 710 402 709 402 703 405 694 410 583 410 573 406 563 402 562 402 503 402 502 402 501 402 490 407 484 410 474 408 454 402 453 402 452 402 451 402 427 408 419 410 405 408 356 402 355 402 319 407 266 402 265 402 226 410 226 436"/></Shape>
	    <String CONTENT="mais depuis les Secretaires Royaux, quand"
                    HPOS="226.0"
                    VPOS="402.0"
                    WIDTH="766.0"
                    HEIGHT="58.0"
                    WC="0.9984549952716362"></String>
          </TextLine>
          <TextLine ID="line_9"
                    TAGREFS="LT8"
                    BASELINE="226 485 992 485" 
                    HPOS="226.0"
                    VPOS="450.0"
                    WIDTH="766.0"
                    HEIGHT="58.0">
            <Shape><Polygon POINTS="226 485 226 503 400 501 423 504 436 506 437 506 454 504 485 501 498 505 506 507 507 507 508 507 509 507 517 505 526 501 530 505 531 506 532 506 533 506 534 506 567 505 632 502 643 505 651 507 652 507 653 507 664 505 687 501 702 505 708 507 709 507 710 508 790 508 790 507 791 507 794 506 806 501 868 506 884 507 885 507 892 506 913 501 922 506 923 507 924 507 925 507 926 507 992 506 992 485 992 456 867 450 866 450 820 456 799 458 780 456 732 450 731 450 730 450 729 450 721 456 720 457 719 456 710 452 709 452 708 452 663 457 641 458 636 457 620 450 619 450 574 450 573 450 572 450 571 450 564 457 562 459 352 459 349 458 334 452 333 452 332 452 284 458 279 458 278 458 268 450 267 450 266 450 240 450 239 450 237 450 226 456 226 485"/></Shape>
	    <String CONTENT="ils commencerent à les coucher en langue"
                    HPOS="226.0"
                    VPOS="450.0"
                    WIDTH="766.0"
                    HEIGHT="58.0"
                    WC="0.9988981514442258"></String>
          </TextLine>
          <TextLine ID="line_10"
                    TAGREFS="LT8"
                    BASELINE="231 535 987 535" 
                    HPOS="231.0"
                    VPOS="500.0"
                    WIDTH="756.0"
                    HEIGHT="56.0">
            <Shape><Polygon POINTS="231 535 231 551 986 556 987 535 987 510 935 510 934 509 923 500 922 500 921 500 919 500 869 503 868 503 867 503 859 509 857 509 824 500 823 500 822 500 821 500 820 500 805 508 803 510 700 510 694 508 670 500 669 500 653 500 652 500 651 500 650 500 641 507 638 510 544 510 529 506 493 500 492 500 491 500 478 506 471 509 444 506 424 504 423 504 406 506 380 509 374 505 367 500 366 500 365 500 364 500 231 504 231 535"/></Shape>
	    <String CONTENT="vulgaire, tournerent ainſi ce mot de (Placi¬"
                    HPOS="231.0"
                    VPOS="500.0"
                    WIDTH="756.0"
                    HEIGHT="56.0"
                    WC="0.9961873726411299"></String>
          </TextLine>
          <TextLine ID="line_11"
                    TAGREFS="LT8"
                    BASELINE="230 584 992 582" 
                    HPOS="229.0"
                    VPOS="549.0"
                    WIDTH="763.0"
                    HEIGHT="60.0">
            <Shape><Polygon POINTS="230 584 230 599 280 599 281 599 292 608 293 608 294 608 295 609 345 609 345 608 346 608 374 599 377 599 379 599 405 608 406 608 407 608 448 601 485 608 486 608 487 608 509 600 544 608 546 608 610 607 611 607 612 607 619 602 666 607 667 607 701 599 707 598 776 598 778 599 786 604 787 604 788 604 789 604 808 600 825 607 826 607 827 607 828 607 846 599 847 598 849 599 862 607 863 607 864 607 865 607 915 599 921 598 922 599 928 604 929 604 930 604 978 607 979 607 980 607 981 607 992 599 992 582 991 557 966 549 965 549 964 549 895 556 891 556 890 556 869 549 868 549 824 549 823 549 822 549 803 555 800 556 799 555 792 549 791 549 790 549 709 549 708 549 707 549 694 554 691 555 687 554 666 549 665 549 664 549 663 549 662 549 656 554 653 556 633 554 615 552 614 552 612 552 611 552 610 554 605 558 484 558 465 552 459 551 458 551 457 551 456 551 452 552 438 558 380 558 372 552 370 550 369 550 368 550 347 550 346 550 345 550 344 550 343 551 335 557 315 551 314 551 313 551 312 551 309 551 281 557 267 551 265 550 264 550 263 550 229 550 230 584"/></Shape>
	    <String CONTENT="tum) par ignorance, ou pluſtoſt malicieuſe¬"
                    HPOS="229.0"
                    VPOS="549.0"
                    WIDTH="763.0"
                    HEIGHT="60.0"
                    WC="0.9941382324972818"></String>
          </TextLine>
          <TextLine ID="line_12"
                    TAGREFS="LT8"
                    BASELINE="227 634 990 634" 
                    HPOS="227.0"
                    VPOS="599.0"
                    WIDTH="763.0"
                    HEIGHT="58.0">
            <Shape><Polygon POINTS="227 634 227 650 349 650 351 650 369 657 370 657 371 657 372 657 373 657 384 650 386 650 418 657 419 657 479 651 487 657 488 657 489 657 490 657 559 652 570 656 571 656 572 656 573 656 574 656 582 650 588 655 589 655 590 655 591 655 671 650 676 650 677 650 695 657 696 657 697 657 698 657 720 652 757 657 758 657 801 652 883 657 884 657 909 652 941 657 942 657 989 649 990 634 989 608 934 607 915 599 914 599 913 599 874 605 851 599 850 599 849 599 848 599 847 599 837 607 796 602 795 602 794 602 793 602 785 607 765 599 764 599 763 599 651 606 641 599 640 599 639 599 565 599 564 599 563 599 543 608 419 608 389 599 388 599 387 599 349 600 348 600 333 608 286 608 261 600 260 600 259 600 227 607 227 634"/></Shape>
	    <String CONTENT="ment &amp; de propos deliberé: (Car tel eſt no¬"
                    HPOS="227.0"
                    VPOS="599.0"
                    WIDTH="763.0"
                    HEIGHT="58.0"
                    WC="0.9783598658713427"></String>
          </TextLine>
          <TextLine ID="line_13"
                    TAGREFS="LT8"
                    BASELINE="229 684 991 682" 
                    HPOS="228.0"
                    VPOS="646.0"
                    WIDTH="763.0"
                    HEIGHT="60.0">
            <Shape><Polygon POINTS="229 684 229 697 295 697 297 698 310 706 311 706 312 706 313 706 314 706 335 698 339 697 347 698 396 706 397 706 398 706 399 706 411 698 413 697 414 698 425 706 426 706 427 706 428 706 429 706 447 700 503 706 504 706 505 706 528 698 533 697 540 698 574 706 575 706 677 700 725 696 731 700 741 705 742 705 743 705 766 700 776 697 787 700 811 705 812 705 990 700 991 682 989 656 947 655 922 646 921 646 895 646 894 646 893 646 876 654 875 655 768 655 764 653 752 646 751 646 749 646 711 646 710 646 709 646 690 653 684 655 678 653 665 646 664 646 615 646 614 646 612 646 611 646 611 647 605 652 600 657 533 657 523 651 516 648 515 648 514 648 498 651 474 657 434 657 413 650 400 647 399 647 398 647 397 647 389 650 372 657 357 657 346 650 343 647 342 647 341 647 300 647 299 647 298 647 292 649 276 656 264 649 262 647 261 647 260 647 259 647 228 648 229 684"/></Shape>
	    <String CONTENT="ſtre plaiſir) au lieu qu’il le falloit tranſlater"
                    HPOS="228.0"
                    VPOS="646.0"
                    WIDTH="763.0"
                    HEIGHT="60.0"
                    WC="0.9906904721746639"></String>
          </TextLine>
          <TextLine ID="line_14"
                    TAGREFS="LT8"
                    BASELINE="230 736 993 732" 
                    HPOS="229.0"
                    VPOS="695.0"
                    WIDTH="764.0"
                    HEIGHT="61.0">
            <Shape><Polygon POINTS="230 736 230 749 335 748 347 750 373 755 374 755 376 755 392 750 399 748 427 750 489 755 490 755 491 755 502 750 507 748 513 750 522 755 523 755 524 755 550 750 563 748 574 750 593 755 594 755 595 755 596 755 597 755 603 750 608 747 625 751 645 755 646 756 725 756 725 755 726 755 736 751 745 747 772 751 781 752 782 752 783 752 787 751 800 746 812 751 820 754 821 754 822 754 992 751 993 732 990 703 918 703 916 702 907 695 906 695 905 695 904 695 824 702 807 703 797 702 754 695 753 695 752 695 740 702 735 705 682 705 678 702 673 697 673 696 672 696 671 696 670 696 669 696 654 702 650 703 644 702 632 696 631 696 630 696 629 696 628 696 622 702 617 704 588 701 537 696 536 696 507 701 483 705 471 701 462 697 461 697 350 697 349 697 348 697 336 701 318 705 299 701 286 697 285 697 229 700 230 736"/></Shape>
	    <String CONTENT="(Car telle eſt noſtre reſolution ou areſt pris"
                    HPOS="229.0"
                    VPOS="695.0"
                    WIDTH="764.0"
                    HEIGHT="61.0"
                    WC="0.9815018760121387"></String>
          </TextLine>
          <TextLine ID="line_15"
                    TAGREFS="LT8"
                    BASELINE="229 783 992 781" 
                    HPOS="228.0"
                    VPOS="746.0"
                    WIDTH="764.0"
                    HEIGHT="59.0">
            <Shape><Polygon POINTS="229 783 229 797 314 797 321 798 354 805 355 805 356 805 367 798 370 797 413 797 418 798 435 805 436 805 437 805 438 805 449 798 453 797 512 797 515 799 522 805 523 805 524 805 525 805 669 801 670 801 671 801 673 799 677 796 686 799 696 803 697 803 698 805 788 805 788 803 789 803 790 803 794 800 797 797 812 800 830 803 831 803 867 800 912 796 925 800 932 803 933 803 934 803 991 800 992 781 989 750 960 754 934 750 907 746 906 746 905 746 896 750 890 754 841 754 831 751 821 748 820 748 819 748 817 748 805 751 794 754 783 751 762 746 761 746 760 746 723 752 709 754 704 752 688 746 687 746 625 746 624 746 623 746 622 746 610 753 605 756 532 756 530 754 522 747 521 747 520 747 519 747 518 747 494 753 487 747 486 747 485 747 439 747 438 747 437 747 423 755 422 755 421 755 399 749 398 749 397 749 356 755 333 747 332 747 331 747 330 747 317 754 280 749 279 749 228 756 229 783"/></Shape>
	    <String CONTENT="auec le conſeil de nos Eſtats) Car touchant"
                    HPOS="228.0"
                    VPOS="746.0"
                    WIDTH="764.0"
                    HEIGHT="59.0"
                    WC="0.9816565666087839"></String>
          </TextLine>
          <TextLine ID="line_16"
                    TAGREFS="LT8"
                    BASELINE="228 832 993 830" 
                    HPOS="227.0"
                    VPOS="795.0"
                    WIDTH="766.0"
                    HEIGHT="61.0">
            <Shape><Polygon POINTS="228 832 228 849 386 847 390 849 403 855 404 855 405 856 599 856 599 855 661 854 662 854 678 848 684 846 699 848 744 853 745 853 811 848 866 854 867 854 868 854 869 854 877 848 913 854 914 854 915 854 916 854 926 847 927 846 930 847 951 853 952 853 953 853 992 846 993 830 990 801 945 801 943 800 932 795 931 795 930 795 929 795 911 800 898 805 887 800 873 795 872 795 871 795 870 795 856 800 843 805 816 800 789 795 788 795 787 795 786 795 779 799 773 805 733 805 703 799 684 796 683 796 682 796 672 799 656 805 631 799 612 795 611 795 610 795 598 798 575 807 542 807 526 798 521 796 520 796 519 796 518 796 514 798 503 803 496 798 494 796 493 796 492 796 491 796 490 796 486 798 471 807 368 807 331 797 324 796 270 796 269 796 268 796 267 796 266 797 260 801 227 797 228 832"/></Shape>
	    <String CONTENT="la liberté, que le peuple y auoit d’en donner"
                    HPOS="227.0"
                    VPOS="795.0"
                    WIDTH="766.0"
                    HEIGHT="61.0"
                    WC="0.9958383985187697"></String>
          </TextLine>
          <TextLine ID="line_17"
                    TAGREFS="LT8"
                    BASELINE="227 885 991 881" 
                    HPOS="226.0"
                    VPOS="844.0"
                    WIDTH="765.0"
                    HEIGHT="60.0">
            <Shape><Polygon POINTS="227 885 227 897 394 901 395 901 416 897 421 896 422 897 429 903 430 903 431 903 432 904 453 904 453 903 480 897 485 896 491 897 532 903 533 903 534 903 535 903 543 896 544 896 552 896 605 902 606 902 607 902 625 897 712 902 713 902 714 902 740 896 741 896 743 896 797 902 798 902 830 896 839 894 865 894 868 895 876 901 877 901 878 901 879 902 977 902 977 901 978 901 991 895 991 881 989 852 938 851 928 844 927 844 926 844 925 844 924 844 905 851 876 844 875 844 874 844 824 851 823 851 805 844 804 844 803 844 802 844 777 851 773 852 767 851 732 845 684 845 683 845 682 845 670 851 668 852 655 851 602 846 601 846 600 846 590 851 585 853 576 851 556 846 555 846 554 846 553 846 542 851 538 853 439 853 436 851 428 846 427 846 426 846 425 846 334 847 333 847 326 851 319 855 293 855 287 851 282 847 281 847 280 847 279 847 226 850 227 885"/></Shape>
	    <String CONTENT="ſon aduis, il y a vn article dedans les Ordon¬"
                    HPOS="226.0"
                    VPOS="844.0"
                    WIDTH="765.0"
                    HEIGHT="60.0"
                    WC="0.9963083383829697"></String>
          </TextLine>
          <TextLine ID="line_18"
                    TAGREFS="LT8"
                    BASELINE="228 930 989 933" 
                    HPOS="227.0"
                    VPOS="893.0"
                    WIDTH="762.0"
                    HEIGHT="61.0">
            <Shape><Polygon POINTS="227 944 273 952 274 952 300 947 326 952 327 952 390 947 482 953 483 954 695 954 695 953 731 948 744 954 745 954 746 954 987 948 989 933 989 905 976 899 975 899 974 899 906 904 895 904 892 903 871 896 870 896 821 896 820 896 819 896 797 902 789 904 779 902 761 896 760 896 759 896 731 901 720 903 715 901 709 895 708 895 707 895 706 895 705 895 687 900 678 902 669 900 646 895 645 895 644 895 643 895 636 899 629 904 503 904 494 897 492 895 491 895 490 895 489 895 488 895 484 897 473 903 444 903 435 896 432 894 431 894 430 894 429 894 407 896 367 900 361 895 360 894 359 894 358 894 330 894 329 894 325 895 294 902 262 895 261 895 240 899 230 893 228 930 227 944"/></Shape>
	    <String CONTENT="nãces de Charlem, qui en fait foy: à ſcauoir,"
                    HPOS="227.0"
                    VPOS="893.0"
                    WIDTH="762.0"
                    HEIGHT="61.0"
                    WC="0.9904536313198983"></String>
          </TextLine>
          <TextLine ID="line_19"
                    TAGREFS="LT8"
                    BASELINE="227 983 994 981" 
                    HPOS="226.0"
                    VPOS="944.0"
                    WIDTH="768.0"
                    HEIGHT="56.0">
            <Shape><Polygon POINTS="227 983 227 1000 993 997 994 981 992 950 960 944 959 944 958 944 957 944 949 949 943 954 873 954 859 949 841 944 840 944 839 944 838 944 828 949 826 950 817 949 789 945 788 945 787 945 786 945 779 949 771 954 693 954 685 949 684 948 683 948 682 948 680 948 679 948 676 949 659 953 642 949 635 947 634 947 633 947 632 947 631 947 630 949 624 954 528 954 508 948 497 945 496 945 495 945 466 948 416 954 402 948 395 945 394 945 393 945 226 947 227 983"/></Shape>
	    <String CONTENT="là où il dit, Qu’on interrogue &amp; demande"
                    HPOS="226.0"
                    VPOS="944.0"
                    WIDTH="768.0"
                    HEIGHT="56.0"
                    WC="0.9928505363918486"></String>
          </TextLine>
          <TextLine ID="line_20"
                    TAGREFS="LT8"
                    BASELINE="230 1033 993 1031" 
                    HPOS="229.0"
                    VPOS="994.0"
                    WIDTH="764.0"
                    HEIGHT="61.0">
            <Shape><Polygon POINTS="230 1033 230 1043 292 1050 293 1050 294 1050 304 1044 308 1043 377 1043 379 1044 383 1049 384 1049 385 1049 386 1049 387 1049 397 1045 399 1044 401 1045 423 1054 424 1054 425 1055 569 1055 569 1054 570 1054 591 1046 600 1043 612 1046 633 1052 634 1052 635 1052 636 1052 646 1046 653 1043 658 1046 662 1050 663 1050 664 1050 665 1050 694 1047 713 1045 720 1047 736 1053 737 1053 738 1054 809 1054 809 1053 810 1053 823 1047 832 1044 841 1047 848 1051 849 1051 850 1051 851 1051 859 1049 872 1043 898 1049 901 1049 902 1049 903 1049 904 1049 925 1042 943 1042 955 1049 961 1053 962 1053 963 1053 964 1053 992 1049 993 1031 991 999 955 994 953 994 952 994 942 998 927 1005 914 998 906 994 905 994 904 994 903 994 902 994 897 998 888 1006 777 1006 762 998 754 994 753 994 729 994 728 994 727 994 726 994 722 997 714 1003 705 997 701 994 700 994 699 994 678 994 677 994 661 997 629 1004 618 997 614 994 612 994 611 994 610 994 596 997 557 1006 533 997 529 995 528 995 527 995 526 995 525 995 523 997 508 1005 467 997 466 997 465 997 464 997 452 1007 327 1007 310 996 309 995 308 995 307 995 305 995 229 995 230 1033"/></Shape>
	    <String CONTENT="I’aduis au peuple, ſur chaſque article de"
                    HPOS="229.0"
                    VPOS="994.0"
                    WIDTH="764.0"
                    HEIGHT="61.0"
                    WC="0.9790570416101595"></String>
          </TextLine>
          <TextLine ID="line_21"
                    TAGREFS="LT8"
                    BASELINE="228 1081 990 1081" 
                    HPOS="228.0"
                    VPOS="1044.0"
                    WIDTH="762.0"
                    HEIGHT="59.0">
            <Shape><Polygon POINTS="228 1081 228 1096 315 1096 316 1097 322 1102 323 1102 324 1102 325 1102 394 1097 408 1096 414 1097 438 1102 439 1102 440 1102 441 1102 449 1097 450 1096 455 1097 480 1102 481 1102 482 1102 503 1097 504 1097 506 1097 556 1102 557 1103 643 1103 643 1102 644 1102 655 1097 657 1096 664 1097 691 1102 692 1102 990 1097 990 1081 990 1056 935 1044 934 1044 700 1055 669 1044 668 1044 667 1044 627 1054 598 1044 597 1044 596 1044 542 1052 515 1044 514 1044 513 1044 512 1044 510 1044 492 1056 296 1056 275 1045 274 1045 273 1045 228 1055 228 1081"/></Shape>
	    <String CONTENT="ceux qu’on a adiouſtez de nouueau à la loy,"
                    HPOS="228.0"
                    VPOS="1044.0"
                    WIDTH="762.0"
                    HEIGHT="59.0"
                    WC="0.9916791008277372"></String>
          </TextLine>
          <TextLine ID="line_22"
                    TAGREFS="LT8"
                    BASELINE="227 1132 993 1130" 
                    HPOS="226.0"
                    VPOS="1096.0"
                    WIDTH="767.0"
                    HEIGHT="53.0">
            <Shape><Polygon POINTS="227 1132 227 1149 992 1148 993 1130 991 1096 925 1096 924 1096 923 1096 922 1096 916 1101 908 1097 907 1097 906 1097 905 1097 892 1104 854 1098 853 1098 819 1103 808 1096 807 1096 806 1096 759 1096 758 1096 757 1096 756 1096 745 1104 663 1097 662 1097 661 1097 660 1097 651 1104 603 1106 484 1106 466 1098 465 1098 464 1098 463 1098 449 1105 408 1100 407 1100 277 1105 257 1097 255 1097 254 1097 253 1097 226 1097 227 1132"/></Shape>
	    <String CONTENT="&amp; apres que tous y auront conſenty, qu’ils"
                    HPOS="226.0"
                    VPOS="1096.0"
                    WIDTH="767.0"
                    HEIGHT="53.0"
                    WC="0.9992583763031733"></String>
          </TextLine>
          <TextLine ID="line_23"
                    TAGREFS="LT8"
                    BASELINE="227 1181 995 1178" 
                    HPOS="226.0"
                    VPOS="1143.0"
                    WIDTH="769.0"
                    HEIGHT="60.0">
            <Shape><Polygon POINTS="227 1181 227 1195 250 1195 261 1202 262 1202 263 1202 264 1203 289 1203 289 1202 290 1202 291 1202 300 1195 381 1195 382 1195 405 1202 406 1202 407 1202 408 1202 423 1195 425 1195 470 1202 471 1202 472 1202 489 1195 493 1194 504 1195 539 1200 540 1200 576 1195 590 1194 593 1195 601 1201 602 1201 603 1201 604 1201 651 1196 667 1194 671 1196 679 1199 680 1199 682 1199 762 1196 839 1193 883 1193 891 1196 898 1200 899 1200 900 1200 995 1196 995 1178 993 1146 953 1143 952 1143 936 1146 916 1150 906 1146 897 1143 896 1143 849 1143 848 1143 847 1143 846 1143 840 1147 836 1150 828 1147 821 1145 820 1145 819 1145 817 1145 811 1147 805 1150 785 1148 746 1143 745 1143 744 1143 743 1143 743 1144 738 1148 734 1151 718 1148 689 1144 688 1144 687 1144 686 1144 679 1149 675 1152 585 1152 571 1150 519 1144 518 1144 517 1144 498 1151 496 1152 419 1152 417 1152 403 1147 402 1147 401 1147 400 1147 387 1152 386 1152 385 1152 366 1145 365 1145 322 1145 321 1145 320 1145 319 1145 307 1154 226 1154 227 1181"/></Shape>
	    <String CONTENT="appoſent au pied des articles leurs ſeings &amp;"
                    HPOS="226.0"
                    VPOS="1143.0"
                    WIDTH="769.0"
                    HEIGHT="60.0"
                    WC="0.9911445731466467"></String>
          </TextLine>
          <TextLine ID="line_24"
                    TAGREFS="LT8"
                    BASELINE="227 1231 993 1231" 
                    HPOS="227.0"
                    VPOS="1193.0"
                    WIDTH="766.0"
                    HEIGHT="59.0">
            <Shape><Polygon POINTS="227 1231 227 1246 320 1246 335 1251 336 1251 337 1251 385 1246 453 1251 454 1251 490 1246 497 1251 498 1251 499 1251 500 1251 551 1246 566 1251 567 1251 568 1252 665 1252 665 1251 666 1251 667 1251 673 1246 690 1251 691 1251 692 1251 693 1251 714 1246 731 1251 732 1251 733 1251 758 1246 956 1251 957 1251 993 1245 993 1231 993 1202 911 1201 898 1194 897 1194 896 1194 895 1194 894 1194 883 1201 882 1201 881 1201 861 1193 860 1193 802 1193 801 1193 800 1193 799 1193 789 1199 712 1195 711 1195 710 1195 701 1200 697 1202 560 1202 554 1199 540 1193 539 1193 485 1193 484 1193 483 1193 470 1198 462 1201 437 1198 400 1193 399 1193 398 1193 387 1198 378 1201 327 1201 323 1197 318 1193 317 1193 316 1193 315 1193 314 1193 299 1197 291 1199 280 1197 258 1193 257 1193 227 1196 227 1231"/></Shape>
	    <String CONTENT="ſouſcriptions de leur main. Par où il appert,"
                    HPOS="227.0"
                    VPOS="1193.0"
                    WIDTH="766.0"
                    HEIGHT="59.0"
                    WC="0.985018896019977"></String>
          </TextLine>
          <TextLine ID="line_25"
                    TAGREFS="LT8"
                    BASELINE="228 1279 994 1276" 
                    HPOS="227.0"
                    VPOS="1240.0"
                    WIDTH="767.0"
                    HEIGHT="56.0">
            <Shape><Polygon POINTS="228 1279 228 1296 993 1296 994 1276 993 1247 974 1240 973 1240 972 1240 971 1240 947 1247 935 1251 900 1251 893 1247 880 1242 879 1242 878 1242 877 1242 867 1247 861 1251 745 1251 735 1248 710 1241 709 1241 708 1241 707 1241 694 1248 687 1252 622 1252 606 1248 573 1241 490 1241 489 1241 488 1241 470 1248 466 1250 462 1248 448 1242 447 1242 446 1242 445 1242 419 1248 411 1251 368 1251 365 1249 352 1242 351 1242 313 1242 312 1242 311 1242 298 1248 289 1242 288 1242 287 1242 240 1242 239 1242 237 1242 236 1242 227 1246 228 1279"/></Shape>
	    <String CONTENT="que le peuple de Frãce, n’eſtoit ancienemẽt"
                    HPOS="227.0"
                    VPOS="1240.0"
                    WIDTH="767.0"
                    HEIGHT="56.0"
                    WC="0.9881561650170221"></String>
          </TextLine>
          <TextLine ID="line_26"
                    TAGREFS="LT8"
                    BASELINE="228 1329 994 1325" 
                    HPOS="227.0"
                    VPOS="1288.0"
                    WIDTH="767.0"
                    HEIGHT="63.0">
            <Shape><Polygon POINTS="228 1329 228 1343 406 1351 407 1351 408 1351 410 1351 420 1344 433 1348 434 1348 435 1348 436 1348 447 1343 520 1350 521 1350 522 1350 547 1342 548 1342 556 1349 557 1349 558 1349 559 1349 586 1345 630 1350 631 1350 680 1342 682 1342 723 1350 724 1350 768 1341 771 1341 772 1341 788 1349 789 1349 790 1349 819 1343 828 1349 829 1349 830 1349 831 1349 870 1343 936 1349 937 1349 993 1340 994 1325 991 1288 945 1299 923 1299 910 1289 909 1289 908 1289 891 1289 890 1289 889 1289 888 1289 877 1299 847 1289 845 1289 844 1289 822 1289 821 1289 820 1289 817 1290 801 1300 733 1301 665 1301 641 1292 636 1290 635 1290 634 1290 622 1292 585 1300 576 1296 575 1296 574 1296 482 1301 470 1295 466 1291 465 1291 464 1291 463 1291 448 1295 419 1301 412 1295 411 1295 410 1295 408 1295 407 1295 405 1295 389 1300 382 1296 376 1291 374 1291 373 1291 372 1291 227 1297 228 1329"/></Shape>
	    <String CONTENT="obligé à garder autres loix que celles là, qui"
                    HPOS="227.0"
                    VPOS="1288.0"
                    WIDTH="767.0"
                    HEIGHT="63.0"
                    WC="0.9891344041240459"></String>
          </TextLine>
          <TextLine ID="line_27"
                    TAGREFS="LT8"
                    BASELINE="229 1379 995 1377" 
                    HPOS="228.0"
                    VPOS="1342.0"
                    WIDTH="767.0"
                    HEIGHT="58.0">
            <Shape><Polygon POINTS="229 1379 229 1397 842 1399 843 1399 889 1393 896 1399 897 1399 898 1399 899 1400 958 1400 958 1399 995 1391 995 1377 994 1350 964 1342 963 1342 962 1342 766 1349 724 1342 723 1342 722 1342 702 1349 553 1343 552 1343 551 1343 550 1343 540 1350 538 1351 479 1351 476 1350 467 1343 466 1343 465 1343 412 1343 411 1343 410 1343 386 1350 384 1350 382 1350 361 1343 360 1343 359 1343 358 1343 357 1343 348 1350 346 1351 277 1351 276 1350 262 1343 261 1343 260 1343 228 1349 229 1379"/></Shape>
	    <String CONTENT="auoyent eſté autoriſees par ſes voix &amp; ſuffra"
                    HPOS="228.0"
                    VPOS="1342.0"
                    WIDTH="767.0"
                    HEIGHT="58.0"
                    WC="0.993128319149432"></String>
          </TextLine>
          <TextLine ID="line_28"
                    TAGREFS="LT8"
                    BASELINE="228 1429 993 1426" 
                    HPOS="227.0"
                    VPOS="1391.0"
                    WIDTH="766.0"
                    HEIGHT="60.0">
            <Shape><Polygon POINTS="228 1429 228 1451 261 1445 436 1449 482 1450 483 1450 495 1449 529 1444 599 1448 633 1449 634 1449 992 1443 993 1426 990 1400 930 1400 926 1400 877 1391 876 1391 875 1391 859 1400 858 1401 668 1401 666 1401 636 1392 635 1392 634 1392 633 1392 632 1392 622 1401 604 1401 589 1401 588 1401 575 1392 574 1392 573 1392 572 1392 510 1399 482 1392 481 1392 390 1402 385 1402 381 1402 325 1393 324 1393 323 1393 301 1401 285 1394 284 1394 283 1394 227 1402 228 1429"/></Shape>
	    <String CONTENT="ges: &amp; que telle eſtoit l’anciene couſtume,"
                    HPOS="227.0"
                    VPOS="1391.0"
                    WIDTH="766.0"
                    HEIGHT="60.0"
                    WC="0.9986487585444783"></String>
          </TextLine>
          <TextLine ID="line_29"
                    TAGREFS="LT8"
                    BASELINE="227 1478 994 1475" 
                    HPOS="226.0"
                    VPOS="1440.0"
                    WIDTH="768.0"
                    HEIGHT="60.0">
            <Shape><Polygon POINTS="227 1478 227 1492 300 1492 303 1492 329 1500 330 1500 331 1500 332 1500 354 1492 357 1492 374 1492 465 1497 466 1497 523 1492 543 1491 547 1492 556 1499 557 1499 558 1499 559 1499 761 1498 762 1498 763 1498 770 1492 773 1490 786 1492 799 1495 800 1495 816 1492 825 1491 828 1492 834 1498 835 1498 836 1498 837 1499 874 1499 874 1498 875 1498 876 1498 884 1492 887 1491 893 1492 915 1498 916 1498 917 1498 993 1492 994 1475 992 1446 962 1440 961 1440 960 1440 959 1440 949 1446 945 1448 939 1446 918 1440 917 1440 916 1440 915 1440 903 1446 898 1449 887 1447 859 1440 858 1440 857 1440 841 1447 837 1449 835 1447 826 1440 825 1440 824 1440 745 1440 744 1440 743 1440 742 1440 742 1441 734 1448 731 1451 587 1451 585 1449 575 1442 574 1442 573 1442 518 1441 517 1441 458 1450 453 1451 448 1451 398 1442 397 1442 396 1442 395 1442 385 1450 326 1451 315 1442 314 1442 313 1442 291 1442 290 1442 289 1442 269 1452 226 1452 227 1478"/></Shape>
	    <String CONTENT="ainſi que le monſtre ce qui eſt à la fin de la"
                    HPOS="226.0"
                    VPOS="1440.0"
                    WIDTH="768.0"
                    HEIGHT="60.0"
                    WC="0.9965984770592223"></String>
          </TextLine>
          <TextLine ID="line_30"
                    TAGREFS="LT8"
                    BASELINE="228 1529 991 1524" 
                    HPOS="227.0"
                    VPOS="1486.0"
                    WIDTH="764.0"
                    HEIGHT="69.0">
            <Shape><Polygon POINTS="228 1529 228 1547 292 1554 293 1554 294 1554 295 1554 303 1547 305 1545 401 1545 406 1547 416 1554 417 1554 418 1554 419 1554 420 1554 421 1554 431 1547 435 1545 479 1545 491 1547 524 1555 525 1555 678 1554 679 1554 697 1547 698 1547 700 1547 711 1553 712 1553 713 1553 714 1553 735 1547 748 1544 761 1547 769 1550 770 1550 771 1550 772 1550 777 1547 786 1543 840 1542 866 1547 887 1552 888 1552 912 1547 927 1545 990 1547 991 1524 986 1486 968 1495 890 1489 889 1489 847 1495 826 1488 825 1488 788 1488 787 1488 786 1488 785 1488 768 1497 670 1497 659 1490 659 1489 658 1489 657 1489 656 1489 638 1490 531 1498 505 1491 499 1490 498 1490 497 1490 487 1492 468 1495 454 1492 444 1490 442 1490 441 1490 440 1490 437 1492 428 1498 389 1493 374 1491 305 1491 304 1491 303 1491 302 1491 299 1494 291 1499 270 1494 256 1491 255 1491 227 1494 228 1529"/></Shape>
	    <String CONTENT="loy d’Alem. à ſcauoir, Cecy a eſté ordonné"
                    HPOS="227.0"
                    VPOS="1486.0"
                    WIDTH="764.0"
                    HEIGHT="69.0"
                    WC="0.9936214420530531"></String>
          </TextLine>
        </TextBlock>
        <TextBlock HPOS="926.0"
                   VPOS="1550.0"
                   WIDTH="69.0"
                   HEIGHT="50.0"
                   ID="block_2"
                   TAGREFS="BT17">
          <Shape><Polygon POINTS="995 1550 995 1600 926 1600 926 1550"/></Shape>
          <TextLine ID="line_31"
                    TAGREFS="LT8"
                    BASELINE="926 1576 991 1576" 
                    HPOS="926.0"
                    VPOS="1545.0"
                    WIDTH="65.0"
                    HEIGHT="57.0">
            <Shape><Polygon POINTS="926 1576 926 1602 991 1589 991 1576 990 1545 926 1547 926 1576"/></Shape>
	    <String CONTENT="par"
                    HPOS="926.0"
                    VPOS="1545.0"
                    WIDTH="65.0"
                    HEIGHT="57.0"
                    WC="0.9997695883115133"></String>
          </TextLine>
        </TextBlock>
      </PrintSpace>
    </Page>
  </Layout>
</alto>
