1023 1853
198.0 56.0 440.0 65.0 FRANCOISE.

727.0 55.0 48.0 57.0 123

27.0 135.0 751.0 49.0 par le Roy & ſes Princes & par tout le peu¬

28.0 159.0 754.0 68.0 ple Chreſtien, qui eſt ſous le Royaume des

26.0 208.0 759.0 73.0 Merouingiens. Et le cha.38. du 5. d’Aim. où

25.0 258.0 757.0 65.0 il dit ainſi. Et en ce Parlement fut accordé,

28.0 308.0 751.0 69.0 qu’ils obſerueroyent les articles qui s’enſuy

26.0 356.0 759.0 73.0 uent, par le cõſentemẽt de leurs feaux. L’ac¬

27.0 405.0 761.0 70.0 cord qui fut fait & paſſé entre les nobles

26.0 458.0 762.0 70.0 Roys, par le conſentement d’eux & des com

28.0 507.0 760.0 68.0 munautez de leurs feaux ſuiets. &c. Pour le

28.0 557.0 757.0 69.0 dernier, ces Parlemens acquirent telle repu¬

29.0 609.0 760.0 63.0 tation & autorité vers les autres natiõs, que

35.0 656.0 752.0 68.0 quand les Princes eſtrangers auoyent quel¬

33.0 703.0 758.0 72.0 que different à demeſler enſemble, bien ſou

32.0 758.0 758.0 65.0 uent ils en ſoumettoyẽt la deciſion au iuge¬

33.0 802.0 755.0 69.0 ment des Eſtats: teſmoin celuy qui a pour¬

33.0 850.0 758.0 73.0 ſuiuy l’hiſt. de Greg. de Tours au liu. 11 cha.

38.0 900.0 754.0 71.0 37. où il dit, que l’an 12. du Regne de Theo¬

33.0 952.0 764.0 71.0 doric, lequel gouuernoit le pays d’Alſacie,

35.0 1003.0 759.0 68.0 où il auoit eſté nourry, par le commande¬

35.0 1052.0 763.0 69.0 ment de ſon pere Childebert, il aduint que

35.0 1100.0 763.0 68.0 ſes ſuiets firent quelque courſe ſur les terres

37.0 1147.0 763.0 74.0 de Theodebert, en maniere d’hoſtilité: mais

38.0 1201.0 761.0 68.0 de peur que le difterent ne paſſaſt outre, les

38.0 1248.0 762.0 70.0 deux Roys s’accorderent enſemble, de faire

38.0 1299.0 765.0 68.0 conuoquer vne aſſemblee generale, au cha¬

39.0 1349.0 764.0 68.0 ſteau de Saloiſſe, & là vuider leur debat par

41.0 1397.0 758.0 74.0 voye de iuſtice, s’en rapportant à l’arbitrage

41.0 1453.0 383.0 67.0 des Eſtats de France.
