1023 1853
224.0 75.0 74.0 43.0 124

353.0 61.0 494.0 56.0 DE LA GAVLE

284.0 124.0 691.0 54.0 ¶ Des ſuperintẽdans de l’hoſtel du Roy,

353.0 162.0 600.0 67.0 qu’on appelloit Maires du Palais.

237.0 501.0 161.0 82.0 A

428.0 274.0 333.0 51.0 CHAP. XII.

431.0 355.0 552.0 70.0 Vant que nous paſsions plus

425.0 412.0 559.0 61.0 outre à expoſer, comment l'au¬

425.0 464.0 559.0 54.0 thorité & la puiſsãce des Eſtats

424.0 508.0 555.0 61.0 s'eſt continuee d’aage en aage:

218.0 562.0 768.0 60.0 nous nous arreſterons vn peu icy, à traiter

218.0 611.0 766.0 62.0 de l’eſtat de ceux, qu’on appelloit ſous les

217.0 661.0 763.0 62.0 regnes des deſcendans de Merouee Maires,

217.0 709.0 766.0 66.0 ou Maiſtres du Palais: leſquels apres qu’ils

217.0 761.0 767.0 63.0 eurent quelque temps affoibly & tiré à eux

218.0 810.0 766.0 61.0 la puiſſance des Roys, à la fin, quand leur oc

217.0 861.0 769.0 61.0 caſion fut venue, la ſupplãterent du tout, &

218.0 907.0 765.0 59.0 s’en firent les maiſtres. I’eſtime donc, qu’ils

217.0 958.0 767.0 65.0 tenoyent vn meſme degré d’honneur en la

222.0 1010.0 765.0 61.0 Cour de nos Roys, qu’auoyent ancienemẽt

217.0 1058.0 769.0 63.0 en la maiſon des Empereurs de Rome, ceux

219.0 1106.0 765.0 66.0 que les Latins appelloyent (Præfecti Præ¬

219.0 1156.0 765.0 60.0 torio,) c’eſt à dire, Superintendans, commis

220.0 1205.0 764.0 69.0 pour le gouuernement de l’hoſtel de l’Em¬

220.0 1256.0 766.0 67.0 pereur, que nous appellons auiourdhuy

222.0 1308.0 761.0 56.0 Grans Maiſtres. Si eſtoit lors la couſtume,

222.0 1354.0 763.0 64.0 qu’en la meſme aſſemblee d’Eſtats, où le

224.0 1404.0 763.0 68.0 peuple eliſoit les Roys, là meſme, il eſliſoit

222.0 1457.0 762.0 61.0 ces Maires icy, pour eſtre les Gouuerneurs,

223.0 1506.0 764.0 72.0 & les premiers Aſſeſſeurs du cõſeil public.

932.0 1553.0 59.0 67.0 Et
