1023 1853
38.0 95.0 765.0 71.0 & la poure ville d’Ithaque, laquelle reſſem¬

39.0 154.0 767.0 64.0 bloit pluſtoſt à vn petit nid d’oyſeau attaché

38.0 203.0 766.0 63.0 contre des roches qu’à toute autre choſe,

41.0 254.0 768.0 63.0 plus que toutes les delices de la Cour de Ca

40.0 304.0 767.0 65.0 lypſo, ny que le Royaume qu’elle luy pre¬

39.0 353.0 768.0 65.0 ſentoit. Car auſſi, ſuyuant le dire d’vn Poëte

41.0 407.0 155.0 59.0 ancien,

88.0 451.0 651.0 63.0 L’air du pays & demourance heureuſe.

88.0 504.0 637.0 62.0 A ne ſçay quoy de douceur amoureuſe,

90.0 553.0 617.0 62.0 Qui laiſſe en tous vn ioyeux ſouuenir,

88.0 600.0 570.0 66.0 Et l’appetit d’y vouloir reuenir.

43.0 665.0 765.0 52.0 & principalęment lors qu’il nous ſouuient

43.0 697.0 765.0 65.0 du ciel & de l’air où nous auons premiere¬

43.0 752.0 766.0 62.0 ment reſpiré, & de la terre qui nous a re¬

43.0 798.0 766.0 67.0 ceus la premiere, ou de nos parens, & de

42.0 848.0 769.0 59.0 ceux auec qui nous auons eu cõmunauté &

43.0 894.0 768.0 66.0 conuenance de natiuité, de loix, de mœurs,

44.0 946.0 770.0 62.0 de couſtumes & de demourance. Il eſt

45.0 992.0 766.0 70.0 vray, ce dira quelcun, mais il aduient quel¬

48.0 1042.0 764.0 67.0 quefois que la patrie refue & eſt ſi mal diſ¬

45.0 1093.0 767.0 62.0 poſeede ſon ſens, qu’elle ne ſcait qu’elle fait:

43.0 1142.0 769.0 63.0 ainſi comme Platon a parlé de la ſiene: Et

44.0 1193.0 767.0 58.0 quelquefois meſmes elle eſt ſi tranſportee

44.0 1242.0 769.0 62.0 de fureur &de rage, qu’elle en deuient cruel¬

44.0 1291.0 767.0 65.0 le & ſauuage à l’encontre de ſes propres en¬

44.0 1343.0 770.0 62.0 fans. Il ſe faut donner de garde icy premie¬

45.0 1392.0 775.0 61.0 rement, de reietter la coulpe de la faute d’au

46.0 1442.0 774.0 64.0 truy ſur la patrie qui n’en peut mais. Il y a

46.0 1489.0 775.0 80.0 eu autrefois à Rome & ailleurs de cruels &

607.0 1553.0 86.0 73.0 (:) 3
