1023 1853
179.0 54.0 439.0 64.0 FRANCOISE.

729.0 60.0 29.0 60.0 125

21.0 123.0 768.0 59.0 Et de là vient, que nous liſons ſi ſouuent de¬

20.0 161.0 768.0 68.0 dans nos Hiſtoriens, Et ils l’eleurent, pour

21.0 207.0 770.0 68.0 eſtre en eſtat de Maire du Palais: Itẽ, Apres

21.0 256.0 769.0 70.0 le deces de Herchinold Maire du Palais: les

22.0 306.0 768.0 69.0 Frãçois eſtablirent Ebroin en l’eſtat de mai

20.0 355.0 769.0 71.0 ſtre & ſuperintendant en l’hoſtel du Roy.

21.0 406.0 765.0 68.0 Item: Ils eleurent Childeric Roy, & Vvol¬

20.0 455.0 767.0 74.0 fold Maire du Palais. Leſquels teſmoigna¬

23.0 506.0 769.0 69.0 ges peuuent meſmes ſeruir pour verifier ce

24.0 560.0 766.0 64.0 que nous auons dit au precedent chapitre, à

21.0 609.0 767.0 64.0 ſcauoir, que ce n’eſtoit point la couſtume,

23.0 655.0 768.0 67.0 que le Roy donnaſt les principaux Eſtats &

22.0 704.0 767.0 69.0 offices du Royaume à qui bõ luy ſembloit,

22.0 755.0 771.0 67.0 mais qu’ils eſtoyent departis par l’aduis des

22.0 805.0 770.0 66.0 Eſtats, aux plus feaux & mieux approuuez

23.0 851.0 771.0 72.0 perſonnages, qu’on ſceuſt choiſir. Mais il

23.0 903.0 771.0 70.0 en prit de ce magiſtrat-là, le meſme de ce

24.0 955.0 768.0 66.0 qui aduint lors que les Lacedæmoniens e¬

22.0 1001.0 772.0 70.0 ſtablirent Ageſilaus Capitaine en chef, ſur

23.0 1053.0 768.0 68.0 l'armee qu’ils enuoyerent en Aſie: & luy

23.0 1103.0 770.0 64.0 donnerent Lyſander pour ſon Lieutenant:

22.0 1150.0 774.0 67.0 ainſi comme Plutarque le recite en la vie de

25.0 1200.0 771.0 67.0 Lyſander. Car ne plus ne moins, dit-il, qu’il

21.0 1254.0 775.0 63.0 ſe fait, & qu’il aduient ſouuent, quand on

22.0 1300.0 772.0 69.0 ioue des tragœdies ſur vn eſchaffaut, que

22.0 1351.0 772.0 67.0 celuy qui iouera le perſonnage de quelque

22.0 1400.0 775.0 71.0 meſſager, ou de quelque ſeruiteur, ſera plus

22.0 1453.0 776.0 64.0 excellent ioueur, & qui ſe fera ouir entre

22.0 1500.0 772.0 75.0 tous les autres: & au contraire, celuy qui a le
