1023 1853
218 72 85 52 126

346 61 505 56 DE LA GAVLE

217 137 767 45 bandeau Royal à l'entour de la teſte, & le

217 163 766 68 ſceptre en la main, à peine l’ẽtend on parler:

219 212 763 68 ainſi eſtoit-il lors, car toute la dignité deuë

218 262 767 69 à celuy qui commande, eſtoit à l’entour du

217 310 766 70 conſeiller, & ne demeuroit au Roy, que le

217 362 765 66 nom de la Royauté ſeulemẽt, denué de tou¬

217 410 767 69 te puiſſance. Autant en prit-il en noſtre

220 462 763 66 Cour de France, où ceux qui auoyent ceſt e¬

216 511 767 67 ſtat icy, prindrẽt occaſion & moyen de s’ac¬

217 562 766 68 croiſtre & s’aggrandir de la laſcheté & non¬

217 610 768 69 chalãce de quelques Roys: au reng deſquels

218 661 765 66 on peut bien conter, Dagobert, Clouis ſe¬

218 708 766 69 cond, Clothaire, Childeric, & Thierry. Car

217 758 769 69 ceſt auteur de l’hiſtoire des François, qui

219 810 770 68 eſt allegué par Veneric de Vercelles, en

220 858 763 68 quelques endroits, toutefois ſans le nõmer,

220 908 766 68 eſcrit notamment, Que du temps du Regne

221 959 765 68 de Clothaire, pere de Dagobert, le Royau¬

221 1007 768 64 me de France commença à eſtre gouuerné

221 1058 771 68 & manié par ceux, qui portoyent le titre de

223 1104 768 70 Gouuerneurs ou Maires du Palais. Cela

222 1154 768 68 meſmes eſt certifié par Godef. de Viterbe

222 1206 768 66 en la 16.partie de ſa Chron. Parquoy cepen

222 1256 769 64 dant que ces Maiſtres du Palais auoyẽt tous

223 1304 768 63 les eſtats du Royaume en leur main, & tous

224 1354 767 67 les affaires de France en leur diſpoſition: &

225 1402 765 71 s’il falloit entreprẽdre & faire quelque guer

224 1455 766 66 re, c’eſtoit eux, qui en auoyent toute la con¬

225 1504 768 77 duite: les Roys cependant ſe tenoyent à la

837 1552 153 63 maiſon,
