1023 1853
171.0 66.0 441.0 49.0 FRANCOISE.

713.0 70.0 66.0 53.0 127

20.0 125.0 760.0 55.0 maiſon, ou ils ſe plõgeoyent en delices & oy

22.0 177.0 761.0 48.0 ſiueté, ſe contentans de porter le titre de

21.0 220.0 764.0 60.0 Roys ſeulement, deſpouillé de toute auto¬

20.0 272.0 763.0 55.0 rité. Ceſte pratique dura ſi long temps, que

25.0 320.0 760.0 53.0 Childeric regnant, qui fut le 18. Roy, & le

23.0 371.0 762.0 58.0 dernier de la poſterité de Merouee, Pepin

21.0 418.0 761.0 60.0 Maiſtre du Palais, qui venoit d’Alemaigne,

22.0 468.0 765.0 60.0 où il auoit conduit & acheué de groſſes &

22.0 517.0 765.0 59.0 longues guerres pouur le Roy, abbatu & mis

22.0 566.0 764.0 58.0 ſous ſes pieds la puiſſance des Saxons, ne re

22.0 613.0 765.0 58.0 fuſa point l’occaſion de ſe ſaiſir de la dignité

25.0 666.0 762.0 58.0 Royale, lors qu’elle luy fut preſentce, outre

23.0 716.0 763.0 61.0 ce qu’il venoit, ſuiuy & accompaigné d’vne

24.0 766.0 756.0 59.0 groſſe armee, & qui auoit le courage eleué,

24.0 815.0 762.0 60.0 pour les victoires qu’elle auoit gaignees.

23.0 866.0 763.0 55.0 Dequoy les teſmoignages s’en treuuentés

22.0 912.0 763.0 54.0 hiſtoires, & premierement dedans le chap.

23.0 961.0 763.0 59.0 12. de la 5. Chron. d’Otton Friſing. Et en la

23.0 1009.0 763.0 62.0 16. partie de celle de Godefroy de Viter. qui

21.0 1061.0 761.0 55.0 le ſuit mot à mot, où ils le recitent ainſi. A¬

22.0 1109.0 761.0 62.0 uant le temps, diſent-ils, de Pepin le Grãd,

22.0 1159.0 764.0 59.0 les Roys de France ne ſe meſloyẽt d’aucun

22.0 1207.0 761.0 61.0 maniement d’affaires, ny d’adminiſtration

22.0 1259.0 765.0 60.0 de gouuernement en façon quelconque, &

22.0 1310.0 763.0 56.0 ne tenoyent de la Royauté autre choſe, que

23.0 1354.0 762.0 57.0 le nõſeulemẽt: mais toute l’adminiſtration

22.0 1406.0 760.0 61.0 du Royaume eſtoit en la main des Maires

22.0 1453.0 763.0 64.0 du Palais. En meſme ſubſtance en parle Si¬

25.0 1501.0 761.0 75.0 gebert ſous l’an 662. où il fait mention de
