1023 1853
225.0 74.0 80.0 45.0 128

364.0 65.0 500.0 52.0 DE LA GAVLE

224.0 118.0 763.0 62.0 Lothaire fils de Clouis: Dés ce temps là,

227.0 162.0 764.0 65.0 les Roys de France commencerent à s’a¬

225.0 213.0 768.0 64.0 neantir & à laiſſer perdre par nonchalance

227.0 259.0 765.0 67.0 le ſens, la viuacité, & la hardieſſe, qu’ils ſou¬

228.0 310.0 766.0 65.0 loyent auoir: de ſorte, que toute l’authorité

228.0 359.0 764.0 64.0 du Royaume fut reduite ſous la puiſſance &

229.0 414.0 766.0 62.0 diſpoſition d’vn Maire du Palais: quant aux

230.0 462.0 763.0 66.0 Roys, ils ne ſeruoyẽt plus que d’idoles pour

229.0 509.0 765.0 68.0 amuſer le peuple, & à porter le titre de

231.0 561.0 761.0 64.0 Roys, mais de ſe meſler de choſe apparte¬

229.0 610.0 766.0 65.0 nant à leur eſtat, & d’auoir l’œil aux affaires,

230.0 658.0 767.0 64.0 ils ne s’en ſoucioyent plus. Mais combien

233.0 709.0 763.0 69.0 qu’il y ait quelque apparence de verité, en

232.0 759.0 764.0 65.0 ce qu’en diſent ces auteurs: toutefois ſi faut¬

231.0 806.0 767.0 67.0 il proceder en cela auec bon iugement, & ſe

232.0 856.0 766.0 66.0 donner garde de ſe laiſſer abuſer, en croyãt

233.0 905.0 764.0 68.0 à credit. Car Pepin & ſes enfans, eſtans no¬

232.0 955.0 767.0 69.0 toirement mal voulus & enuiez, pourautant

235.0 1006.0 762.0 65.0 qu’ils auoyẽt oſté le Royaume à Childeric,

235.0 1055.0 761.0 69.0 pour le faire tomber en leur maiſon: il n’y

234.0 1105.0 763.0 70.0 eut pas faute de gens ingenieux & diſerts,

234.0 1155.0 765.0 64.0 qui amplifierent ſi bien de paroles la pareſ¬

234.0 1203.0 766.0 68.0 ſe, & le peu de valeur du poure Childeric

234.0 1254.0 768.0 66.0 & des autres Roys precedens, qu’ils la firẽt

235.0 1304.0 767.0 67.0 trouuer encore plus grande & plus laide

236.0 1351.0 764.0 70.0 qu’elle n’eſtoit. Cõme fait Eguinard Chan¬

236.0 1400.0 765.0 71.0 cellier de Charlemaigne, lequel n’a rien

237.0 1452.0 765.0 65.0 oublié, pour faire trouuer ceſte cauſe bon

237.0 1501.0 764.0 75.0 ne, & gratifier à ſon maiſtre. Car voicy com

906.0 1550.0 100.0 57.0 me il
