1023 1853
25 130 773 41 me ilen eſcrit tout au commencement de

26 153 770 67 ſon liure: La race des Merouingiens, de la¬

29 203 767 67 quelle les Frãçois ſouloyẽt elire leurs Roys,

29 253 765 68 a duré ainſi que lon penſe, iuſques au Roy

31 304 767 65 Childeric, qui fut depoſé, tondu & mis en re

29 354 771 66 ligion par le cõmandement d’Eſtie. Pape de

30 401 769 66 Rome: & combien qu’on puiſſe dire, qu’elle

30 448 770 67 finit & fut eſteinte en luy: neantmoins il y a¬

32 500 771 67 uoit deſia long tẽps, qu’elle auoit perdu tou

33 553 770 63 te vigueur & vertu de maieſté Royale: & ſi

31 599 768 63 ne mõſtroit auoit rien de noble, ny de gene¬

33 647 768 64 reux, ains ſeulemẽt vne apparenée vaine, &

35 701 767 62 vn titre imaginaire de Roy, ſans aucune au¬

35 747 768 66 torité. Car toute la puiſſance, les forces &

35 796 767 67 l’adminiſtration du Royaume eſtoyent en¬

32 847 771 57 tierement entre les mains des Maires du Pa

33 895 767 63 lais:& ne ſe depeſchoit affaire d’importãce,

35 947 766 67 que ce ne fuſt par leur cõmandement:ne de¬

35 996 772 61 meurant rien de reſte au Roy, ſinõ de ſe con

35 1045 772 68 tẽter qu’on l’appellaſt Sire, & portãt les che

36 1096 772 64 ueux iuſques ſur les eſpaules & la barbe lon

37 1149 770 62 gue, tenir bõne mine, & cõtrefaire le Roy à

37 1196 764 60 bon eſciẽt: & d’ouir les Ambaſſades, qui ve¬

36 1246 771 64 noyent d’eſtrãge pays, & leur dõner telle re¬

39 1294 771 66 ſponſe, que le Maire luy enſeignoit ou meſ¬

39 1344 771 58 me cõmandoit, cõme ſi ce fuſt de ſon autori

39 1394 771 61 té: & au demeurãt, n’auoit riẽ en ſa puiſſance

39 1444 768 61 fors vn nõ de Roy, qui ne luy ſeruoit de riẽ,

39 1497 766 70 & vne petite pẽſion pour ſon entretenemẽt,

200 49 453 60 FRANCOISE.

721 63 71 46 129

664 1558 13 49 i
