1023 1853
224.0 41.0 64.0 56.0 130

351.0 32.0 493.0 61.0 DE LA GAVLE

221.0 102.0 768.0 51.0 que luy adminiſtroit le Gouuerneur du Pa¬

221.0 141.0 771.0 60.0 lais, ainſi cõme bon luy ſembloit: & ſi ne poſ

221.0 193.0 771.0 58.0 ſedoit de propre autre choſe qu’vne meſtai

220.0 240.0 771.0 62.0 rie aux chãps de bien peu de reuenu, dont il

220.0 292.0 770.0 59.0 entretenoit quelques domeſtiques & ſerui¬

221.0 343.0 770.0 59.0 teurs en petit nõbre. Sigeb. ayãt opinion que

223.0 393.0 764.0 58.0 tout ce qu’en auoit dit Eguinard fuſt vray,

222.0 440.0 770.0 61.0 ſous l’an 662. dit preſque tout autant de mal

222.0 491.0 768.0 56.0 des autres premiers Roys, qui auoyẽt regné

222.0 539.0 771.0 63.0 lõg tẽps au parauãt. Qu’ils regnoyẽt à raiſon

223.0 588.0 770.0 61.0 de l’anciene nobleſſe, de leur race: mais au

223.0 640.0 763.0 61.0 demeurãt de ſe meſler d’affaires, non: & n’a¬

225.0 693.0 766.0 58.0 uoyent autre ſoucy, que de faire bõne chere

224.0 739.0 769.0 59.0 manger & boire, en maniere de beſtes mues

227.0 788.0 767.0 62.0 qu’on engraiſſe, & ne bouger de la maiſon

226.0 836.0 768.0 62.0 tout le lõg du iour. Ouy, cõme ſi tous les au

225.0 888.0 766.0 60.0 tres anciens Roys s’eſtoyẽt ainſi anõchalis,

224.0 937.0 770.0 62.0 cõme entre autres vn Clouis I. lequel non

225.0 985.0 764.0 62.0 ſeulement deffit vn nõbre infiny d’Alemãs,

226.0 1035.0 767.0 61.0 qui ſenettoyent dedãs les Gaules, à la iour¬

225.0 1086.0 770.0 59.0 nee de Tolbiac: mais meſme chaſſa & exter

224.0 1137.0 772.0 59.0 mina de tout point de toutes les prouinces

225.0 1182.0 767.0 64.0 de la Gaule tout tant qu’il y eſtoit demeuré

226.0 1233.0 770.0 61.0 de Romaĩs. Et puis, que dirõs nous de Chil

226.0 1281.0 769.0 64.0 debert & de Cloth. qui nettoyerent la Pro¬

225.0 1332.0 772.0 60.0 uence & la Guienne de Vviſigoths & de O¬

225.0 1380.0 772.0 61.0 ſtrogoths, qui s’y eſtoyẽt habituez? En toute

226.0 1427.0 771.0 66.0 l’hiſtoire deſquels, il n’eſt fait tãt ſoit peu de

227.0 1479.0 769.0 71.0 mention de Maiſtre du Palais, ſinon à l’ad¬

845.0 1535.0 151.0 57.0 uenture
