1023 1853
188.0 42.0 447.0 56.0 FRANCOISE.

732.0 37.0 62.0 71.0 131

24.0 97.0 768.0 61.0 uenture en paſſant, & cõme de l’vn des offi¬

25.0 150.0 769.0 57.0 ces & depẽdans de la Courõne, cõme au 18.

24.0 197.0 770.0 63.0 ch.du 5. liu. de Greg. où il parle d’vn Guci¬

24.0 249.0 770.0 58.0 lius, & au liu.6.ch.9. & ch.45. & liu.7. chap.

27.0 298.0 767.0 59.0 29. Auſsi n’y auoit-il pas lors ſeulement des

24.0 346.0 767.0 59.0 Maires du Palais à la Cour, & à la ſuite des

26.0 398.0 770.0 58.0 Roys: mais auſsi au ſeruice des Roynes: car

28.0 448.0 769.0 58.0 Gre. au cha.17. du li.7. nomme vn Vvaddon,

28.0 497.0 769.0 54.0 qui eſtoit Grand maiſtre en la maiſon de la

29.0 546.0 766.0 59.0 Royne Rigunthe: & ailleurs ſouuent Greg.

27.0 596.0 774.0 57.0 & Aimoin. parlent des Maiſtres du Palais

29.0 644.0 772.0 60.0 & de la maiſon du Roy? Mais le credit & la

30.0 696.0 771.0 60.0 puiſſance de ceſt eſtat commença à s’agran¬

30.0 745.0 774.0 60.0 dir ſous le Roy Clothaire 2. qui fut enuiron

30.0 795.0 771.0 58.0 l’an 588. enuiron 130. ans apres, que le Roy¬

31.0 844.0 775.0 60.0 aume de la Gaule Françoiſe ſut eſtably: Ce

33.0 893.0 772.0 61.0 qu’on peut apprẽdre de l’hiſtoriẽ lequel Ve

35.0 945.0 771.0 59.0 neric allegue quelquefois. Il y a biẽ deux au¬

36.0 994.0 773.0 58.0 tres hiſtoriẽs, à ſauoir, Sigeb. & Tritem. qui

32.0 1045.0 774.0 60.0 rapportẽt le cõmencement de leur grãdeur

38.0 1096.0 769.0 56.0 au Regne de Clothaire 3. duquel le Maire

38.0 1143.0 768.0 61.0 eſt nommé Ebroin, hõme qui en meſchãce¬

38.0 1194.0 766.0 55.0 té & en cruauté ne cedoit à nul de ſon tẽps.

42.0 1244.0 767.0 52.0 Comment que ce ſoit, les Hiſtoriens les ap¬

41.0 1295.0 769.0 57.0 pellẽt encore de quelques autres noms que

41.0 1343.0 768.0 57.0 de Maires du Palais comme, Comtes de la

41.0 1390.0 768.0 60.0 maiſon du Roy, Gouuerneurs ou Superin¬

43.0 1440.0 718.0 66.0 tendans de l’hoſtel, & Comtes du Palais.

604.0 1495.0 82.0 59.0 i 2
