1023 1853
231.0 47.0 65.0 52.0 132

364 36 492 55 DE LA GAVLE

294 102 701 51 ¶ A ſcauoir, ſi Pepin fur fait Roy par l’au

360 142 634 54 torité du Pape, ou de l’aſſemblee

359 192 204 56 des Eſtats.

431 295 367 52 CHAP. XIII.

231 529 201 79 I

436 378 562 69 L a eſté dit cy deſſus, que Pepin

441 436 557 55 de Maiſtre du Palais, fut fait

444 483 554 65 Roy, ayant eſté demis Childe¬

442 533 556 58 ric, Roy ſtupide & hebeté, &

225 588 772 59 qu'en ceſtuy Childeric finit la race & mai¬

221 637 775 58 ſon des Roys deſcendus de Merouee: pour¬

222 683 777 65 tant eſt-il à l’auenture bien requis, de reſou¬

220 736 778 63 dre icy, par l’autorité de qui le Royaume fut

222 783 775 68 trauſporté à Pepin. Car voicy qu’en dit le

221 832 777 68 Pape Gelaſe, au chap. alius 15. quæſt.6. Vn

221 883 773 66 autre Pape de Rome, dit-il, à ſcauoir, Za¬

219 930 776 66 charie, demit vn Roy de France de la Roy¬

218 983 779 66 auté, non pas tant à raiſon de ſes iniquitez

218 1035 775 62 & maluerſations, que pource qu’il eſtoit in¬

218 1081 775 67 capable d’adminiſtrer vn ſi puiſſant Royau¬

217 1130 777 69 me, & ſubſtitua en ſa place Pepin, pere de

217 1181 776 66 l’Empereur Charles: diſpẽſant & acquittãt

217 1232 775 65 tous les Frãçois du ſermẽt de fidelité, qu’ils

217 1283 773 65 Iuy auoyent preſté. Si n’y a preſque auteur,

217 1333 773 66 qui n’approuue ce teſmoignage, que le Pape

216 1385 774 63 rend de ſoy-meſme, & qui ne s’y accorde:

216 1429 771 65 comme Ado, Lambert, Rhegino, Sigebert,

216 1480 770 75 Aimois & Landulphe. Et outre ceux-là, en¬

889.0 1541.0 96.0 50.0 core
