1023 1853
189.0 66.0 439.0 56.0 FRANCOISE.

737.0 77.0 31.0 53.0 133

18.0 146.0 763.0 45.0 core Veneric de Vercelles, en ce liure que

17.0 179.0 763.0 59.0 nous auons allegué cy deſſus, cotte ces

18.0 224.0 761.0 66.0 mots, qu’il a tirez d’vne Epiſtre du Pape

21.0 272.0 760.0 67.0 Greg.7. à Herman Eueſque de Mets. Quel¬

22.0 323.0 759.0 69.0 que Pape de Rome, dit-il, de poſa de la di¬

20.0 378.0 765.0 63.0 guité Royale vn Roy de France, non tant

19.0 423.0 762.0 63.0 pour le merite de ſes iniuſtices, comme à

18.0 472.0 761.0 69.0 raiſon de ce qu’il n’eſtoit ny propre, ny ſuf¬

18.0 520.0 763.0 72.0 fiſant à gouuerner vn ſi grand Eſtat: & ſub¬

19.0 570.0 761.0 70.0 rogea en ſa place Pepin, abſolut & deſchar¬

20.0 624.0 765.0 64.0 gea tout le peuple de France de la promeſſe

20.0 672.0 767.0 65.0 & obligation de fidelité, qu’il auoit iuree de

20.0 721.0 768.0 70.0 luy garder. Voila ce que ceſtuy-là en dit. Et

22.0 774.0 763.0 57.0 Otton Friſing. mentionnant cela meſme,

21.0 820.0 767.0 66.0 au chapitre vingt & troiſ. du 5. liu & Godef.

21.0 870.0 767.0 67.0 de Viterb, en la 17. partie de ſa Chron. ſe

21.0 927.0 767.0 53.0 mettent à faire vne grande exclamation:

27.0 969.0 761.0 70.0 Voila diſent-ils, le fait, duquel les Papes de

22.0 1022.0 765.0 67.0 Rome ont tiré l’exemple & l’autorité de

21.0 1072.0 766.0 67.0 tranſporter les Royaumes. Mais prenons

22.0 1120.0 764.0 69.0 garde vn peu, ſi la verité de ceſte hiſtoire

20.0 1172.0 772.0 59.0 n’eſt point aucunement douteuſe, ou bien

20.0 1218.0 770.0 68.0 falſifiee. Car premieremẽt de tous les Roys

22.0 1271.0 768.0 63.0 de France, qui furent iamais eleus, ou de¬

24.0 1317.0 766.0 70.0 poſez: c’eſt bien vne choſe hors de doute,

25.0 1371.0 768.0 65.0 qu’il n’y en a eu pas vn, qui ait eſté creé ou

24.0 1420.0 770.0 68.0 demis par l’autorité du Pape: ains au con¬

24.0 1471.0 774.0 56.0 traire (comme nous auons monſtré,) tout

24.0 1515.0 772.0 86.0 ce droit & ceſte puiſſance d’elire ou d’oſter

593.0 1575.0 73.0 51.0 i 3
