1023 1853
213.0 107.0 67.0 42.0 134

351.0 86.0 494.0 52.0 DE LA GAVLE

208.0 151.0 763.0 53.0 les Roys, eſtoit en la diſpoſition des Eſtats:

208.0 189.0 767.0 61.0 de ſorte, que ce ſeroit bien vne choſe eſtran

212.0 243.0 764.0 63.0 ge & incroyable, que les François, euſſent

208.0 291.0 766.0 64.0 negligé leur droit, à l’endroit de ceſtuy cy

208.0 339.0 769.0 55.0 ſeulement. Mais qu’eſt-il beſoin de tant di¬

209.0 387.0 767.0 64.0 ſputer? Voila Veneric de Vercelles, qui pro

209.0 441.0 765.0 60.0 duit le teſmoignage expres d’vn anciẽ hiſto

210.0 488.0 764.0 64.0 rien, qui auoit eſcrit des geſtes des Frãçois:

212.0 540.0 762.0 61.0 par lequel tout ce beau conte icy eſt con¬

210.0 588.0 767.0 60.0 uaincu de fauſſeté & de menſonge: & eſt af¬

208.0 639.0 771.0 61.0 fermé en propres termes que Childeric fut

210.0 685.0 767.0 59.0 demis de la Royauté, & Pepin inſtallé en

209.0 736.0 766.0 59.0 ſon lieu : ſuyuant l’anciene couſtume des

209.0 785.0 767.0 63.0 François: c’eſt à dire en l’aſſemblee ſolennel

208.0 835.0 767.0 65.0 le du peuple: à laquelle ſeule, nous auons

208.0 888.0 767.0 59.0 declaré appartenir celle puiſſance & auto¬

207.0 933.0 770.0 63.0 rité. Mais voicy ce qu’en dit ceſt hiſtorien

207.0 984.0 769.0 63.0 la meſmes, à ſcauoir,, Que la copie de la re¬

208.0 1038.0 768.0 57.0 ſolution du Parlement des Eſtats, & du con

207.0 1086.0 767.0 59.0 ſentement de tout le peuple de France, fut

208.0 1136.0 771.0 60.0 enuoyee au ſiege Apoſtolic: & qu’apres en

208.0 1183.0 766.0 60.0 auoir entendu ſon aduis & autorité, Pepin

209.0 1232.0 770.0 64.0 par l’e lection de tout le peuple de Frãce, fut

208.0 1281.0 771.0 63.0 eſtably ſur le ſiege du Royaume, auec la cõ¬

208.0 1334.0 773.0 60.0 ſecratiõ des Eueſques, & l’homage des Prin

208.0 1382.0 769.0 63.0 ces. Deſquelles paroles, il appert aſſez, que

209.0 1431.0 764.0 63.0 Pepin fut eleu & ſacré, non point par le Pa¬

211.0 1482.0 763.0 65.0 pe, mais par le peuple meſme, & par les E¬

209.0 1531.0 766.0 71.0 ſtats du Royrume. Ce que Ven. expoſe en¬

887.0 1593.0 90.0 62.0 core
