1023 1853
245.0 109.0 763.0 47.0 barbares tyrans, qui traitoyent cruellement

245.0 143.0 762.0 64.0 non ſeulement les gens de bien, mais meſ¬

244.0 194.0 763.0 63.0 mes ceux qui auoyent fait beaucoup de

242.0 240.0 764.0 65.0 bons ſeruices à la choſe publique. Les hi¬

241.0 291.0 764.0 65.0 ſtoires font mention de la cruauté ſangui¬

241.0 342.0 763.0 62.0 naire de l’Empereur Macrinus, lequel, com¬

241.0 391.0 764.0 61.0 me dit Iules Capitolin, en fut appellé Ma¬

240.0 442.0 765.0 60.0 cellinus, comme qui diroit, le Bouchier: à

237.0 490.0 768.0 65.0 cauſe que ſa maiſon reſſembloit propremẽt

237.0 539.0 767.0 65.0 à vne boucherie toute rouge & trempee du

237.0 586.0 765.0 65.0 ſang des beſtes, pour le grand nombre de

239.0 641.0 762.0 63.0 perſonnes qu’ony maſſacroit tous les iours.

236.0 690.0 765.0 61.0 Il y en a encores pluſieurs autres renommez

237.0 737.0 763.0 65.0 par les hiſtoires, & auſquels pour leur inſi¬

236.0 788.0 765.0 65.0 gne cruauté furent impoſez diuers noms car

233.0 836.0 768.0 63.0 ainſi que dit le meſme Capitolin, l’vn en fut

233.0 885.0 768.0 64.0 ſurnommé Cyclops, l’autre Buſiris, l’autre

232.0 934.0 768.0 64.0 Sciron, l’autre Typhon, l’autre Gyges: Prin¬

232.0 987.0 770.0 62.0 ces malheureux & mal aduiſez qui auoyent

232.0 1036.0 768.0 62.0 opinion qu’il n’y auoit meilleur moyen de

232.0 1086.0 769.0 61.0 retenir les reſnes du gouuernement des

233.0 1134.0 768.0 62.0 Royaumes & Empires, que par cruauté &

231.0 1182.0 769.0 64.0 inhumanité. Mais pour lors falloit il, que

232.0 1233.0 770.0 64.0 les bons & vertueux, perſonnages miſſent

232.0 1283.0 767.0 60.0 en arriere tout ſoin & quittaſſent toute ſoli¬

232.0 1331.0 768.0 63.0 citude de leur patrie? Ains pluſtoſt n’eſtoit

232.0 1383.0 769.0 62.0 ce pas lors le temps propre, & la vraye occa

232.0 1431.0 768.0 61.0 ſionde la ſecourir comme leur mere miſera

231.0 1477.0 771.0 72.0 blement oppreſſee, & demandant aide &

849.0 1535.0 151.0 66.0 confort
