1023 1853
174.0 68.0 475.0 55.0 FRANCOISE.

736.0 58.0 53.0 59.0 135

32.0 145.0 762.0 45.0 core plus clairement vn peu au parauãt ſuy¬

31.0 169.0 766.0 67.0 uãt l’autorité du meſme hiſtoriẽ, quãd il dit:

36.0 214.0 760.0 77.0 Que Pepin, Maire du Palais, duquel depen¬

35.0 266.0 765.0 65.0 doit l’entiere adminiſtration des affaires du

36.0 316.0 765.0 74.0 Royaume, fut eleu Roy, apres auoir ſur ce

36.0 367.0 766.0 69.0 enquis l’aduis du Pape: pourautãt qu’il ſem¬

38.0 417.0 765.0 69.0 bloit, que c’eſtoit choſe neceſſaire, que le

40.0 465.0 761.0 69.0 conſentement & autorité du Pape y entre¬

42.0 513.0 760.0 71.0 uinſt: Et vn peu apres il adiouſte: Que le Pa¬

43.0 562.0 760.0 77.0 pe Zacharie iugeant, que la demande des

44.0 614.0 757.0 66.0 Ambaſſadeurs eſtoit raiſonnable & vtile, y

44.0 668.0 760.0 65.0 conſentit, & Pepin ſut creé Roy par la com¬

44.0 713.0 765.0 70.0 mune voix & ſuffrage des Princes. Et preſ¬

46.0 763.0 763.0 68.0 que de meſine en eſcrit Adon en l’aage 6.

47.0 812.0 765.0 71.0 ſous l’an 727. On enuoya, dit-il, des ambaſ¬

48.0 862.0 763.0 70.0 ſadeurs vers le Pape Zacharie pour l’inter¬

49.0 914.0 763.0 68.0 roguer, ſi les Roys de France deuoyent de¬

51.0 966.0 766.0 62.0 meurer ainſi, attendu qu’ils n’auoyent nulle

51.0 1011.0 765.0 66.0 autorité ne puiſſance, ſe contentans de por¬

52.0 1061.0 759.0 69.0 ter le titre de Roy. Auſquels il fit reſponſe,

55.0 1108.0 764.0 71.0 Que celuy-là eſtoit plus digne d’eſtre decla¬

53.0 1160.0 767.0 71.0 ré Roy, qui regiſſoit la Repub. Retournez

56.0 1208.0 766.0 72.0 que furẽt les Ambaſſadeurs, les Frãçois de¬

57.0 1257.0 764.0 74.0 poſerent Child. qui portoit le nõ de Roy, &

56.0 1306.0 769.0 73.0 cleurent Pepin ſuyuãt la reſpõſe des Ambaſ

57.0 1356.0 767.0 71.0 ſadeurs, & du Pape Zach. Outre les prece¬

57.0 1408.0 769.0 71.0 dẽs teſmoignages, il y a encore celuy d’Aim.

59.0 1458.0 770.0 68.0 au 4.li.ch 61. Ceſte annee-là Pepin fut decla

60.0 1505.0 769.0 101.0 rè Roy de Frãce: & ſuyuant la couſtume des

633.0 1575.0 71.0 52.0 i 4
