1023 1853
210 61 68 44 136

335 54 496 62 DE LA GAVLE

199 114 763 68 François fut eleué au ſiege du Royaume, en

199 162 770 64 la cité des Soiſſons. & Godef. de Viter, en la

199 213 769 58 17. part. chap.4 de ſa Chro. Pepin, dit-il, fut

197 263 767 62 fait Roy de Frãce, par l’election des Frãçois

197 312 768 62 & par le Pape Zacharie: & les Frãçois cõfi¬

196 363 769 63 nerent en vn monaſtere Child. Roy faineãt.

195 411 772 61 Et preſque ſemblables choſes en ont eſcrit

196 459 772 66 Sigeb. ſous l’an 752. les auteurs de l’hiſt. meſ

195 512 774 61 lee liu.22.Ot. Friſ.li.5.ch.21.22.23. & l’auteur

194 561 772 61 du liure, qui ſe nõme Faſc. tẽporũ. Leſquels

194 611 767 65 tous enſemble font euidemmẽt cognoiſtre,

197 663 766 61 Que ſi les François eleurent Pepin, apres en

190 711 774 62 auoir demãdé aduis au Pape, pource ne s’en

191 761 771 59 ſuit pas neceſſairemẽt, qu’il ait eſté creé par

191 811 771 56 le cõmandement & autorité du Pape. Car

191 860 770 59 c’eſt autre choſe d’elire vn Roy, & autre cho

190 908 773 58 ſe de dõner cõſeil de l’elire: & ce ſont choſes

189 958 773 60 differẽtes, que d’auoir droit d’electiõ, & d’a

189 1011 772 58 uoir droit & puiſſance de dõner cõſeil. Cõ¬

187 1059 772 54 bien qu’en telles matieres nul n’a autorité

187 1108 776 61 de dõner cõſeil, ſinon celuy à qui on le demã

189 1157 773 63 de. Brief il n’y a point d’auteur, qui declare

190 1209 772 60 plus nettement cecy, ne qui le donne mieux

186 1256 774 62 à entendre, qu’vn Marſille de Padouë, qui à

185 1305 776 64 eſcrit vn liure de la trãſiation & chãgement

186 1356 775 63 de l’Empire, au tẽps de l’Emper. Loys de Ba

186 1406 769 60 uiere, où il en parle ainſi au 6 chap. On lit és

184 1453 775 66 hiſtoires, que Pepin fils de Charles Mar¬

185 1506 766 71 tel, perſonnage excellent au fait des armes,

883 1557 72 53 fut
