1023 1853
26 137 776 43 fut auancé & eleué à la dignité Royale de

28 170 772 55 France par le moyen du Pape Zacharie.

26 217 775 59 Mais Aimoin. lequel en l’hiſtoire des Ge¬

26 271 773 54 ſtes des François en eſcrit bien au vray,

25 318 778 60 dit que Pepin fut legitimement eleu Roy par

25 366 779 63 les François, puis approuué & inſtallé par

25 416 777 60 les Seigneurs du Royaume: mais que Chil¬

25 464 779 65 deric, qui ſous vn titre & image de Roy s’al¬

25 515 780 59 loit aneantiſſant en oyſiueté &en delices, fut

24 567 779 57 tondu, & rendu moine. Pourtant ne fut ce

26 616 776 60 pas Zacharie qui le demit, mais qui conſen¬

24 666 776 58 tit à ceux qui le demirent (ainſi comme di¬

22 714 781 58 ſent quelques vns). Car vne telle depoſition

24 764 774 60 d’vn Roy, & l’election d’vn autre, pour cau¬

22 812 779 60 ſe iuſte & raiſonnable, n’eſt point vn faict

24 863 775 60 qui appartiene à la cognoiſſance d’vn Eueſ¬

25 916 769 57 que ſeulement, ou de quelque preſtre, ny

23 962 777 61 meſmes de tout vn college & aſſemblee de

24 1011 773 63 preſtres: mais de toute vne multitude & cõ¬

23 1062 777 62 munauté generale de citoyens ou de nobles

21 1113 776 57 habitans en vn pays, & ayans vne plus gran¬

22 1161 775 64 de autorité & puiſſance. Ie croy qu’vn cha¬

22 1217 776 53 cun peut voir maintenant clairement, que

22 1262 780 58 tout ce que les Papes font à croire du droict

26 1312 771 59 qu’ils ont d’elire ou de depoſer les Roys,

21 1360 778 61 n’eſt autre choſe qu’vn conte fait à poſte; &

25 1410 774 59 qui monſtre bien la ſaincteté & la bonne

21 1461 779 58 conſcience qu’ils ont: mais il y a encore vne

20 1508 779 75 fort plaiſante Epiſtre du Pape Eſtienne à

187 61 457 56 FRANCOISE.

742 72 55 48 137

545 1571 82 56 i 5
