1023 1853
221 72 67 51 138

216 140 761 43 propos de ceſte fable: laqueſle ie mettray

215 172 766 60 icy par ce qu’elle vaut le lire, & qu’on peut

213 222 768 59 iuger par, là de la ſottiſe & niaiſerie de ce

215 272 765 57 maiſtre impoſteur. On la trouue dedans la

217 317 763 63 Chronique de Rhegino, en ſon viuant moi¬

216 368 762 61 ne de l’ordre S. Benoiſt, & Abbé de Prunay,

216 420 765 56 teſmoin digne d’eſtre creu en telle matiere:

215 468 769 60 ſous l’annee 753. & la teneur en eſt telle: ES¬

226 517 755 62 TIENNE Eueſque, ſeruiteur des ſerui¬

217 567 769 59 teurs de Dieu. Ainſi comme nul ne ſe doit

219 618 764 59 vanter de ſes merites, ainſi ne doyuent les

217 667 768 60 œuures de Dieu, qui ſe font en quelcũ par

217 716 766 61 Ie moyen de ſes ſaincts, ſans ſes merites, e¬

217 764 774 62 ſtre teuës & enſeuelies ſous ſilence, ains pluſ

216 815 768 67 toſt eſtre publiees, ainſi que l’Ange admo¬

215 870 767 57 neſte Tobie. Par ainſi moy contraint par

216 915 769 62 I’oppreſsion de la Saincte Egliſe perſecutee

218 964 766 64 par Haiſtolphe Roy treſcruel, blaſphema¬

216 1017 767 57 teur, & indigne d’eſtre nommé, ie me reti¬

216 1061 768 65 ray en France, vers le Roy treſchreſtiẽ & fi¬

216 1114 774 59 dele ſeruiteur de ſainct Pierre, le Roy Pepin

216 1161 773 65 là où ie fus malade iuſques à la mort, & de¬

216 1214 774 63 meuray quelque temps pres de Paris en la

217 1262 773 54 venerable Abbaye du martyr ſainct Denys.

216 1311 774 63 Et ainſi comme les medecins deſeſperoyent

216 1359 773 65 deſia de ma vie, ie fus mis & poſé en l’egliſe

214 1407 775 67 dudit benoiſt Martyr au deſſous des clo¬

215 1460 774 65 ches, comme pour faire oraiſon: Et ie vi de¬

216 1512 777 79 uant l’autel, monſieur S. Pierre & le maiſtre

350 65 504 56 DE LA GAVLE

916 1554 73 59 des
