1023 1853
161.0 88.0 446.0 48.0 FRANCOISE.

736.0 89.0 57.0 52.0 139

36.0 149.0 761.0 45.0 des Gentils, monſieur S. Paul & les recognu

37.0 181.0 759.0 66.0 viſiblement à leurs ſurpelis: & au meſme in¬

37.0 226.0 763.0 68.0 ſtant ie vi auſsi à la main droite de S. Pierre,

37.0 278.0 764.0 67.0 monſieur S. Denys, qui eſtoit plus greſle &

39.0 325.0 760.0 75.0 plus long que les autres: Et lors ſe prit à di¬

36.0 379.0 768.0 65.0 re le bon paſteur S. Pierre: Ceſtuy noſtre fre

36.0 427.0 765.0 63.0 re demande ſanté: & S. Paul dit, Il ſera main¬

37.0 477.0 765.0 69.0 tenant guary, & s’approchant de monſieur

39.0 527.0 769.0 66.0 ſainct Denys, luy mit la main ſur l’eſtomac

39.0 576.0 768.0 62.0 fort amiablement, & S. Pierre, dit à ſainct

42.0 627.0 766.0 69.0 Denys, d’vne face alaigre: Ta grace eſt

41.0 677.0 765.0 63.0 ſa ſanté. Et ſur le champ monſieur S. Denys

42.0 725.0 763.0 67.0 prenant vn encenſoir & vne branche de pal¬

42.0 779.0 766.0 59.0 me en ſa main, s’en vint vers moy auec vn

42.0 823.0 764.0 69.0 preſtre & vn diacre, qui eſtoyent là aupres,

42.0 883.0 764.0 56.0 & me dit: Paix te ſoit frere, ne crain point:

44.0 926.0 764.0 63.0 tu ne mourras point iuſques à ce que tu ſois

42.0 977.0 767.0 62.0 retourné en ton ſiege en bonne proſperité:

43.0 1023.0 764.0 66.0 leue toy ſain, & dedie ceſt autel icy en l’hon¬

44.0 1075.0 766.0 60.0 neur de Dieu & des Apoſtres S.Pierre & S.

45.0 1123.0 767.0 64.0 Paul, y celebrant meſſes d’actions de graces

44.0 1171.0 769.0 67.0 &tout ſoudain ie recouuray ma ſanté: & vou

45.0 1222.0 770.0 68.0 loye mettre à execution ce qui m’auoit eſté

45.0 1274.0 770.0 60.0 commandé: mais ceux qui eſtoyent là me

45.0 1323.0 770.0 63.0 diſoyent, que ie reſuoye. Partant ie con¬

45.0 1371.0 771.0 67.0 tay au Roy de poinct en poinct commẽt i’a¬

48.0 1416.0 771.0 72.0 uoye eſté guary, & i’accomply tout ce qui

48.0 1471.0 772.0 62.0 m’auoit eſté preſenté en viſiõ. Cecy aduint

48.0 1518.0 765.0 80.0 l’an de l’incarnation du Seigneur 753. le 13
