1023 1853
205.0 75.0 80.0 65.0 140

339.0 68.0 499.0 55.0 DE LA GAVLE

199.0 131.0 770.0 62.0 iour du mois d’Aouſt, auquel eſtant fortifié

202.0 177.0 768.0 64.0 par la vertu de Ieſus Chriſt, entre la celebra

199.0 223.0 769.0 68.0 tion de la dedicace du ſuſdit autel & l’obla¬

200.0 276.0 768.0 64.0 tion du ſacrifice i’oigny &ſacray pour Roys

201.0 322.0 769.0 69.0 Pepin Roy de France, & ſes deux fils Char¬

198.0 374.0 771.0 64.0 lés & Caroloman. Il conſacra auſsi au nom

201.0 426.0 768.0 64.0 de Dieu, Berthe la femme de Pepin ornee

199.0 476.0 768.0 64.0 & paree des accouſtremens Royaux: & par

198.0 522.0 766.0 65.0 la benediction Apoſtolique il benit & ſan¬

198.0 572.0 768.0 67.0 ctifia tous les Princes & Barons: en les obli¬

200.0 626.0 767.0 62.0 geant & adiurant par l’autorité de S. Pierre

198.0 673.0 766.0 65.0 à luy donnee par Ieſus Chriſt, qu’ils ne pre¬

197.0 726.0 770.0 60.0 ſumaſſent iamais, ny eux, ny les leurs apres

198.0 774.0 768.0 61.0 eux au temps à venir, d’eſtablir Roy ſur eux

199.0 824.0 602.0 66.0 d’autre race que de celle de Pepin.

255.0 949.0 709.0 37.0 ¶ Du Coneſtable & des Pairs de France.

203.0 1312.0 229.0 68.0 O

355.0 1017.0 450.0 70.0 ᑕHᗅP.  XIIII

462.0 1116.0 507.0 65.0 Vtre I’Eſtat &dignité de Mai

451.0 1168.0 517.0 64.0 ſtre du Palais, de laquelle

452.0 1222.0 513.0 58.0 nous venons de parler, il y a¬

453.0 1270.0 516.0 59.0 uoit encore vn autre office à

451.0 1321.0 514.0 57.0 la Cour, auquel il faut don¬

201.0 1368.0 770.0 63.0 ner lieu icy, à raiſon de ce que l’Eſtat de Mai

201.0 1419.0 766.0 60.0 re venant à eſtre comme enſeuely & ſupplã¬

201.0 1470.0 768.0 60.0 te, de la memoire de nos anceſtres, ceſtuy¬

201.0 1518.0 770.0 75.0 cy fucceda en ſa place, comme il ſemble, &

904.0 1572.0 69.0 56.0 eut
