1023 1853
165.0 38.0 458.0 53.0 FRANCOISE.

729.0 48.0 67.0 51.0 141

26.0 108.0 774.0 43.0 eut la vogue en ſon reng. C’eſtoit l’Eſtat des

28.0 133.0 772.0 66.0 Comtes de l’Eſtable, c’eſt à dire des ſuperin

25.0 187.0 776.0 63.0 tendans de ceux qui auoyent charge del Eſ¬

25.0 237.0 775.0 65.0 cuyrie du Roy, qu’on appella depuis Come¬

23.0 287.0 776.0 61.0 ſtables, & finablement Coneſtables par v¬

24.0 336.0 776.0 64.0 ne corruption de langage. Or pour ſcauoir

25.0 385.0 775.0 64.0 que c’eſtoit, faut entendre que ce mot de

30.0 435.0 768.0 61.0 Comte n’eſtoit pas vn titre de principauté,

27.0 481.0 773.0 69.0 comme il eſt auiourd’huy, mais qu’on nom¬

25.0 533.0 775.0 65.0 moit ainſi tous ceux qui auoyent quelques

25.0 581.0 775.0 67.0 Eſtats aupres du Roy, & dont il ſe ſeruoit

25.0 634.0 776.0 63.0 tant pour le gouuernement des prouinces

28.0 682.0 775.0 66.0 que pour le fait de la iuſtice, & eſtoyẽt ainſi

25.0 732.0 777.0 66.0 appellez à raiſon de ce que, par maniere de

26.0 783.0 775.0 62.0 dire, ils ſecondoyent & aidoyent le Roy, cha

25.0 829.0 776.0 66.0 eun en ſon endroict à ſouſtenir le faix de

25.0 880.0 775.0 65.0 l’adminiſtration publique. Et ſemble bien

26.0 932.0 771.0 61.0 que les anciens n’ont point refuy ceſte cou¬

26.0 981.0 774.0 62.0 ſtume & forme de parler: car meſme Cice¬

25.0 1031.0 775.0 65.0 ron en pluſieurs endroicts appelle preſque

26.0 1079.0 775.0 64.0 en ce ſens-la le Philoſophe Calliſthenes

27.0 1128.0 775.0 66.0 Comte d’Alexandre le Grand, pource qu’il

25.0 1179.0 775.0 64.0 eſtoit ordinairement à ſa ſuite & aupres de

25.0 1227.0 775.0 69.0 ſa perſonne. Quant au Comte d’Eſtable, il

26.0 1280.0 769.0 63.0 auoit preſque vn meſme office que celuy

27.0 1329.0 773.0 67.0 que les Romains appelloyent le Chef ou ge

26.0 1376.0 771.0 66.0 neral de la Cheualerie: car il auoit la ſuper¬

24.0 1426.0 773.0 67.0 intendance ſur les compagnies des gens de

25.0 1479.0 771.0 65.0 cheual: & ſur ceux qui auoyent la charge des
