1023 1853
220.0 31.0 67.0 48.0 142

378.0 19.0 494.0 66.0 DE LA GAVLE

215.0 87.0 763.0 59.0 cheuaux du Roy, que nous appellons com¬

212.0 133.0 769.0 59.0 munement Eſcuyers. Il eſt fait mention de

214.0 183.0 768.0 59.0 ces Comtes d’Eſtable dedans Gregoire de

217.0 230.0 763.0 62.0 Tours, au chap.39. du 5.liure. Le Threſorier

214.0 280.0 766.0 61.0 dit-il, de Clouis, fut repris par Cupanes Cõ

213.0 330.0 768.0 60.0 te d’Eſtable qui le ramena de Bourges, &

213.0 379.0 767.0 60.0 l’enuoya lié & garotté à la Royne. Et au ch.

215.0 429.0 765.0 62.0 47. où il parle d’vn Leudaſte: Elle le recueil¬

213.0 480.0 767.0 59.0 lant volontiers, dit-il, le retint à ſon ſeruice,

212.0 528.0 772.0 58.0 & luy donna l’Eſtat, de la charge de ſon Eſ¬

212.0 579.0 772.0 61.0 cuyrie. Depuis eſtant ſurpris de vanité &

213.0 630.0 770.0 59.0 d’arrogance, il brigua l’office de Comte des

213.0 677.0 770.0 59.0 Eſtables: mais dés qu’il en fut prouueu, il ne

213.0 728.0 769.0 60.0 tint plus conte de perſonne au prix de ſoy.

213.0 776.0 771.0 61.0 Par où il appert que la charge de l’Eſcuyrie

212.0 826.0 772.0 64.0 eſtoit vn eſtat honorable, mais que la comté

213.0 875.0 772.0 57.0 des Eſtables eſtoit vn office de plus haute

213.0 928.0 771.0 60.0 dignité. Ce que nous pouuons auſsi retirer

213.0 976.0 770.0 58.0 d’Aimoin. au cha.43. du liu.3. où il parle de

214.0 1024.0 772.0 61.0 ce meſme Leudaſte: Apres qu’il ſe fut in¬

212.0 1071.0 771.0 65.0 ſinué en la familiaritè de la Royne, il fut

217.0 1122.0 765.0 61.0 prouueu de l’Eſtat de grand Eſcuyer. De¬

215.0 1175.0 772.0 59.0 puis ayant tant fait par ſes mences qu’il eut

215.0 1221.0 771.0 63.0 l'eſtat de la Gomté des Eſtables & ſuperin¬

214.0 1273.0 773.0 61.0 tendance ſur tous les autres Eſcuyers, apres

214.0 1322.0 772.0 62.0 la mort de la Royne, il obtint encore de

216.0 1369.0 770.0 63.0 Cherebert la Comté de Tours Et au ch.70.

217.0 1419.0 772.0 66.0 Leudegiſile, dit il, ſuperintendant ſur l’Eſ¬

216.0 1473.0 769.0 71.0 cuyerie du Roy, qu’on appelle commune¬

879.0 1524.0 107.0 53.0 ment
