<?xml version="1.0" encoding="UTF-8"?>
<alto xmlns:xsi="http://www.w3.org/2001/XMLSchema-instance"
      xmlns="http://www.loc.gov/standards/alto/ns-v4#"
      xsi:schemaLocation="http://www.loc.gov/standards/alto/ns-v4# http://www.loc.gov/standards/alto/v4/alto-4-2.xsd">
  <Description>
    <MeasurementUnit>pixel</MeasurementUnit>
    <sourceImageInformation>
      <fileName>168_72b1d_default.jpg</fileName>
      <fileIdentifier>mets//0_4c28e_default.zip/168_72b1d_default.jpg</fileIdentifier>
    </sourceImageInformation>
  </Description>
  <Tags>
    <OtherTag ID="BT7" LABEL="CustomZone" DESCRIPTION="block type CustomZone"/><OtherTag ID="BT8" LABEL="DamageZone" DESCRIPTION="block type DamageZone"/><OtherTag ID="BT9" LABEL="DigitizationArtefactZone" DESCRIPTION="block type DigitizationArtefactZone"/><OtherTag ID="BT10" LABEL="DropCapitalZone" DESCRIPTION="block type DropCapitalZone"/><OtherTag ID="BT11" LABEL="GraphicZone" DESCRIPTION="block type GraphicZone"/><OtherTag ID="BT12" LABEL="MainZone" DESCRIPTION="block type MainZone"/><OtherTag ID="BT13" LABEL="MarginTextZone" DESCRIPTION="block type MarginTextZone"/><OtherTag ID="BT14" LABEL="MusicZone" DESCRIPTION="block type MusicZone"/><OtherTag ID="BT15" LABEL="NumberingZone" DESCRIPTION="block type NumberingZone"/><OtherTag ID="BT17" LABEL="QuireMarksZone" DESCRIPTION="block type QuireMarksZone"/><OtherTag ID="BT18" LABEL="RunningTitleZone" DESCRIPTION="block type RunningTitleZone"/><OtherTag ID="BT19" LABEL="SealZone" DESCRIPTION="block type SealZone"/><OtherTag ID="BT20" LABEL="StampZone" DESCRIPTION="block type StampZone"/><OtherTag ID="BT21" LABEL="TableZone" DESCRIPTION="block type TableZone"/><OtherTag ID="BT22" LABEL="TitlePageZone" DESCRIPTION="block type TitlePageZone"/><OtherTag ID="BT100001" LABEL="MainZone-Head" DESCRIPTION="block type MainZone-Head"/><OtherTag ID="BT100005" LABEL="MainZone-P" DESCRIPTION="block type MainZone-P"/><OtherTag ID="BT100006" LABEL="MainZone-Continued" DESCRIPTION="block type MainZone-Continued"/><OtherTag ID="BT100002" LABEL="MainZone-Lg" DESCRIPTION="block type MainZone-Lg"/><OtherTag ID="BT100007" LABEL="MarginTextZone-ManuscriptAddendum" DESCRIPTION="block type MarginTextZone-ManuscriptAddendum"/><OtherTag ID="BT100003" LABEL="MainZone-Signature" DESCRIPTION="block type MainZone-Signature"/><OtherTag ID="BT100012" LABEL="TitlePageZone-Index" DESCRIPTION="block type TitlePageZone-Index"/>
    <OtherTag ID="LT7" LABEL="CustomLine" DESCRIPTION="line type CustomLine"/><OtherTag ID="LT8" LABEL="DefaultLine" DESCRIPTION="line type DefaultLine"/><OtherTag ID="LT9" LABEL="DropCapitalLine" DESCRIPTION="line type DropCapitalLine"/><OtherTag ID="LT10" LABEL="HeadingLine" DESCRIPTION="line type HeadingLine"/><OtherTag ID="LT11" LABEL="InterlinearLine" DESCRIPTION="line type InterlinearLine"/><OtherTag ID="LT12" LABEL="MusicLine" DESCRIPTION="line type MusicLine"/><OtherTag ID="LT766" LABEL="default" DESCRIPTION="line type default"/>
  </Tags>
  <Layout>
    <Page WIDTH="1023"
          HEIGHT="1853"
          PHYSICAL_IMG_NR="168"
          ID="eSc_dummypage_">
      <PrintSpace HPOS="0"
                  VPOS="0"
                  WIDTH="1023"
                  HEIGHT="1853">
        <TextBlock HPOS="180.0"
                   VPOS="42.0"
                   WIDTH="433.0"
                   HEIGHT="49.0"
                   ID="block_2"
                   TAGREFS="BT18">
          <Shape><Polygon POINTS="613 42 613 91 180 91 180 42"/></Shape>
          <TextLine ID="line_0"
                    TAGREFS="LT10"
                    BASELINE="178 82 618 82" 
                    HPOS="178.0"
                    VPOS="39.0"
                    WIDTH="440.0"
                    HEIGHT="57.0">
            <Shape><Polygon POINTS="590 44 580 44 569 44 559 44 549 44 538 44 532 44 528 44 518 44 507 44 497 44 487 44 476 44 466 44 456 44 446 44 435 44 425 44 415 44 404 44 394 44 387 44 384 44 373 44 363 44 353 44 343 44 332 44 322 44 313 44 312 44 301 44 291 44 281 44 270 44 260 44 257 44 250 44 240 44 229 44 219 44 209 44 198 44 188 44 186 39 184 39 183 39 182 39 181 39 181 40 178 43 178 82 178 96 618 95 618 82 618 45 609 44 600 44"/></Shape>
	    <String CONTENT="FRANCOISE."
                    HPOS="178.0"
                    VPOS="39.0"
                    WIDTH="440.0"
                    HEIGHT="57.0"
                    WC="0.9999956488609314"></String>
          </TextLine>
        </TextBlock>
        <TextBlock HPOS="729.0"
                   VPOS="56.0"
                   WIDTH="66.0"
                   HEIGHT="46.0"
                   ID="block_0"
                   TAGREFS="BT15">
          <Shape><Polygon POINTS="795 56 795 102 729 102 729 56"/></Shape>
          <TextLine ID="line_1"
                    TAGREFS="LT8"
                    BASELINE="729 82 782 88" 
                    HPOS="726.0"
                    VPOS="57.0"
                    WIDTH="59.0"
                    HEIGHT="52.0">
            <Shape><Polygon POINTS="772 57 762 57 749 79 748 65 746 68 730 65 729 82 726 98 743 109 744 109 745 109 746 109 780 103 782 88 785 58 778 57 772 57"/></Shape>
	    <String CONTENT="143"
                    HPOS="726.0"
                    VPOS="57.0"
                    WIDTH="59.0"
                    HEIGHT="52.0"></String>
          </TextLine>
        </TextBlock>
        <TextBlock HPOS="19.0"
                   VPOS="108.0"
                   WIDTH="783.0"
                   HEIGHT="1429.0"
                   ID="block_1"
                   TAGREFS="BT100006">
          <Shape><Polygon POINTS="802 108 800 1537 19 1537 19 108"/></Shape>
          <TextLine ID="line_2"
                    TAGREFS="LT8"
                    BASELINE="20 136 791 136" 
                    HPOS="20.0"
                    VPOS="111.0"
                    WIDTH="771.0"
                    HEIGHT="46.0">
            <Shape><Polygon POINTS="20 136 21 155 39 148 50 155 51 156 52 156 53 156 54 157 126 157 126 156 127 156 128 156 129 155 139 148 156 148 165 155 166 156 167 156 168 156 169 156 268 155 269 155 270 155 271 154 282 148 315 148 332 154 337 156 338 156 339 156 341 156 342 156 344 154 352 149 362 154 365 155 366 155 367 155 368 155 369 155 370 154 380 148 421 154 439 156 440 157 524 157 524 156 525 156 526 156 529 153 538 148 604 148 622 153 631 156 632 156 633 156 690 155 691 155 692 155 695 153 702 148 743 148 754 153 761 156 762 156 763 156 791 152 791 136 791 113 20 111 20 136"/></Shape>
	    <String CONTENT="ment Coneſtable, &amp; à qui le Roy auoit"
                    HPOS="20.0"
                    VPOS="111.0"
                    WIDTH="771.0"
                    HEIGHT="46.0"
                    WC="0.9930047000709333"></String>
          </TextLine>
          <TextLine ID="line_3"
                    TAGREFS="LT8"
                    BASELINE="21 185 789 187" 
                    HPOS="20.0"
                    VPOS="144.0"
                    WIDTH="769.0"
                    HEIGHT="64.0">
            <Shape><Polygon POINTS="21 185 20 204 246 199 305 203 347 206 348 206 349 206 355 203 363 199 387 199 394 203 403 207 404 207 405 207 428 202 439 200 446 202 459 207 460 207 461 208 607 208 607 207 608 207 626 202 634 206 635 206 636 206 676 200 682 200 728 200 729 200 752 207 753 207 754 207 788 199 789 187 788 156 744 147 585 145 584 145 583 145 550 155 549 156 483 156 482 155 463 147 462 147 461 147 460 147 429 155 427 155 426 155 405 144 404 144 403 144 298 150 271 145 270 145 269 145 268 145 254 154 237 147 236 147 235 147 194 154 192 154 191 154 133 144 132 144 131 144 130 144 117 154 116 154 73 154 57 154 50 147 49 147 48 147 47 147 46 147 21 153 21 185"/></Shape>
	    <String CONTENT="donné la conduite de l’entrepriſe de ce voya"
                    HPOS="20.0"
                    VPOS="144.0"
                    WIDTH="769.0"
                    HEIGHT="64.0"
                    WC="0.9873732566833496"></String>
          </TextLine>
          <TextLine ID="line_4"
                    TAGREFS="LT8"
                    BASELINE="24 236 789 234" 
                    HPOS="23.0"
                    VPOS="197.0"
                    WIDTH="766.0"
                    HEIGHT="61.0">
            <Shape><Polygon POINTS="24 236 24 255 99 257 100 257 101 257 108 256 134 249 146 256 147 257 148 257 149 257 150 257 151 257 156 256 173 252 210 256 231 258 232 258 246 256 288 249 318 256 325 258 326 258 327 258 328 258 329 258 331 256 345 249 527 254 528 254 529 254 530 254 538 248 615 248 635 257 636 257 637 258 788 258 789 234 788 205 765 197 764 197 763 197 762 197 746 205 701 205 690 197 689 197 688 197 687 197 599 203 589 197 588 197 587 197 530 197 529 197 528 197 514 204 480 197 479 197 415 204 404 205 396 204 360 198 359 198 321 199 320 199 319 199 312 204 311 205 307 204 286 198 285 198 284 198 256 204 249 205 228 204 150 198 149 198 105 204 90 205 23 204 24 236"/></Shape>
	    <String CONTENT="ge, commanda qu’on menaſt les engins de"
                    HPOS="23.0"
                    VPOS="197.0"
                    WIDTH="766.0"
                    HEIGHT="61.0"
                    WC="0.9996434923930045"></String>
          </TextLine>
          <TextLine ID="line_5"
                    TAGREFS="LT8"
                    BASELINE="22 284 790 286" 
                    HPOS="21.0"
                    VPOS="247.0"
                    WIDTH="769.0"
                    HEIGHT="60.0">
            <Shape><Polygon POINTS="21 299 63 306 64 307 168 307 168 306 169 306 179 301 187 306 188 306 189 306 190 307 258 307 258 306 259 306 260 306 267 301 384 306 385 306 386 306 404 301 423 307 424 307 425 307 466 302 473 307 474 307 475 307 476 307 549 302 574 307 575 307 602 302 741 307 742 307 743 307 744 307 753 302 760 307 761 307 762 307 763 307 789 301 790 286 788 256 777 257 774 255 765 248 764 248 763 248 696 248 695 248 694 248 671 255 663 257 655 254 637 248 636 248 615 248 614 248 612 248 611 248 604 254 600 258 539 258 531 253 521 248 520 248 502 248 501 248 500 248 499 248 494 253 488 258 452 258 444 252 436 248 435 248 434 248 433 248 432 248 420 252 405 257 384 252 361 247 360 247 325 251 317 252 308 251 269 247 268 247 267 247 266 247 262 251 258 254 220 256 189 250 176 248 175 248 143 249 142 249 141 249 141 250 131 256 89 250 88 250 52 256 23 249 22 284 21 299"/></Shape>
	    <String CONTENT="baterie Et au chap.95. du 4.liu. où il parle de"
                    HPOS="21.0"
                    VPOS="247.0"
                    WIDTH="769.0"
                    HEIGHT="60.0"
                    WC="0.9875113628804684"></String>
          </TextLine>
          <TextLine ID="line_6"
                    TAGREFS="LT8"
                    BASELINE="24 334 792 332" 
                    HPOS="23.0"
                    VPOS="297.0"
                    WIDTH="769.0"
                    HEIGHT="60.0">
            <Shape><Polygon POINTS="24 334 25 355 53 346 123 346 145 354 153 356 154 356 155 356 175 353 202 348 213 353 222 356 223 356 224 357 266 357 266 356 267 356 283 352 301 346 312 351 314 352 315 352 316 352 330 351 384 346 393 350 405 355 406 355 407 355 408 355 410 355 418 350 422 350 483 355 484 355 485 355 503 348 504 348 516 353 517 353 518 353 519 353 520 353 525 348 529 345 546 347 591 355 592 356 619 356 619 355 620 355 621 355 630 346 632 345 668 345 670 346 688 355 689 355 690 356 772 356 772 355 773 355 792 344 792 332 790 305 661 297 660 297 627 304 607 297 606 297 605 297 604 297 603 297 591 305 496 305 463 297 462 297 405 305 358 299 357 299 333 304 324 298 323 298 322 298 321 298 269 305 262 300 261 300 260 300 259 300 231 304 223 298 222 298 221 298 117 298 116 298 115 298 90 305 81 298 80 298 79 298 40 298 39 298 38 298 23 305 24 334"/></Shape>
	    <String CONTENT="Charlemaigne. Et au meſme an, dit-il, il en¬"
                    HPOS="23.0"
                    VPOS="297.0"
                    WIDTH="769.0"
                    HEIGHT="60.0"
                    WC="0.9990739686922594"></String>
          </TextLine>
          <TextLine ID="line_7"
                    TAGREFS="LT8"
                    BASELINE="23 382 792 385" 
                    HPOS="22.0"
                    VPOS="344.0"
                    WIDTH="770.0"
                    HEIGHT="62.0">
            <Shape><Polygon POINTS="23 382 22 398 59 404 60 405 173 405 173 404 174 404 190 400 193 399 209 400 277 404 278 405 365 405 365 404 366 404 367 404 371 401 374 399 393 401 432 405 433 405 454 401 461 400 464 401 471 405 472 405 473 406 591 406 591 405 592 405 593 405 597 402 600 400 604 402 609 405 610 405 611 405 631 402 650 400 657 403 663 405 664 405 665 405 791 403 792 385 792 354 770 346 769 346 768 346 767 346 753 353 620 345 619 345 569 353 568 353 567 353 559 345 558 345 557 345 489 345 488 345 459 353 456 353 420 353 416 353 406 344 405 344 404 344 277 344 276 344 275 344 256 352 255 352 215 344 214 344 181 352 180 352 178 352 148 344 147 344 118 352 23 352 23 382"/></Shape>
	    <String CONTENT="uoya Burchard le Comte de ſon Eſtable en"
                    HPOS="22.0"
                    VPOS="344.0"
                    WIDTH="770.0"
                    HEIGHT="62.0"
                    WC="0.9807458728551864"></String>
          </TextLine>
          <TextLine ID="line_8"
                    TAGREFS="LT8"
                    BASELINE="23 433 793 435" 
                    HPOS="22.0"
                    VPOS="395.0"
                    WIDTH="771.0"
                    HEIGHT="57.0">
            <Shape><Polygon POINTS="23 433 22 441 55 448 56 448 57 448 72 444 79 450 80 450 81 450 82 450 83 450 105 442 107 442 282 442 289 445 300 450 301 450 302 451 341 451 341 450 342 450 352 446 358 443 365 446 376 450 377 450 378 450 414 447 450 443 466 447 481 451 482 451 483 451 499 448 521 443 602 443 624 449 630 451 631 451 632 452 792 452 793 435 793 406 771 397 770 397 719 397 718 397 717 397 696 405 694 407 581 407 575 403 565 397 564 397 563 397 562 397 561 397 560 397 553 403 550 406 539 403 523 398 522 398 521 398 520 398 512 402 503 407 474 407 464 402 453 397 452 397 451 397 450 397 449 397 444 401 436 407 411 407 400 401 397 398 396 398 395 398 394 398 393 398 388 400 379 406 341 406 329 399 322 396 321 396 320 396 319 396 310 399 298 403 267 398 249 396 248 396 247 396 242 398 226 404 202 397 196 396 195 396 194 396 193 396 189 397 174 402 137 396 131 396 130 396 129 396 128 396 115 404 86 396 85 396 23 395 23 433"/></Shape>
	    <String CONTENT="l’iſle de Corſe auec vne flotte de nauires. Et"
                    HPOS="22.0"
                    VPOS="395.0"
                    WIDTH="771.0"
                    HEIGHT="57.0"
                    WC="0.9914096697517063"></String>
          </TextLine>
          <TextLine ID="line_9"
                    TAGREFS="LT8"
                    BASELINE="23 480 791 483" 
                    HPOS="22.0"
                    VPOS="444.0"
                    WIDTH="769.0"
                    HEIGHT="61.0">
            <Shape><Polygon POINTS="23 480 22 501 208 503 209 503 210 503 211 503 214 500 222 494 260 494 279 499 280 499 281 499 286 499 414 495 426 498 442 503 444 503 445 503 494 499 524 504 525 504 526 504 541 498 550 503 551 503 552 503 657 505 658 505 659 505 692 496 693 496 694 496 736 504 737 504 738 504 762 498 770 503 771 503 772 503 773 503 774 503 790 495 791 483 790 450 625 446 624 446 623 446 619 448 608 455 575 455 544 448 528 445 527 445 526 445 520 447 506 453 461 453 442 447 435 445 434 445 433 445 432 445 428 447 420 451 403 447 402 447 401 447 376 452 367 446 366 445 365 445 364 445 328 445 327 445 320 446 287 452 264 445 259 444 258 444 257 444 256 444 255 444 254 445 246 451 225 445 224 445 223 445 222 445 215 445 119 451 23 444 23 480"/></Shape>
	    <String CONTENT="Rhegino parlant de cela meſme, au li.2.La"
                    HPOS="22.0"
                    VPOS="444.0"
                    WIDTH="769.0"
                    HEIGHT="61.0"
                    WC="0.9932271707348708"></String>
          </TextLine>
          <TextLine ID="line_10"
                    TAGREFS="LT8"
                    BASELINE="23 530 791 535" 
                    HPOS="22.0"
                    VPOS="492.0"
                    WIDTH="769.0"
                    HEIGHT="64.0">
            <Shape><Polygon POINTS="23 530 22 548 255 553 256 553 257 553 269 549 276 547 328 547 345 549 383 554 384 554 417 549 425 548 428 549 439 554 440 554 441 554 442 554 459 549 463 548 467 549 483 555 484 555 485 556 563 556 563 555 590 549 592 549 598 554 599 554 600 554 601 554 667 550 692 556 693 556 694 556 695 556 709 550 790 550 791 535 791 505 767 495 766 495 672 495 671 495 625 503 532 494 531 494 530 494 506 502 503 503 500 502 464 493 463 493 462 493 347 498 318 492 317 492 316 492 296 501 295 501 197 501 195 500 177 494 176 494 175 494 124 499 116 500 114 499 107 493 106 493 105 493 104 493 74 499 66 500 23 499 23 530"/></Shape>
	    <String CONTENT="meſme anuee, dit-il, il depeſcha en l’iſle de"
                    HPOS="22.0"
                    VPOS="492.0"
                    WIDTH="769.0"
                    HEIGHT="64.0"
                    WC="0.9969038857354058"></String>
          </TextLine>
          <TextLine ID="line_11"
                    TAGREFS="LT8"
                    BASELINE="27 581 788 584" 
                    HPOS="27.0"
                    VPOS="542.0"
                    WIDTH="761.0"
                    HEIGHT="59.0">
            <Shape><Polygon POINTS="27 581 27 601 787 599 788 584 787 552 758 552 758 551 747 544 746 544 745 544 744 544 447 550 434 550 433 550 423 543 422 543 421 543 420 543 378 549 356 543 355 543 354 543 353 543 337 550 336 550 299 550 296 550 281 542 280 542 279 542 278 542 261 548 254 542 253 542 252 542 251 542 202 549 201 549 200 549 182 544 181 544 180 544 139 548 121 542 120 542 119 542 118 542 101 549 100 549 97 549 62 543 61 543 27 548 27 581"/></Shape>
	    <String CONTENT="Corſe Burchard le Comte de ſon Eſtable,"
                    HPOS="27.0"
                    VPOS="542.0"
                    WIDTH="761.0"
                    HEIGHT="59.0"
                    WC="0.9815078606972327"></String>
          </TextLine>
          <TextLine ID="line_12"
                    TAGREFS="LT8"
                    BASELINE="25 630 788 632" 
                    HPOS="24.0"
                    VPOS="597.0"
                    WIDTH="764.0"
                    HEIGHT="58.0">
            <Shape><Polygon POINTS="25 630 24 653 103 654 104 654 111 653 133 648 162 652 177 654 178 654 179 654 184 652 200 646 237 646 246 651 249 654 250 654 251 654 252 654 253 654 258 651 264 648 270 651 275 654 276 654 277 654 278 655 312 655 312 654 339 651 376 646 393 650 414 655 415 655 416 655 417 655 418 655 426 650 429 648 449 650 503 655 504 655 636 649 688 655 689 655 690 655 709 648 745 653 746 653 747 653 748 653 757 647 787 647 788 632 787 606 761 606 761 605 753 599 752 599 751 599 749 599 720 605 719 605 710 598 709 598 708 598 707 598 673 605 669 606 556 606 553 604 543 598 542 598 541 598 540 598 517 603 508 605 496 603 474 600 473 600 472 600 466 603 461 605 450 603 435 600 434 600 419 603 411 604 408 603 405 600 405 599 404 599 403 599 402 599 378 602 370 603 369 602 362 597 361 597 360 597 259 597 258 597 257 597 256 597 256 598 252 601 248 604 231 601 217 599 216 599 215 599 214 599 212 601 207 605 151 605 143 600 137 597 135 597 134 597 133 597 132 597 127 600 121 603 25 600 25 630"/></Shape>
	    <String CONTENT="que pous appellons par vn terme corrom¬"
                    HPOS="24.0"
                    VPOS="597.0"
                    WIDTH="764.0"
                    HEIGHT="58.0"
                    WC="0.9852011708112863"></String>
          </TextLine>
          <TextLine ID="line_13"
                    TAGREFS="LT8"
                    BASELINE="24 680 786 682" 
                    HPOS="23.0"
                    VPOS="644.0"
                    WIDTH="763.0"
                    HEIGHT="60.0">
            <Shape><Polygon POINTS="24 680 23 701 78 702 79 702 80 702 84 701 105 692 123 700 127 702 128 702 129 702 166 700 216 696 231 698 249 702 250 702 251 702 252 702 255 698 264 692 401 692 408 696 417 703 418 703 419 703 420 703 499 697 513 702 514 702 515 702 516 702 517 702 524 695 526 693 535 695 565 703 566 703 606 694 614 693 616 694 627 702 628 702 629 702 630 702 660 696 675 703 676 703 677 703 678 703 695 693 697 693 714 693 715 693 731 703 732 703 733 703 734 704 754 704 754 703 755 703 785 692 786 682 786 654 762 645 761 645 669 645 668 645 667 645 635 653 634 654 521 654 520 653 500 646 499 646 498 646 497 646 481 652 469 648 468 648 467 648 466 648 465 648 458 653 457 654 406 654 405 653 395 645 394 645 393 645 392 645 391 645 379 651 365 644 364 644 341 644 339 644 338 644 337 644 328 652 296 644 295 644 294 644 244 649 218 644 217 644 216 644 215 644 206 652 205 652 202 652 131 644 130 644 91 652 89 652 86 652 64 646 63 646 62 646 24 651 24 680"/></Shape>
	    <String CONTENT="pu, Coneſtable. Celuy qui a continué l’hi¬"
                    HPOS="23.0"
                    VPOS="644.0"
                    WIDTH="763.0"
                    HEIGHT="60.0"
                    WC="0.994079781133075"></String>
          </TextLine>
          <TextLine ID="line_14"
                    TAGREFS="LT8"
                    BASELINE="23 729 783 732" 
                    HPOS="22.0"
                    VPOS="692.0"
                    WIDTH="761.0"
                    HEIGHT="62.0">
            <Shape><Polygon POINTS="23 729 22 748 35 751 36 751 37 751 42 748 50 744 71 748 90 752 91 752 214 748 222 748 225 748 277 753 278 753 279 753 280 753 288 748 293 745 314 745 335 748 378 753 379 753 415 747 430 745 433 747 437 750 438 750 439 750 582 754 583 754 616 747 621 746 640 747 762 753 763 753 764 753 782 746 783 732 781 702 713 704 709 701 701 694 700 694 699 694 682 694 680 694 679 694 657 701 646 704 636 701 616 694 615 694 614 694 612 694 611 694 603 701 598 705 534 705 528 701 519 693 518 693 517 693 498 693 497 693 496 693 479 701 471 704 426 704 421 701 407 693 406 693 317 693 316 693 315 693 314 693 305 700 300 704 280 704 243 703 237 700 224 692 223 692 196 692 195 692 194 692 193 692 182 700 179 702 175 700 160 692 159 692 158 692 157 692 130 700 120 703 85 703 77 700 54 692 53 692 52 692 23 698 23 729"/></Shape>
	    <String CONTENT="ſtoire de Greg. de Tours l’appelle Cone¬"
                    HPOS="22.0"
                    VPOS="692.0"
                    WIDTH="761.0"
                    HEIGHT="62.0"
                    WC="0.9996785089373589"></String>
          </TextLine>
          <TextLine ID="line_15"
                    TAGREFS="LT8"
                    BASELINE="22 781 787 781" 
                    HPOS="22.0"
                    VPOS="742.0"
                    WIDTH="765.0"
                    HEIGHT="58.0">
            <Shape><Polygon POINTS="22 781 22 800 787 799 787 781 787 752 677 752 675 750 662 742 661 742 660 742 597 742 596 742 595 742 580 749 578 749 555 742 554 742 553 742 552 742 535 749 529 751 507 748 462 742 422 742 421 742 420 742 419 742 413 747 406 752 374 752 365 747 355 742 354 742 353 742 352 742 338 746 334 747 324 746 298 743 297 743 296 743 287 746 267 751 240 745 223 742 222 742 205 745 165 752 132 752 116 744 112 742 111 742 110 742 22 742 22 781"/></Shape>
	    <String CONTENT="ſtable au liu.11.Brunechilde, dit-il, fut ame¬"
                    HPOS="22.0"
                    VPOS="742.0"
                    WIDTH="765.0"
                    HEIGHT="58.0"
                    WC="0.9772669698881067"></String>
          </TextLine>
          <TextLine ID="line_16"
                    TAGREFS="LT8"
                    BASELINE="22 828 791 831" 
                    HPOS="21.0"
                    VPOS="792.0"
                    WIDTH="770.0"
                    HEIGHT="61.0">
            <Shape><Polygon POINTS="22 828 21 849 178 851 179 851 180 851 181 851 185 848 195 842 245 842 263 848 278 852 279 852 280 852 321 847 325 847 328 847 355 852 356 852 357 852 358 852 366 847 374 843 471 843 476 846 486 852 487 852 488 852 489 853 673 853 673 852 674 852 686 847 720 853 721 853 790 843 791 831 790 799 697 794 696 794 695 794 680 799 669 803 536 803 508 802 503 799 492 793 491 793 490 793 461 799 456 800 453 799 436 793 435 793 354 793 353 793 352 793 331 799 324 802 287 802 284 799 273 792 271 792 270 792 174 792 173 792 135 800 132 800 129 800 98 794 97 794 52 800 49 800 48 800 39 793 38 793 37 793 36 793 35 793 22 799 22 828"/></Shape>
	    <String CONTENT="nee par le Coneſtable Erporres. Albert"
                    HPOS="21.0"
                    VPOS="792.0"
                    WIDTH="770.0"
                    HEIGHT="61.0"
                    WC="0.9993277678364202"></String>
          </TextLine>
          <TextLine ID="line_17"
                    TAGREFS="LT8"
                    BASELINE="26 879 788 882" 
                    HPOS="25.0"
                    VPOS="840.0"
                    WIDTH="763.0"
                    HEIGHT="62.0">
            <Shape><Polygon POINTS="26 879 25 896 88 900 89 900 90 900 91 900 96 896 104 892 135 892 145 896 152 900 153 900 154 901 230 901 230 900 231 900 232 900 236 896 243 892 279 892 329 896 388 901 389 901 390 901 406 896 417 893 424 896 434 900 435 900 537 901 538 901 539 901 553 896 555 895 558 896 570 901 571 901 572 901 641 896 642 896 659 902 660 902 661 902 662 902 672 897 712 902 713 902 714 902 715 902 725 896 726 895 728 896 749 902 751 902 752 902 787 895 788 882 787 853 687 853 685 851 666 842 665 842 664 842 619 851 610 853 587 853 583 850 563 842 562 842 561 842 523 847 514 841 513 841 512 841 510 841 509 841 481 849 473 851 466 849 436 841 435 841 366 841 365 841 364 841 348 847 314 841 313 841 312 841 311 841 302 847 301 848 297 847 260 840 259 840 258 840 257 840 249 847 246 850 233 847 212 841 211 841 210 841 209 841 197 846 190 850 175 846 166 844 165 844 164 844 137 846 90 849 76 845 59 840 58 840 57 840 26 844 26 879"/></Shape>
	    <String CONTENT="Crantz au 5.li. de l’hiſtoi. de Suet. chap.41."
                    HPOS="25.0"
                    VPOS="840.0"
                    WIDTH="763.0"
                    HEIGHT="62.0"
                    WC="0.9796348110489224"></String>
          </TextLine>
          <TextLine ID="line_18"
                    TAGREFS="LT8"
                    BASELINE="23 928 789 930" 
                    HPOS="23.0"
                    VPOS="890.0"
                    WIDTH="766.0"
                    HEIGHT="59.0">
            <Shape><Polygon POINTS="23 928 23 949 788 949 789 930 787 893 718 900 695 893 687 891 686 891 685 891 684 891 674 893 663 896 645 894 625 891 624 891 623 891 617 894 602 901 568 901 561 894 557 891 556 891 555 891 554 891 537 894 517 899 498 895 483 891 482 891 481 891 480 891 479 891 474 895 467 901 449 901 438 895 429 891 428 891 399 890 398 890 397 890 396 890 388 896 385 898 382 896 370 890 369 890 330 890 329 890 328 890 327 890 318 896 313 900 173 900 167 897 150 890 149 890 121 890 120 890 119 890 118 890 108 898 106 900 90 900 87 898 66 890 65 890 64 890 63 890 62 890 62 891 54 898 23 898 23 928"/></Shape>
	    <String CONTENT="oſe affermer que l’eſtat de Coneſtable eſt"
                    HPOS="23.0"
                    VPOS="890.0"
                    WIDTH="766.0"
                    HEIGHT="59.0"
                    WC="0.9893198226179395"></String>
          </TextLine>
          <TextLine ID="line_19"
                    TAGREFS="LT8"
                    BASELINE="23 977 782 983" 
                    HPOS="22.0"
                    VPOS="940.0"
                    WIDTH="760.0"
                    HEIGHT="65.0">
            <Shape><Polygon POINTS="23 977 22 998 107 1001 108 1001 109 1001 116 999 133 994 154 999 162 1001 163 1001 164 1001 183 999 217 996 225 1000 231 1002 232 1002 233 1002 261 1000 327 994 347 994 355 1000 358 1003 359 1003 360 1003 361 1004 399 1004 399 1003 400 1003 407 1001 422 995 458 1001 480 1004 481 1004 497 1001 522 996 552 1001 569 1004 570 1004 571 1004 578 1001 593 996 639 1002 668 1005 669 1005 701 1002 735 999 780 1002 782 983 780 947 700 953 689 947 687 945 686 945 685 945 684 945 673 947 643 953 631 948 630 948 629 948 580 952 536 947 506 944 505 944 504 944 494 947 479 952 451 947 424 942 423 942 422 942 412 947 402 952 327 952 297 948 248 941 247 941 205 948 189 950 182 948 158 940 157 940 72 940 71 940 70 940 69 940 59 948 58 949 23 949 23 977"/></Shape>
	    <String CONTENT="celuy-la meſmes que les Alemans appel¬"
                    HPOS="22.0"
                    VPOS="940.0"
                    WIDTH="760.0"
                    HEIGHT="65.0"></String>
          </TextLine>
          <TextLine ID="line_20"
                    TAGREFS="LT8"
                    BASELINE="24 1028 790 1030" 
                    HPOS="23.0"
                    VPOS="991.0"
                    WIDTH="767.0"
                    HEIGHT="62.0">
            <Shape><Polygon POINTS="24 1028 23 1051 74 1052 75 1052 76 1052 78 1051 91 1044 117 1051 124 1052 125 1052 214 1050 395 1044 415 1047 433 1051 434 1051 466 1047 476 1046 479 1047 490 1053 491 1053 492 1053 531 1046 541 1045 550 1046 590 1053 591 1053 655 1045 661 1045 667 1045 773 1053 774 1053 775 1053 789 1044 790 1030 789 1000 726 1000 725 999 713 992 712 992 711 992 710 992 665 999 659 1000 627 1000 625 998 618 992 617 992 616 992 615 992 586 998 580 999 575 998 559 992 558 992 557 992 556 992 534 998 527 999 468 999 465 997 452 992 451 992 406 992 405 992 404 992 395 996 391 999 367 999 364 996 357 991 356 991 355 991 354 991 325 996 318 997 310 996 286 991 285 991 284 991 283 991 278 995 275 998 266 995 253 991 252 991 212 991 211 991 210 991 209 991 203 995 199 998 179 995 155 991 115 991 114 991 113 991 112 991 109 994 103 998 24 994 24 1028"/></Shape>
	    <String CONTENT="lent Mareſchal: Ils eliſent, dit-il, vn Gou¬"
                    HPOS="23.0"
                    VPOS="991.0"
                    WIDTH="767.0"
                    HEIGHT="62.0"></String>
          </TextLine>
          <TextLine ID="line_21"
                    TAGREFS="LT8"
                    BASELINE="23 1076 789 1078" 
                    HPOS="22.0"
                    VPOS="1040.0"
                    WIDTH="767.0"
                    HEIGHT="61.0">
            <Shape><Polygon POINTS="23 1076 22 1094 33 1100 35 1100 36 1100 109 1095 122 1094 139 1095 203 1099 205 1099 206 1099 219 1095 229 1092 242 1095 257 1100 258 1100 259 1100 260 1100 277 1096 291 1092 353 1096 428 1101 429 1101 459 1097 471 1095 473 1097 480 1101 481 1101 482 1101 483 1101 553 1097 595 1095 612 1097 624 1099 625 1099 626 1099 627 1099 629 1098 636 1093 661 1093 670 1098 675 1101 676 1101 677 1101 678 1101 788 1098 789 1078 788 1050 684 1050 684 1049 663 1041 662 1041 661 1041 660 1041 645 1047 618 1041 617 1041 616 1041 599 1049 598 1049 584 1041 583 1041 533 1041 532 1041 531 1041 509 1049 507 1050 449 1050 445 1049 405 1040 404 1040 304 1045 260 1040 259 1040 217 1047 215 1047 214 1047 197 1040 196 1040 195 1040 194 1040 179 1047 178 1049 140 1049 138 1047 112 1040 111 1040 110 1040 109 1040 93 1047 92 1047 23 1047 23 1076"/></Shape>
	    <String CONTENT="uerneur des plus ſuffiſans au fait de la guer¬"
                    HPOS="22.0"
                    VPOS="1040.0"
                    WIDTH="767.0"
                    HEIGHT="61.0"></String>
          </TextLine>
          <TextLine ID="line_22"
                    TAGREFS="LT8"
                    BASELINE="23 1127 790 1130" 
                    HPOS="23.0"
                    VPOS="1092.0"
                    WIDTH="767.0"
                    HEIGHT="62.0">
            <Shape><Polygon POINTS="23 1127 24 1147 32 1143 41 1147 45 1149 46 1149 47 1149 48 1149 54 1147 61 1145 69 1147 77 1150 78 1150 79 1151 162 1151 162 1150 176 1147 202 1141 211 1147 212 1149 213 1149 214 1149 215 1149 229 1147 279 1141 357 1148 399 1151 400 1151 447 1148 475 1146 502 1148 552 1152 553 1152 554 1152 555 1152 561 1148 571 1143 621 1143 642 1148 658 1152 659 1152 660 1154 722 1154 722 1152 723 1152 724 1152 729 1148 733 1145 738 1148 742 1152 743 1152 744 1152 745 1152 789 1148 790 1130 790 1100 773 1094 772 1094 771 1094 770 1094 769 1094 761 1099 702 1094 701 1094 662 1099 645 1101 635 1099 612 1094 611 1094 610 1094 599 1099 591 1102 520 1098 473 1096 472 1096 441 1098 392 1101 385 1098 376 1093 374 1093 373 1093 372 1093 360 1097 349 1101 246 1101 240 1097 232 1092 231 1092 230 1092 164 1092 163 1092 162 1092 161 1092 155 1096 148 1100 23 1096 23 1127"/></Shape>
	    <String CONTENT="re, qui a l’autorité de conuoquer les aſſem¬"
                    HPOS="23.0"
                    VPOS="1092.0"
                    WIDTH="767.0"
                    HEIGHT="62.0"
                    WC="0.9955002744992574"></String>
          </TextLine>
          <TextLine ID="line_23"
                    TAGREFS="LT8"
                    BASELINE="23 1175 792 1179" 
                    HPOS="22.0"
                    VPOS="1140.0"
                    WIDTH="770.0"
                    HEIGHT="61.0">
            <Shape><Polygon POINTS="23 1175 22 1187 106 1198 107 1199 192 1199 192 1198 193 1198 207 1192 225 1198 226 1198 227 1198 261 1191 308 1191 328 1191 329 1191 342 1199 343 1199 344 1199 345 1199 394 1194 406 1200 407 1200 408 1200 551 1195 645 1201 646 1201 685 1193 687 1193 695 1200 696 1200 697 1200 698 1200 763 1196 776 1201 777 1201 778 1201 779 1201 780 1201 791 1194 792 1179 790 1143 723 1151 684 1143 683 1143 682 1143 660 1151 627 1143 626 1143 625 1143 624 1143 623 1143 614 1151 593 1142 592 1142 591 1142 590 1142 562 1151 433 1151 398 1141 397 1141 396 1141 395 1141 393 1141 360 1147 317 1141 316 1141 315 1141 314 1141 287 1149 265 1141 264 1141 263 1141 262 1141 236 1148 224 1144 223 1144 222 1144 86 1148 76 1140 75 1140 74 1140 23 1140 23 1175"/></Shape>
	    <String CONTENT="blees generales du Royaume, &amp; de depeſ¬"
                    HPOS="22.0"
                    VPOS="1140.0"
                    WIDTH="770.0"
                    HEIGHT="61.0"
                    WC="0.999217077707633"></String>
          </TextLine>
          <TextLine ID="line_24"
                    TAGREFS="LT8"
                    BASELINE="23 1226 791 1229" 
                    HPOS="22.0"
                    VPOS="1190.0"
                    WIDTH="769.0"
                    HEIGHT="60.0">
            <Shape><Polygon POINTS="23 1226 22 1245 67 1247 69 1247 70 1247 73 1246 81 1241 87 1246 88 1247 89 1247 90 1247 91 1248 235 1248 235 1247 236 1247 237 1247 258 1236 365 1241 366 1241 528 1237 549 1248 550 1249 551 1249 552 1249 553 1249 563 1248 662 1238 690 1249 691 1249 692 1249 693 1250 724 1250 724 1249 725 1249 726 1249 734 1243 789 1249 791 1229 790 1201 708 1199 700 1192 699 1192 698 1192 668 1192 667 1192 666 1192 649 1200 648 1201 582 1201 581 1200 565 1192 564 1192 563 1192 562 1192 532 1200 520 1200 412 1200 411 1199 402 1194 401 1194 400 1194 399 1194 398 1194 380 1198 279 1190 278 1190 208 1195 195 1190 194 1190 193 1190 192 1190 167 1198 166 1198 138 1191 137 1191 135 1191 134 1191 111 1198 103 1192 101 1192 100 1192 99 1192 70 1195 53 1190 52 1190 51 1190 50 1190 23 1197 23 1226"/></Shape>
	    <String CONTENT="cher tous affaires comme vn Prince ſouue¬"
                    HPOS="22.0"
                    VPOS="1190.0"
                    WIDTH="769.0"
                    HEIGHT="60.0"
                    WC="0.9983518574295974"></String>
          </TextLine>
          <TextLine ID="line_25"
                    TAGREFS="LT8"
                    BASELINE="21 1275 791 1279" 
                    HPOS="20.0"
                    VPOS="1238.0"
                    WIDTH="771.0"
                    HEIGHT="63.0">
            <Shape><Polygon POINTS="21 1275 20 1291 60 1291 61 1291 70 1298 71 1298 72 1298 73 1299 138 1299 138 1298 139 1298 140 1298 148 1292 152 1290 208 1290 220 1292 251 1299 252 1300 307 1300 307 1299 308 1299 323 1294 330 1291 354 1294 413 1300 414 1300 465 1295 479 1294 481 1295 489 1300 490 1300 491 1300 492 1300 518 1295 526 1294 529 1295 539 1300 540 1300 541 1300 584 1296 596 1295 609 1296 644 1300 645 1300 662 1297 673 1294 686 1297 705 1301 706 1301 790 1297 791 1279 790 1249 749 1241 696 1241 695 1241 694 1241 678 1247 670 1241 669 1241 668 1241 632 1241 631 1241 630 1241 618 1247 616 1248 586 1248 585 1247 575 1240 574 1240 573 1240 502 1240 501 1240 500 1240 499 1240 492 1246 491 1247 486 1246 464 1240 463 1240 462 1240 413 1245 401 1246 391 1245 350 1239 318 1239 317 1239 316 1239 315 1239 308 1244 303 1247 270 1247 265 1244 256 1239 255 1239 254 1239 233 1243 220 1246 144 1246 139 1243 132 1238 131 1238 130 1238 129 1238 128 1238 112 1242 100 1245 21 1242 21 1275"/></Shape>
	    <String CONTENT="rain: Les noſtres l’appellent Mareſchal: les"
                    HPOS="20.0"
                    VPOS="1238.0"
                    WIDTH="771.0"
                    HEIGHT="63.0"
                    WC="0.997795122590932"></String>
          </TextLine>
          <TextLine ID="line_26"
                    TAGREFS="LT8"
                    BASELINE="24 1324 792 1329" 
                    HPOS="23.0"
                    VPOS="1287.0"
                    WIDTH="769.0"
                    HEIGHT="63.0">
            <Shape><Polygon POINTS="24 1324 23 1344 129 1346 130 1346 131 1346 135 1344 153 1337 197 1344 216 1347 217 1348 312 1348 312 1347 313 1347 314 1347 318 1344 327 1338 351 1338 461 1338 471 1344 480 1348 481 1348 482 1348 529 1346 530 1346 531 1346 533 1344 540 1339 568 1339 584 1344 599 1349 600 1349 601 1350 667 1350 667 1349 668 1349 669 1349 675 1344 679 1340 688 1344 701 1349 702 1349 703 1349 791 1343 792 1329 792 1296 766 1289 765 1289 764 1289 763 1289 747 1296 739 1299 725 1296 699 1289 698 1289 697 1289 682 1295 670 1299 662 1295 651 1289 650 1289 649 1289 648 1289 646 1289 639 1295 635 1298 601 1299 567 1294 533 1288 532 1288 512 1292 498 1296 483 1292 463 1288 462 1288 461 1288 454 1292 442 1299 412 1299 404 1291 401 1289 401 1288 400 1288 399 1288 398 1288 397 1288 389 1291 384 1294 380 1291 374 1287 373 1287 372 1287 322 1287 321 1287 320 1287 311 1290 294 1296 239 1289 225 1288 224 1288 223 1288 221 1289 209 1297 101 1297 88 1289 87 1289 24 1287 24 1324"/></Shape>
	    <String CONTENT="François Coneſtable. Voila quel en eſt"
                    HPOS="23.0"
                    VPOS="1287.0"
                    WIDTH="769.0"
                    HEIGHT="63.0"
                    WC="0.9884709333762144"></String>
          </TextLine>
          <TextLine ID="line_27"
                    TAGREFS="LT8"
                    BASELINE="23 1374 793 1380" 
                    HPOS="22.0"
                    VPOS="1337.0"
                    WIDTH="771.0"
                    HEIGHT="66.0">
            <Shape><Polygon POINTS="23 1374 22 1395 137 1397 138 1397 148 1395 168 1392 177 1395 180 1397 181 1397 182 1397 201 1395 230 1393 252 1395 274 1399 275 1399 276 1399 285 1395 295 1393 305 1395 319 1400 320 1400 321 1400 322 1400 329 1395 335 1393 376 1393 379 1395 383 1400 384 1400 385 1400 386 1400 418 1395 433 1394 439 1395 454 1401 455 1401 456 1401 514 1395 535 1394 540 1395 556 1402 557 1402 558 1402 559 1402 573 1395 575 1395 580 1395 612 1402 614 1402 615 1402 616 1402 624 1395 625 1395 633 1402 634 1402 635 1402 636 1402 718 1396 731 1403 732 1403 733 1403 792 1395 793 1380 791 1342 766 1351 701 1351 684 1342 683 1342 682 1342 680 1342 652 1350 573 1350 561 1341 560 1341 559 1341 558 1341 504 1348 456 1340 455 1340 414 1348 371 1339 369 1339 368 1339 366 1339 316 1347 290 1346 282 1339 282 1338 281 1338 280 1338 279 1338 274 1338 207 1346 160 1337 155 1337 154 1337 149 1337 95 1345 85 1339 84 1339 83 1339 23 1337 23 1374"/></Shape>
	    <String CONTENT="ſon aduis en quoy il pourroit biẽ auoir quel"
                    HPOS="22.0"
                    VPOS="1337.0"
                    WIDTH="771.0"
                    HEIGHT="66.0"
                    WC="0.9967205166816712"></String>
          </TextLine>
          <TextLine ID="line_28"
                    TAGREFS="LT8"
                    BASELINE="25 1421 792 1426" 
                    HPOS="25.0"
                    VPOS="1388.0"
                    WIDTH="767.0"
                    HEIGHT="61.0">
            <Shape><Polygon POINTS="791 1401 725 1392 724 1392 661 1399 644 1400 627 1397 598 1394 597 1394 515 1396 456 1397 452 1395 446 1390 445 1390 444 1390 442 1390 397 1394 386 1395 373 1394 331 1389 330 1389 281 1393 234 1396 203 1392 178 1388 177 1388 123 1391 37 1395 27 1389 25 1421 25 1444 74 1440 82 1444 85 1445 86 1445 87 1445 96 1444 116 1441 149 1443 186 1446 187 1446 188 1446 199 1443 216 1438 221 1443 225 1446 226 1446 227 1446 228 1446 229 1446 240 1443 245 1441 254 1442 277 1446 278 1446 279 1446 280 1446 284 1442 294 1435 331 1435 350 1442 365 1447 366 1447 367 1447 368 1447 381 1441 392 1436 422 1436 431 1441 440 1447 441 1447 442 1447 499 1448 500 1448 501 1448 502 1448 516 1440 542 1448 543 1448 544 1449 607 1449 607 1448 608 1448 629 1439 634 1437 790 1437 792 1426 791 1401"/></Shape>
	    <String CONTENT="que raiſon probable &amp; apparente: meſme¬"
                    HPOS="25.0"
                    VPOS="1388.0"
                    WIDTH="767.0"
                    HEIGHT="61.0"
                    WC="0.985074234314454"></String>
          </TextLine>
          <TextLine ID="line_29"
                    TAGREFS="LT8"
                    BASELINE="23 1473 791 1477" 
                    HPOS="22.0"
                    VPOS="1438.0"
                    WIDTH="769.0"
                    HEIGHT="60.0">
            <Shape><Polygon POINTS="23 1473 22 1490 145 1494 146 1494 147 1494 155 1492 164 1489 176 1492 185 1494 186 1494 187 1494 188 1494 193 1492 215 1484 232 1492 237 1495 239 1495 240 1496 295 1496 295 1495 296 1495 301 1493 323 1485 405 1485 500 1495 515 1496 516 1496 517 1496 518 1496 519 1495 531 1486 564 1486 580 1495 581 1495 582 1495 589 1496 660 1497 661 1497 662 1497 665 1496 697 1487 743 1487 760 1497 761 1497 762 1497 763 1498 790 1498 791 1477 790 1441 717 1441 715 1441 714 1441 688 1448 669 1443 668 1443 667 1443 621 1448 594 1441 589 1440 588 1440 587 1440 578 1441 549 1448 418 1448 410 1442 405 1439 404 1439 403 1439 402 1439 378 1442 355 1445 341 1442 323 1439 322 1439 284 1442 245 1446 158 1446 153 1443 143 1438 142 1438 141 1438 23 1443 23 1473"/></Shape>
	    <String CONTENT="mẽt à cauſe qu’il ne ſe trouue aucune mẽtiõ"
                    HPOS="22.0"
                    VPOS="1438.0"
                    WIDTH="769.0"
                    HEIGHT="60.0"
                    WC="0.9721430552766678"></String>
          </TextLine>
          <TextLine ID="line_30"
                    TAGREFS="LT8"
                    BASELINE="24 1522 787 1527" 
                    HPOS="23.0"
                    VPOS="1486.0"
                    WIDTH="764.0"
                    HEIGHT="72.0">
            <Shape><Polygon POINTS="24 1522 23 1545 123 1545 125 1545 140 1554 141 1554 142 1554 143 1554 171 1553 172 1553 173 1553 183 1546 235 1553 236 1553 237 1553 263 1546 265 1546 328 1546 331 1546 365 1556 366 1556 367 1557 431 1557 431 1556 432 1556 433 1556 442 1550 482 1557 483 1557 563 1552 577 1557 578 1557 708 1558 709 1558 710 1558 729 1551 752 1557 753 1557 754 1557 786 1549 787 1527 787 1498 763 1490 762 1490 761 1490 760 1490 735 1496 722 1489 721 1489 720 1489 719 1489 699 1497 698 1497 682 1489 680 1489 679 1489 610 1496 604 1496 450 1496 448 1494 438 1487 437 1487 436 1487 435 1487 434 1487 410 1494 402 1495 365 1493 307 1490 305 1490 276 1492 253 1494 249 1492 240 1486 239 1486 237 1486 236 1486 24 1489 24 1522"/></Shape>
	    <String CONTENT="des Mareſchaux entre les premiers &amp; vieux"
                    HPOS="23.0"
                    VPOS="1486.0"
                    WIDTH="764.0"
                    HEIGHT="72.0"
                    WC="0.991192688302296"></String>
          </TextLine>
        </TextBlock>
      </PrintSpace>
    </Page>
  </Layout>
</alto>
