1023 1853
226 50 85 51 144

222 105 777 50 eſtats de Frãce: de ſorte qu’il eſt biẽcroyable

227 147 772 60 qu’il fut introduit de l’inuention des der¬

226 198 773 58 niers Roys, priſe ſur la couſtume & police

225 246 774 57 des Alemans. Mais quant à l’eſtat du Con¬

225 297 775 55 te d’Eſtable, ie ne fay point de doute qu’il

224 346 772 58 ne fuſt de l’inſtitution des Empereurs Ro¬

224 401 777 55 mains: combien que ie ne penſe pas qu’il

224 446 776 58 fuſt paruenu à telle grandeur, comme il a

224 497 774 57 fait depuis, eſtant creu de ſi petis commen¬

224 544 775 59 cemens iuſques à attaindre à la dignité de

226 595 774 60 Superintendant ſur la maiſon & l’eſtat du

226 645 772 61 Roy, ou ſon lieutenãt general pour les guer¬

224 693 774 61 res. Car pour lors c’eſtoit bien peu de cho¬

224 741 776 61 ſe & pouuoit valoir autant qu’vn Eſtat de

227 792 772 60 Tribun militaire, c’eſt à dire de Capitaine

224 845 775 59 de quelques compagnies de gens de pied:

223 894 777 57 ainſi comme on peut retirer du 26.liu. d’Am

221 938 778 63 mianus, où il parle de l’Empereur Valen¬

222 991 779 59 tinian: Eſtant entré en Nicomedie, dit il, il

221 1037 780 62 donna à ſon frete Valens la ſuperintendan¬

220 1089 780 56 ce de ſon Eſcuyrie auec l’eſtat de Tribun. Il

219 1137 778 58 eſt fait mẽtion de ceſt eſtat-la dedans le Co

219 1189 778 59 de de Iuſtinian(l.1. Cod. de comitibus & tri¬

219 1238 780 60 bunis ſchol.) où il leur eſt ottroyé pour vn

220 1285 778 68 grand honneur & priuilege ſpecial qu’ils aſ¬

218 1343 779 58 ſiſteront aux repas de l’Empereur, comme

222 1389 776 62 Capitaines des gardes & ferõt la reuerence

215 1437 785 62 à ſa robbe de pourpre. Et au Cod. Theod.

219 1488 779 75 de annon. &tribut.l.3. &l. perpenſa 29. Cod.

396 40 497 55 DEILA GAVLE

889 1536 107 60 Theo
