1023 1853
40.0 87.0 766.0 67.0 confort à ſes enfans? Cependant toutefois ie

41.0 136.0 769.0 64.0 ne laiſſe pas de cognoiſtre, combien ſont

41.0 188.0 768.0 61.0 heureux les pays, qui ſont ſous l’obeiſſance

43.0 237.0 767.0 65.0 de Princes doux & debonnaires, aupris de

43.0 287.0 764.0 65.0 ceux qui gemiſſent ſous la ſeruitude des ty¬

45.0 337.0 768.0 64.0 rans: & combien ſont heureux les ſuiets, qui

44.0 385.0 769.0 61.0 ont ceſt heur, moyenant l’equité & la beni¬

46.0 432.0 768.0 71.0 gnité de leurs Princes, de vieillir paiſible¬

45.0 484.0 770.0 61.0 ment en leurs maiſons, & ſur le lieu de leurs

46.0 534.0 769.0 65.0 anceſtres, auec leurs femmes & petits enfãs:

48.0 585.0 769.0 65.0 ô que bienheureux ſont ceux, la qui peuuent

48.0 633.0 771.0 64.0 iouir d’vn tel bien? car, à dire la verité, peu

48.0 684.0 774.0 64.0 ſouuent aduient que les remedes dont on

50.0 730.0 772.0 65.0 veut chaſſer le mal, ſoyent heureux, mais ſou

51.0 781.0 772.0 67.0 uentesfois aduient-il qu’ils ſont pires &plus

50.0 830.0 772.0 66.0 dangereux que les maladies meſmes, auſ¬

54.0 882.0 768.0 63.0 quelles on veut appliquer la medecîne. Ily

52.0 930.0 773.0 61.0 a, ce croy ie, ſeize ans, Prince treſilluſtre, que

52.0 979.0 776.0 63.0 Dieu a mis vne bonne partie de la coſte du

53.0 1028.0 773.0 66.0 Rhein, ſous le pouuoir & ſauuegarde de

54.0 1077.0 775.0 66.0 voſtre Excellence: & depuis ce temps-la on

54.0 1130.0 770.0 60.0 ne ſcauroit croire ny ſuffiſamment expri¬

54.0 1178.0 776.0 62.0 mer en quel repos & tranquillité on a veſcu

53.0 1226.0 776.0 66.0 en tout le pays de voſtre obeiſſance, reſſem¬

54.0 1277.0 779.0 66.0 blant proprement à vne bonace riante de la

54.0 1327.0 781.0 64.0 mer platte & trãquille, où il ne ſouffle aucun

55.0 1376.0 778.0 61.0 vent que doux & gracieux: tãt toutes choſes

60.0 1423.0 774.0 70.0 y ont touſiours eſté, moyenant voſtre ſa¬

69.0 1474.0 767.0 75.0 ge prouuoyance paiſibles, ſainctement &

593.0 1530.0 112.0 56.0 (:) 4
