1023 1853
23 111 766 52 Theo de equor. coll. & I.1.Cod. Theo. qui à

20 152 771 60 præbi. tyro.où le droict leur eſt dõné de le¬

17 202 771 61 uer & d’exiger fromẽt, vin & fourrages pour

18 251 771 62 gens de guerre, fur les ſuiets des prouinces

16 301 774 60 Romaines qui contribuoyẽt des cheuaux de

14 350 776 60 ſeruice pour l’vſage de l’Empereur. Il reſte

14 399 775 62 maintenant que nous parlions auſsi de l’or¬

16 448 772 64 dre & dignité de ceux qu’on appelle commu

14 498 772 64 nément (Pairs de France) cõbien qu’en cecy

13 548 774 63 nous auons plus grand beſoin d’inſtructiõs

14 597 775 63 & memoires antiques qui nous en deſcou¬

14 647 771 66 urẽt au vray l’origine que nõ pas de courage

14 696 772 60 & de bõne volonté. Car entre tant de liures

22 747 763 63 qui s’appellent les Annales & Chroniques

15 796 771 63 de France, il ny en a pas vn ſeul qui nous dõ¬

12 847 771 60 ne quelques enſeignemens & adreſſe que

13 900 766 59 nous puiſsions raiſonnablement ſuyure,

13 944 772 60 pour ſcauoir comment a eſté introduite ce¬

10 993 773 66 ſte police des douze Pairs. Car quant à ce

18 1041 764 69 que Gaguin & Paul Aemyle, pluſtoſt hiſto¬

9 1095 772 61 rien des Papes que des François, & autres

11 1141 770 67 vulgaires eſcriuains tienent que ceſt ordre

6 1191 776 62 fut inſtitué ou par Pepin, ou par Charle¬

4 1239 778 68 maigne, ils s’abuſent lourdement. Et n'en

6 1294 775 64 faut autre preuue, que celle-cy, que de

8 1342 771 64 tout tant d’hiſtoriens Alemans, qui ont eſ¬

5 1389 773 67 crit du temps de ces Roys-la, ou vn peu a¬

11 1439 765 66 pres, il ne s’en trouue pas vn qui face men¬

7 1488 768 80 tion quelle quelle ſoit, de ceſt eſtat icy.

184 48 451 55 FRANCOISE.

720 38 55 72 145

614 1549 45 65 lz
