1023 1853
226.0 44.0 84.0 62.0 146

386.0 33.0 493.0 65.0 DE LA GAVLE

220.0 101.0 770.0 59.0 Qui plus eſt, il n'en eſt touché en façon

219.0 148.0 766.0 60.0 quelconques en toute l’hiſtoire d’Aimoin,

221.0 196.0 772.0 62.0 qui a eſcrit de la police & des geſtes des

221.0 247.0 772.0 61.0 François iuſques au temps du Roy Loys le

221.0 293.0 773.0 66.0 Debonnaire, ny en la ſuyte qui y eſt adiou¬

220.0 342.0 770.0 60.0 ſtee, & ſe continue iuſques au regne du Roy

226.0 393.0 767.0 59.0 Loys le Ieune vingt & vnieſme Roy de Frã¬

222.0 444.0 773.0 64.0 ce. Et pourtant, attendant que queleun

221.0 497.0 771.0 59.0 mette en auant vne reſolution plus certai¬

222.0 542.0 774.0 63.0 ne, ie me tiendray cependant à l’opinon de

225.0 593.0 770.0 64.0 Geruais Tilesbery, lequel, ainſi comme

225.0 643.0 771.0 60.0 Gaguin teſmoigne, au liure des vacations

224.0 689.0 770.0 68.0 Imperiales qu’il a adreſſé à l’Empereur Ot¬

224.0 740.0 771.0 65.0 ton quatrieſme, a laiſſé par eſcrit, que l’v¬

224.0 790.0 772.0 64.0 ſage en fut introduit par le Roy Artus de

228.0 842.0 767.0 63.0 Bretaigne, qui eut domination quelques

225.0 890.0 770.0 63.0 annees durant, en vne partie de la Gaule.

226.0 937.0 770.0 66.0 Et croy que l’occaſion & la raiſon qui en

228.0 992.0 768.0 59.0 produiſit l’inuention, fut: Aſcauoir, que

227.0 1039.0 766.0 64.0 tout ainſi comme en matiere feodale, on ap

230.0 1088.0 766.0 62.0 pelle Pairs de la Cour, ceux qui ſont com¬

227.0 1138.0 773.0 64.0 paignons beneficiers & conuaſſaux, & qui

228.0 1186.0 770.0 58.0 tienent & releuent d’vn meſme Seigneur &

228.0 1234.0 771.0 62.0 patron leurs fiefs & terres beneficiales: &

227.0 1285.0 771.0 62.0 à raiſon de ce luy promettent tout deuoir

228.0 1332.0 770.0 63.0 de recognoiſſance & de fidelitè: ainſi auſsi

230.0 1382.0 767.0 64.0 comme il eſt bien croyable, que le Roy Ar¬

232.0 1432.0 762.0 63.0 tus eſtant nouueau poſſeſſeur de ce Royau¬

233.0 1481.0 765.0 73.0 me qu’il auoit occupé, choiſit douze de ſes

879.0 1569.0 117.0 30.0 princi
