1023 1853
36 135 766 32 principaux: & diuiſant le Royaume en pro¬

36 161 765 58 uinces & gouuernemens, leur aſsigna à cha¬

36 207 768 58 cun le ſien: afin qu’ils luy en demeuraſſent

33 258 770 60 obligez, & luy donnaſſent confort & ai¬

35 305 767 62 de de puiſſance & de conſeil pour le gou¬

36 356 769 60 uerner. Il y en a d’autres qui eſtiment qu’ils

36 405 769 57 ont eſté appellez Pares, c’eſt à dire Pairs

35 453 772 59 de France, à raiſon de ce qu’ils eſtoyent

37 504 771 60 pareils aux Roys: mais il ſemble que c’eſt

35 554 773 57 la vn aduis treſmal digeré, attendu qu’il ne

35 606 772 60 faut pas rapporter celle parité ou pareille

36 652 771 61 puiſſance, dont ils peuuent prendre leur

35 701 773 62 nom, à la dignité Royale pour les aſſortir a¬

36 752 770 59 uec les Roys, mais à l’autorité qui eſt com

36 801 772 61 mune & egalement departie entre eux, &

35 851 772 61 auſsi grande en l’vn comme en l’autre. Or

37 901 770 59 voicy quels furent leurs noms: les Ducs de

37 950 769 60 Bourgongne, de Normandie, & de Guien

33 996 770 63 ne: les Comtes de Flandre, de Thoulou¬

36 1045 768 65 ſe, & de Champaigne: Les Archeueſques

35 1096 769 65 de Rheims, de Laon, & de Langres: Les

35 1145 771 67 Eueſques de Beauuais, de Noyon, & de

38 1195 767 60 Chaalons. Et tout ainſi comme entre les

36 1244 769 65 Pairs de la Cour (qu’on appelle) par droit

35 1295 769 66 & priuilege de fief, vn pretendant ny peut

38 1345 763 61 point eſtre receu, ſinon qu’il ſoit approuué

36 1394 763 61 & eleu par toute la compagnie des confre¬

33 1444 768 62 res: ny auſſi en eſtre caſſé ou demis que ſa

37 1493 762 78 cauſe n’ait eſté cognue & iugee par ſes fre¬

185 49 442 56 FRANCOISE.

735 66 51 52 147

574 1549 93 47 lz 2
