<?xml version="1.0" encoding="UTF-8"?>
<alto xmlns:xsi="http://www.w3.org/2001/XMLSchema-instance"
      xmlns="http://www.loc.gov/standards/alto/ns-v4#"
      xsi:schemaLocation="http://www.loc.gov/standards/alto/ns-v4# http://www.loc.gov/standards/alto/v4/alto-4-2.xsd">
  <Description>
    <MeasurementUnit>pixel</MeasurementUnit>
    <sourceImageInformation>
      <fileName>173_d6bea_default.jpg</fileName>
      <fileIdentifier>mets//0_4c28e_default.zip/173_d6bea_default.jpg</fileIdentifier>
    </sourceImageInformation>
  </Description>
  <Tags>
    <OtherTag ID="BT7" LABEL="CustomZone" DESCRIPTION="block type CustomZone"/><OtherTag ID="BT8" LABEL="DamageZone" DESCRIPTION="block type DamageZone"/><OtherTag ID="BT9" LABEL="DigitizationArtefactZone" DESCRIPTION="block type DigitizationArtefactZone"/><OtherTag ID="BT10" LABEL="DropCapitalZone" DESCRIPTION="block type DropCapitalZone"/><OtherTag ID="BT11" LABEL="GraphicZone" DESCRIPTION="block type GraphicZone"/><OtherTag ID="BT12" LABEL="MainZone" DESCRIPTION="block type MainZone"/><OtherTag ID="BT13" LABEL="MarginTextZone" DESCRIPTION="block type MarginTextZone"/><OtherTag ID="BT14" LABEL="MusicZone" DESCRIPTION="block type MusicZone"/><OtherTag ID="BT15" LABEL="NumberingZone" DESCRIPTION="block type NumberingZone"/><OtherTag ID="BT17" LABEL="QuireMarksZone" DESCRIPTION="block type QuireMarksZone"/><OtherTag ID="BT18" LABEL="RunningTitleZone" DESCRIPTION="block type RunningTitleZone"/><OtherTag ID="BT19" LABEL="SealZone" DESCRIPTION="block type SealZone"/><OtherTag ID="BT20" LABEL="StampZone" DESCRIPTION="block type StampZone"/><OtherTag ID="BT21" LABEL="TableZone" DESCRIPTION="block type TableZone"/><OtherTag ID="BT22" LABEL="TitlePageZone" DESCRIPTION="block type TitlePageZone"/><OtherTag ID="BT100001" LABEL="MainZone-Head" DESCRIPTION="block type MainZone-Head"/><OtherTag ID="BT100005" LABEL="MainZone-P" DESCRIPTION="block type MainZone-P"/><OtherTag ID="BT100006" LABEL="MainZone-Continued" DESCRIPTION="block type MainZone-Continued"/><OtherTag ID="BT100002" LABEL="MainZone-Lg" DESCRIPTION="block type MainZone-Lg"/><OtherTag ID="BT100007" LABEL="MarginTextZone-ManuscriptAddendum" DESCRIPTION="block type MarginTextZone-ManuscriptAddendum"/><OtherTag ID="BT100003" LABEL="MainZone-Signature" DESCRIPTION="block type MainZone-Signature"/><OtherTag ID="BT100012" LABEL="TitlePageZone-Index" DESCRIPTION="block type TitlePageZone-Index"/>
    <OtherTag ID="LT7" LABEL="CustomLine" DESCRIPTION="line type CustomLine"/><OtherTag ID="LT8" LABEL="DefaultLine" DESCRIPTION="line type DefaultLine"/><OtherTag ID="LT9" LABEL="DropCapitalLine" DESCRIPTION="line type DropCapitalLine"/><OtherTag ID="LT10" LABEL="HeadingLine" DESCRIPTION="line type HeadingLine"/><OtherTag ID="LT11" LABEL="InterlinearLine" DESCRIPTION="line type InterlinearLine"/><OtherTag ID="LT12" LABEL="MusicLine" DESCRIPTION="line type MusicLine"/><OtherTag ID="LT766" LABEL="default" DESCRIPTION="line type default"/>
  </Tags>
  <Layout>
    <Page WIDTH="1023"
          HEIGHT="1853"
          PHYSICAL_IMG_NR="173"
          ID="eSc_dummypage_">
      <PrintSpace HPOS="0"
                  VPOS="0"
                  WIDTH="1023"
                  HEIGHT="1853">
        <TextBlock HPOS="226.0"
                   VPOS="55.0"
                   WIDTH="75.0"
                   HEIGHT="53.0"
                   ID="block_3"
                   TAGREFS="BT15">
          <Shape><Polygon POINTS="301 55 301 108 226 108 226 55"/></Shape>
          <TextLine ID="line_0"
                    TAGREFS="LT8"
                    BASELINE="230 89 307 88" 
                    HPOS="229.0"
                    VPOS="56.0"
                    WIDTH="78.0"
                    HEIGHT="54.0">
            <Shape><Polygon POINTS="291 56 281 56 270 56 261 56 259 58 257 60 229 60 230 89 231 110 242 105 251 107 269 110 270 110 271 110 273 110 273 109 282 101 285 97 307 96 307 88 304 57 297 56 291 56"/></Shape>
	    <String CONTENT="148"
                    HPOS="229.0"
                    VPOS="56.0"
                    WIDTH="78.0"
                    HEIGHT="54.0"
                    WC="0.9999642372131348"></String>
          </TextLine>
        </TextBlock>
        <TextBlock HPOS="401.0"
                   VPOS="47.0"
                   WIDTH="473.0"
                   HEIGHT="50.0"
                   ID="block_0"
                   TAGREFS="BT18">
          <Shape><Polygon POINTS="874 47 874 97 401 97 401 47"/></Shape>
          <TextLine ID="line_1"
                    TAGREFS="LT10"
                    BASELINE="394 89 873 83" 
                    HPOS="393.0"
                    VPOS="46.0"
                    WIDTH="480.0"
                    HEIGHT="56.0">
            <Shape><Polygon POINTS="857 48 846 48 836 48 826 48 815 48 805 48 795 48 785 48 774 48 764 48 754 48 743 48 733 48 723 48 712 48 702 48 700 48 692 48 682 48 671 48 661 48 651 48 640 48 632 48 630 49 614 48 609 48 599 48 589 48 578 48 568 48 558 48 548 48 537 48 527 48 517 50 489 49 471 48 465 48 455 48 445 48 434 48 424 48 414 48 413 46 393 50 394 89 394 94 421 102 422 102 423 102 424 102 438 95 479 100 480 100 481 100 491 95 494 94 498 95 523 102 524 102 525 102 585 101 612 96 633 92 646 96 659 100 660 100 661 100 662 100 676 96 694 92 717 96 731 99 732 99 733 99 734 99 737 97 746 90 792 90 806 97 807 97 808 98 873 98 873 83 870 48 867 48"/></Shape>
	    <String CONTENT="DE LA GAVLE"
                    HPOS="393.0"
                    VPOS="46.0"
                    WIDTH="480.0"
                    HEIGHT="56.0"
                    WC="0.9999513734470714"></String>
          </TextLine>
        </TextBlock>
        <TextBlock HPOS="217.0"
                   VPOS="112.0"
                   WIDTH="791.0"
                   HEIGHT="1445.0"
                   ID="block_1"
                   TAGREFS="BT100006">
          <Shape><Polygon POINTS="1008 112 1008 1544 217 1557 217 118 551 115"/></Shape>
          <TextLine ID="line_2"
                    TAGREFS="LT8"
                    BASELINE="224 145 994 139" 
                    HPOS="220.0"
                    VPOS="112.0"
                    WIDTH="773.0"
                    HEIGHT="64.0">
            <Shape><Polygon POINTS="220 117 222 162 248 176 292 176 305 163 322 176 519 176 536 162 610 171 621 160 664 160 683 174 717 174 734 160 990 172 993 140 990 114 916 112"/></Shape>
	    <String CONTENT="res &amp;compagnons, ny ne peuuent ces Pairs¬"
                    HPOS="220.0"
                    VPOS="112.0"
                    WIDTH="773.0"
                    HEIGHT="64.0"></String>
          </TextLine>
          <TextLine ID="line_3"
                    TAGREFS="LT8"
                    BASELINE="225 199 998 190" 
                    HPOS="224.0"
                    VPOS="157.0"
                    WIDTH="774.0"
                    HEIGHT="59.0">
            <Shape><Polygon POINTS="225 199 225 211 287 216 288 216 317 210 328 207 336 210 352 214 353 214 354 214 355 214 356 214 363 210 366 207 372 208 393 215 394 215 395 215 427 208 437 206 447 207 481 214 482 214 518 213 519 213 531 206 534 205 540 206 562 211 563 211 564 211 575 205 580 204 588 205 620 212 621 212 622 212 634 205 635 204 642 205 692 211 693 211 694 211 695 211 703 204 722 207 723 207 724 207 735 203 740 202 812 202 813 202 819 207 820 207 821 207 822 207 849 202 854 201 858 201 884 207 885 207 887 207 888 207 894 202 921 206 922 206 923 206 936 200 938 200 997 200 998 190 995 164 874 164 871 164 826 157 825 157 824 157 823 157 812 164 811 164 810 164 743 158 742 158 741 158 740 158 732 165 729 166 712 165 655 159 654 159 653 159 652 159 642 165 638 167 624 165 590 160 589 160 565 165 551 169 442 169 435 166 431 163 430 163 429 163 428 163 427 163 426 163 422 166 418 168 411 166 397 162 396 162 395 162 394 162 393 162 388 166 380 171 341 171 330 166 323 163 322 163 321 163 299 166 275 170 261 166 253 164 252 164 251 164 224 166 225 199"/></Shape>
	    <String CONTENT="la eſtre contraints de reſpondre deuant au¬"
                    HPOS="224.0"
                    VPOS="157.0"
                    WIDTH="774.0"
                    HEIGHT="59.0"
                    WC="0.9908362821091053"></String>
          </TextLine>
          <TextLine ID="line_4"
                    TAGREFS="LT8"
                    BASELINE="224 250 994 239" 
                    HPOS="223.0"
                    VPOS="206.0"
                    WIDTH="771.0"
                    HEIGHT="62.0">
            <Shape><Polygon POINTS="224 250 224 258 244 265 245 265 246 265 324 258 335 267 336 267 337 267 338 268 367 268 367 267 401 260 408 266 410 266 411 266 412 267 452 267 452 266 453 266 481 256 482 256 485 256 556 261 557 261 558 261 584 255 595 263 596 263 597 263 598 263 599 263 621 257 645 263 646 263 648 263 689 254 690 253 771 252 774 253 786 260 787 260 788 260 830 261 831 261 832 261 833 261 844 252 845 251 848 252 870 260 871 260 872 260 930 252 935 251 940 251 981 258 982 258 983 258 984 258 994 252 994 239 991 212 885 213 879 212 861 206 860 206 859 206 858 206 843 212 837 215 664 215 644 213 621 210 620 210 619 210 606 213 591 217 585 213 582 211 581 211 580 211 578 211 577 211 576 211 573 213 567 216 490 213 465 213 464 213 463 213 461 214 447 219 316 214 300 214 299 214 298 214 297 214 286 221 223 215 224 250"/></Shape>
	    <String CONTENT="tres iuges, que deuant leurs compaignons:"
                    HPOS="223.0"
                    VPOS="206.0"
                    WIDTH="771.0"
                    HEIGHT="62.0"
                    WC="0.9914247233693193"></String>
          </TextLine>
          <TextLine ID="line_5"
                    TAGREFS="LT8"
                    BASELINE="225 298 1000 290" 
                    HPOS="224.0"
                    VPOS="258.0"
                    WIDTH="776.0"
                    HEIGHT="55.0">
            <Shape><Polygon POINTS="225 298 225 308 370 313 371 313 427 307 445 306 453 307 470 311 471 311 504 307 524 305 552 307 608 311 609 311 610 311 626 306 634 304 638 306 643 310 644 310 645 310 646 310 734 306 817 302 999 304 1000 290 998 263 918 259 917 259 892 264 888 264 882 264 823 258 822 258 790 265 788 265 785 265 731 259 730 259 677 266 675 266 674 266 612 260 611 260 553 261 552 261 551 261 542 267 437 262 436 262 374 269 351 263 350 263 349 263 348 263 319 270 246 266 245 266 244 266 224 271 225 298"/></Shape>
	    <String CONTENT="au cas pareil ceux cy ne peuuent eſtre iugez"
                    HPOS="224.0"
                    VPOS="258.0"
                    WIDTH="776.0"
                    HEIGHT="55.0"
                    WC="0.9998106360435486"></String>
          </TextLine>
          <TextLine ID="line_6"
                    TAGREFS="LT8"
                    BASELINE="225 347 998 338" 
                    HPOS="224.0"
                    VPOS="303.0"
                    WIDTH="774.0"
                    HEIGHT="63.0">
            <Shape><Polygon POINTS="225 347 225 366 323 364 324 364 343 356 371 362 372 362 438 355 454 362 455 362 456 362 457 362 458 362 484 354 525 361 530 361 531 361 538 360 586 354 605 359 609 360 610 360 611 360 612 360 614 360 615 359 622 353 641 358 648 360 649 360 650 360 663 358 698 352 853 352 858 354 867 358 868 358 869 358 997 351 998 338 996 311 940 303 939 303 938 303 937 303 937 304 929 310 850 306 849 306 798 312 739 304 738 304 679 305 678 305 644 316 630 316 620 306 619 306 618 306 582 306 581 306 474 318 391 318 371 309 370 309 369 309 368 309 367 309 357 318 326 312 325 312 324 312 308 320 224 320 225 347"/></Shape>
	    <String CONTENT="que par leurs autres freres &amp; Pairs, ny eſtre"
                    HPOS="224.0"
                    VPOS="303.0"
                    WIDTH="774.0"
                    HEIGHT="63.0"></String>
          </TextLine>
          <TextLine ID="line_7"
                    TAGREFS="LT8"
                    BASELINE="223 397 998 389" 
                    HPOS="222.0"
                    VPOS="352.0"
                    WIDTH="776.0"
                    HEIGHT="63.0">
            <Shape><Polygon POINTS="223 397 223 406 247 414 248 414 249 415 311 415 311 414 312 414 313 414 326 406 384 413 385 413 448 406 493 412 494 412 495 412 505 407 608 411 609 411 653 403 705 409 706 409 753 402 782 409 783 409 785 409 786 409 815 401 871 401 898 408 899 408 900 408 936 400 971 404 972 404 998 398 998 389 995 352 965 353 964 353 963 353 952 361 873 362 858 355 856 354 855 354 812 354 811 354 810 354 806 356 791 363 698 358 656 356 655 356 654 356 653 356 649 359 642 364 635 359 630 357 629 357 628 357 627 357 620 360 606 365 555 361 535 360 534 360 522 362 498 366 475 363 441 358 440 358 439 358 423 364 414 367 388 365 346 361 345 361 344 361 332 366 330 368 222 368 223 397"/></Shape>
	    <String CONTENT="receus ou oſtez que par l’autorité de tout le"
                    HPOS="222.0"
                    VPOS="352.0"
                    WIDTH="776.0"
                    HEIGHT="63.0"
                    WC="0.9872911391050919"></String>
          </TextLine>
          <TextLine ID="line_8"
                    TAGREFS="LT8"
                    BASELINE="225 447 999 438" 
                    HPOS="224.0"
                    VPOS="401.0"
                    WIDTH="775.0"
                    HEIGHT="65.0">
            <Shape><Polygon POINTS="225 447 225 457 271 457 296 464 297 464 298 464 299 464 311 460 317 465 318 465 319 465 320 466 374 466 374 465 376 465 391 457 419 463 420 463 421 463 446 457 454 455 460 457 471 461 472 461 473 461 474 461 488 457 498 453 533 453 540 457 547 460 548 460 549 460 550 460 559 457 572 452 604 453 608 457 616 462 617 462 618 462 619 462 678 457 753 450 998 457 999 438 998 410 972 401 971 401 912 401 911 401 910 401 892 411 891 411 888 411 836 402 835 402 834 402 833 402 820 411 817 412 811 411 740 403 739 403 738 403 705 412 702 414 565 415 561 414 541 406 540 406 539 406 538 406 537 406 528 414 526 416 453 416 451 415 440 407 439 407 438 407 412 407 411 407 410 407 393 415 390 417 383 415 353 408 352 408 351 408 350 408 328 414 294 409 293 409 292 409 291 409 283 415 242 409 241 409 240 409 224 415 225 447"/></Shape>
	    <String CONTENT="College. Et combien que ceſt ordre-la fut"
                    HPOS="224.0"
                    VPOS="401.0"
                    WIDTH="775.0"
                    HEIGHT="65.0"
                    WC="0.9906593881002287"></String>
          </TextLine>
          <TextLine ID="line_9"
                    TAGREFS="LT8"
                    BASELINE="224 497 998 487" 
                    HPOS="223.0"
                    VPOS="452.0"
                    WIDTH="775.0"
                    HEIGHT="64.0">
            <Shape><Polygon POINTS="224 497 224 516 300 516 300 515 301 515 304 514 334 505 446 505 461 512 465 513 466 513 467 513 468 513 472 511 488 505 534 510 535 510 536 510 537 510 577 502 611 502 623 509 626 511 627 511 628 511 629 511 630 511 636 509 644 505 670 508 690 510 691 510 692 510 698 508 709 503 738 506 739 506 775 500 811 504 812 504 813 504 828 499 837 505 840 508 841 508 842 508 843 508 868 505 909 499 996 502 998 487 996 460 910 452 909 452 908 452 885 460 881 461 876 460 845 455 844 455 843 455 826 461 822 462 821 461 813 455 812 455 811 455 781 455 780 455 779 455 763 461 759 462 747 461 714 458 713 458 666 462 635 464 632 462 626 457 625 457 624 457 591 457 590 457 589 457 567 462 555 465 223 465 224 497"/></Shape>
	    <String CONTENT="premierement introduit par vn Roy eſtran¬"
                    HPOS="223.0"
                    VPOS="452.0"
                    WIDTH="775.0"
                    HEIGHT="64.0"
                    WC="0.9970343069332402"></String>
          </TextLine>
          <TextLine ID="line_10"
                    TAGREFS="LT8"
                    BASELINE="224 545 998 537" 
                    HPOS="224.0"
                    VPOS="499.0"
                    WIDTH="774.0"
                    HEIGHT="65.0">
            <Shape><Polygon POINTS="224 564 286 564 286 563 287 563 288 563 297 555 329 562 330 562 393 555 469 561 472 561 473 561 474 561 494 552 560 556 561 556 610 550 670 556 671 556 707 549 754 549 787 557 788 557 789 557 790 557 791 557 804 548 823 555 824 555 825 555 859 550 873 556 874 556 875 556 932 555 933 555 952 549 996 555 998 537 994 507 985 509 982 507 973 499 972 499 971 499 901 499 900 499 866 507 853 510 846 507 832 500 831 500 830 500 829 500 812 507 802 512 648 512 634 507 621 502 620 502 619 502 573 503 572 503 561 507 547 513 530 507 516 503 515 503 514 503 513 503 501 507 486 514 472 508 464 504 463 504 418 504 417 504 416 504 408 508 392 516 318 517 241 517 224 508 224 545 224 564"/></Shape>
	    <String CONTENT="ger: toutefois il eſt bien vray-ſemblable"
                    HPOS="224.0"
                    VPOS="499.0"
                    WIDTH="774.0"
                    HEIGHT="65.0"
                    WC="0.9995097110911113"></String>
          </TextLine>
          <TextLine ID="line_11"
                    TAGREFS="LT8"
                    BASELINE="222 595 997 587" 
                    HPOS="221.0"
                    VPOS="552.0"
                    WIDTH="776.0"
                    HEIGHT="61.0">
            <Shape><Polygon POINTS="221 586 222 595 222 613 310 605 329 612 330 612 331 612 332 612 350 605 426 611 430 611 431 611 432 611 433 611 445 603 488 610 489 610 490 610 491 610 512 603 531 609 532 609 533 609 534 609 535 609 544 603 581 603 590 609 591 609 592 609 593 609 594 609 619 602 694 608 700 608 701 608 702 608 703 608 714 601 719 605 720 605 721 605 722 605 774 600 790 605 791 605 792 605 828 600 851 606 856 607 857 607 858 607 871 606 938 599 995 604 997 587 995 563 941 554 940 554 939 554 938 554 929 561 837 563 810 552 809 552 808 552 807 552 763 564 725 557 724 557 698 563 664 560 663 560 662 560 661 560 661 561 656 565 648 565 562 564 548 555 547 555 516 555 515 555 514 555 513 555 503 563 469 555 468 555 467 555 441 567 431 561 430 561 429 561 428 561 397 566 385 556 384 556 383 556 366 556 365 556 364 556 337 565 317 557 316 557 259 557 258 557 257 557 226 567 221 586"/></Shape>
	    <String CONTENT="que les Roys de France apres auoir recou¬"
                    HPOS="221.0"
                    VPOS="552.0"
                    WIDTH="776.0"
                    HEIGHT="61.0"
                    WC="0.9766493541438405"></String>
          </TextLine>
          <TextLine ID="line_12"
                    TAGREFS="LT8"
                    BASELINE="220 645 997 637" 
                    HPOS="220.0"
                    VPOS="600.0"
                    WIDTH="777.0"
                    HEIGHT="63.0">
            <Shape><Polygon POINTS="220 632 220 645 220 656 244 662 245 662 283 656 293 654 299 655 324 662 325 662 326 663 403 663 403 662 404 662 405 662 417 654 421 652 437 654 480 658 481 658 519 653 525 652 527 652 549 660 550 660 551 660 552 660 576 652 577 652 605 657 606 657 607 657 608 657 617 651 619 650 654 650 656 651 669 659 670 659 671 659 672 660 704 660 704 659 771 650 791 658 792 658 793 658 794 658 811 649 813 648 814 649 827 654 828 654 829 654 830 654 831 654 840 648 841 648 847 648 902 654 903 654 904 654 919 647 922 647 924 647 953 656 955 656 956 656 996 646 997 637 994 610 842 610 813 600 812 600 811 600 810 600 809 600 793 611 792 612 773 612 741 612 727 601 726 601 725 601 705 601 704 601 703 601 702 601 686 612 653 602 652 602 610 602 609 602 554 603 553 603 552 603 543 610 510 603 509 603 508 603 507 603 492 614 490 614 446 607 445 607 371 615 370 615 364 610 363 610 362 610 361 610 328 613 274 606 273 606 271 606 250 616 250 617 224 617 220 632"/></Shape>
	    <String CONTENT="uré le pays &amp; chaſſé l’Anglois, le trouue¬"
                    HPOS="220.0"
                    VPOS="600.0"
                    WIDTH="777.0"
                    HEIGHT="63.0"
                    WC="0.9933999885212291"></String>
          </TextLine>
          <TextLine ID="line_13"
                    TAGREFS="LT8"
                    BASELINE="220 695 998 686" 
                    HPOS="220.0"
                    VPOS="649.0"
                    WIDTH="778.0"
                    HEIGHT="56.0">
            <Shape><Polygon POINTS="220 685 220 695 220 705 997 701 998 686 997 658 982 649 981 649 980 649 979 649 978 649 959 658 831 650 830 650 829 650 828 650 815 660 718 652 717 652 715 652 696 661 642 656 641 656 640 656 625 662 616 655 615 655 614 655 612 655 611 655 610 655 605 659 565 653 564 653 563 653 522 665 401 665 357 656 356 656 355 656 335 663 308 658 307 658 305 658 288 667 287 667 286 667 257 660 256 660 224 667 220 685"/></Shape>
	    <String CONTENT="rent aſſez commode pour leurs affaires &amp;"
                    HPOS="220.0"
                    VPOS="649.0"
                    WIDTH="778.0"
                    HEIGHT="56.0"
                    WC="0.998243123292923"></String>
          </TextLine>
          <TextLine ID="line_14"
                    TAGREFS="LT8"
                    BASELINE="220 745 998 736" 
                    HPOS="220.0"
                    VPOS="697.0"
                    WIDTH="778.0"
                    HEIGHT="61.0">
            <Shape><Polygon POINTS="220 737 220 745 220 758 418 758 418 757 419 757 420 757 424 754 428 752 433 754 442 758 444 758 445 758 466 754 479 751 485 753 493 757 494 757 495 758 559 758 559 757 560 757 561 757 569 752 571 751 584 752 630 756 631 756 632 756 645 751 652 749 670 750 719 755 720 755 721 755 735 749 739 748 743 749 757 754 758 754 759 755 820 755 820 754 821 754 822 754 830 748 832 747 844 748 897 752 898 752 899 752 917 747 922 746 927 746 967 752 968 752 997 745 998 736 996 698 949 697 948 697 947 697 944 700 932 706 910 702 909 702 908 702 907 702 897 708 805 703 755 700 754 700 753 700 752 700 745 704 735 711 693 711 686 705 679 701 678 701 677 701 676 701 604 703 603 703 602 703 598 707 595 709 589 707 565 702 564 702 563 702 562 702 562 703 556 708 551 712 468 710 410 709 408 709 407 709 398 712 391 714 388 712 379 706 378 706 377 706 352 705 351 705 350 705 349 705 337 713 336 713 312 708 311 708 310 708 293 714 292 714 289 714 244 710 243 710 242 710 224 714 220 737"/></Shape>
	    <String CONTENT="en voulurent retenir l’vſage. Mais au reſte"
                    HPOS="220.0"
                    VPOS="697.0"
                    WIDTH="778.0"
                    HEIGHT="61.0"
                    WC="0.9992429461590079"></String>
          </TextLine>
          <TextLine ID="line_15"
                    TAGREFS="LT8"
                    BASELINE="220 794 998 786" 
                    HPOS="220.0"
                    VPOS="750.0"
                    WIDTH="778.0"
                    HEIGHT="60.0">
            <Shape><Polygon POINTS="220 784 220 794 220 802 295 810 296 810 297 810 317 802 320 802 322 802 336 808 337 808 338 808 339 808 341 808 348 802 349 802 352 802 376 808 377 808 398 802 401 802 405 802 428 809 429 809 430 810 503 810 503 809 610 802 680 799 692 802 703 807 704 807 705 807 736 802 774 798 792 802 795 803 796 803 797 803 798 803 799 803 799 802 809 797 856 802 857 802 904 796 931 796 940 802 940 803 941 803 942 803 943 803 944 803 947 802 968 797 997 802 998 786 995 750 888 760 870 755 869 755 868 755 844 760 828 753 822 751 821 751 820 751 819 751 808 754 779 761 768 754 765 752 764 752 763 752 762 752 761 752 748 755 731 759 712 756 695 753 694 753 659 757 606 763 564 759 512 754 510 754 509 754 489 761 478 764 447 762 414 759 413 759 412 759 402 763 396 766 335 766 332 764 319 758 318 758 317 758 316 758 315 758 307 764 224 766 220 784"/></Shape>
	    <String CONTENT="ie ne trouue point que ceſt eſtat &amp; nom de"
                    HPOS="220.0"
                    VPOS="750.0"
                    WIDTH="778.0"
                    HEIGHT="60.0"
                    WC="0.9987142029262724"></String>
          </TextLine>
          <TextLine ID="line_16"
                    TAGREFS="LT8"
                    BASELINE="220 844 995 834" 
                    HPOS="220.0"
                    VPOS="794.0"
                    WIDTH="775.0"
                    HEIGHT="66.0">
            <Shape><Polygon POINTS="220 835 220 844 220 858 264 853 284 857 297 860 298 860 299 860 311 857 329 852 348 856 361 859 362 859 363 859 370 856 378 852 436 851 462 854 487 857 488 857 514 853 523 852 548 852 649 856 650 856 722 854 723 854 724 854 731 849 732 849 738 849 821 854 822 854 910 846 924 845 929 846 965 852 966 852 967 852 995 844 995 834 993 798 958 794 957 794 956 794 940 799 924 803 909 799 908 799 907 799 906 799 905 799 904 799 904 800 898 807 871 807 863 800 857 795 856 795 855 795 854 795 669 797 668 797 667 797 659 802 635 798 634 798 633 798 632 798 621 806 615 809 600 806 564 798 563 798 497 808 475 812 404 812 401 810 383 801 382 801 381 801 380 801 379 801 366 811 365 812 363 811 346 801 345 801 344 801 343 801 326 811 291 812 267 813 265 813 246 807 245 807 244 807 243 807 225 812 220 835"/></Shape>
	    <String CONTENT="Pairs ſe ſoit repreſenté pluſtoſt que au ſa¬"
                    HPOS="220.0"
                    VPOS="794.0"
                    WIDTH="775.0"
                    HEIGHT="66.0"
                    WC="0.9982221457693312"></String>
          </TextLine>
          <TextLine ID="line_17"
                    TAGREFS="LT8"
                    BASELINE="219 892 994 884" 
                    HPOS="218.0"
                    VPOS="848.0"
                    WIDTH="776.0"
                    HEIGHT="67.0">
            <Shape><Polygon POINTS="219 892 219 903 283 911 284 911 285 911 299 906 307 912 308 912 309 912 310 912 311 912 342 902 343 902 344 902 364 914 365 914 366 915 407 915 407 914 408 914 431 902 461 913 462 913 463 914 508 914 508 913 553 912 554 912 581 900 581 899 662 899 677 905 678 905 679 905 680 905 682 905 692 899 692 898 735 898 737 898 775 910 776 910 777 910 814 903 826 908 827 908 828 908 829 908 843 903 895 908 896 908 897 908 934 896 935 896 958 903 959 903 960 903 993 895 994 884 991 848 940 857 897 853 896 853 895 853 877 858 854 854 853 854 757 859 735 852 734 852 733 852 732 852 703 859 680 852 679 852 678 852 677 852 662 859 639 853 636 852 635 852 634 852 633 852 632 852 632 853 624 858 596 853 593 853 592 853 591 853 590 853 580 861 541 861 495 855 488 854 487 854 486 854 485 854 484 855 475 861 468 855 467 854 466 854 465 854 444 854 442 854 441 854 435 855 404 864 382 864 371 856 370 855 369 855 368 855 345 855 344 855 343 855 342 855 339 857 329 863 320 857 317 855 316 855 315 855 314 855 300 857 265 864 218 859 219 892"/></Shape>
	    <String CONTENT="cre du Roy Philippe le Bel: &amp; y en a qui aſ¬"
                    HPOS="218.0"
                    VPOS="848.0"
                    WIDTH="776.0"
                    HEIGHT="67.0"
                    WC="0.9930986220186407"></String>
          </TextLine>
          <TextLine ID="line_18"
                    TAGREFS="LT8"
                    BASELINE="217 942 994 934" 
                    HPOS="216.0"
                    VPOS="897.0"
                    WIDTH="778.0"
                    HEIGHT="59.0">
            <Shape><Polygon POINTS="217 942 217 956 994 947 994 934 992 906 948 900 947 900 946 900 945 900 937 905 937 906 936 905 925 897 924 897 923 897 922 897 921 897 895 905 889 908 853 908 848 905 843 901 842 901 841 901 840 901 807 905 790 907 778 905 748 899 747 899 718 905 695 910 651 908 645 905 636 900 635 900 634 900 633 900 623 905 614 910 593 904 575 901 574 901 573 901 572 901 567 904 560 910 488 912 467 904 460 902 459 902 412 902 411 902 410 902 405 904 389 914 285 914 257 904 256 904 216 904 217 942"/></Shape>
	    <String CONTENT="ſeurent auſsi que ce fut luy-meſme qui crea¬"
                    HPOS="216.0"
                    VPOS="897.0"
                    WIDTH="778.0"
                    HEIGHT="59.0"
                    WC="0.9987513233314861"></String>
          </TextLine>
          <TextLine ID="line_19"
                    TAGREFS="LT8"
                    BASELINE="218 994 991 984" 
                    HPOS="217.0"
                    VPOS="942.0"
                    WIDTH="774.0"
                    HEIGHT="64.0">
            <Shape><Polygon POINTS="218 994 218 1005 371 1000 380 1003 390 1006 391 1006 392 1006 417 1002 424 1001 455 1001 601 1004 602 1004 603 1004 621 998 625 997 635 998 678 1003 679 1003 680 1003 695 997 696 997 731 1002 732 1002 733 1002 734 1002 740 996 778 995 804 995 805 995 814 1001 815 1001 816 1001 817 1001 858 996 911 1000 912 1000 991 991 991 984 989 945 961 942 960 942 959 942 958 942 956 945 946 950 938 945 937 944 936 944 935 944 934 944 933 944 930 945 910 953 809 953 795 947 793 946 792 946 791 946 786 947 753 954 727 948 726 948 725 948 724 948 698 954 690 949 689 949 688 949 687 949 686 949 685 949 677 955 660 948 659 948 658 948 657 948 656 948 646 956 595 956 559 949 552 948 551 948 543 949 524 953 494 950 485 949 484 949 483 949 482 949 481 950 470 957 452 951 451 951 450 951 449 951 448 951 448 952 440 958 422 950 421 950 420 950 371 950 370 950 369 950 367 951 354 958 304 952 296 951 295 951 294 951 292 952 276 960 250 952 249 952 248 952 247 952 217 952 218 994"/></Shape>
	    <String CONTENT="ſix Pairs Eccleſiaſtiques. M. Guillaume Bu¬"
                    HPOS="217.0"
                    VPOS="942.0"
                    WIDTH="774.0"
                    HEIGHT="64.0"
                    WC="0.9974339451900748"></String>
          </TextLine>
          <TextLine ID="line_20"
                    TAGREFS="LT8"
                    BASELINE="218 1041 995 1034" 
                    HPOS="217.0"
                    VPOS="995.0"
                    WIDTH="778.0"
                    HEIGHT="63.0">
            <Shape><Polygon POINTS="218 1041 218 1049 321 1058 322 1058 323 1058 324 1058 335 1051 372 1057 373 1057 413 1051 437 1057 438 1057 439 1057 473 1056 474 1056 490 1047 491 1047 493 1047 529 1055 530 1055 582 1049 685 1054 686 1054 687 1054 708 1047 765 1053 766 1053 767 1053 768 1053 775 1046 778 1044 994 1044 995 1034 994 1006 956 995 955 995 953 995 952 995 930 1003 913 995 912 995 882 995 881 995 880 995 879 995 861 1006 833 996 832 996 801 996 800 996 799 996 798 996 787 1006 779 1002 778 1002 777 1002 776 1002 775 1002 770 1007 769 1007 764 1007 702 1002 701 1002 653 1006 628 998 627 998 589 998 588 998 587 998 586 998 576 1006 552 1008 536 1010 382 1010 378 1009 353 1000 352 1000 351 1000 350 1000 330 1009 326 1012 313 1012 310 1009 297 1001 296 1001 295 1001 239 1001 237 1001 236 1001 217 1009 218 1041"/></Shape>
	    <String CONTENT="dé perſonnage excellent, &amp; en ſcauoir des"
                    HPOS="217.0"
                    VPOS="995.0"
                    WIDTH="778.0"
                    HEIGHT="63.0"
                    WC="0.9880265536762419"></String>
          </TextLine>
          <TextLine ID="line_21"
                    TAGREFS="LT8"
                    BASELINE="220 1093 995 1082" 
                    HPOS="220.0"
                    VPOS="1046.0"
                    WIDTH="775.0"
                    HEIGHT="63.0">
            <Shape><Polygon POINTS="220 1082 220 1093 220 1109 297 1102 373 1102 382 1106 384 1108 385 1108 386 1108 387 1108 388 1108 396 1106 418 1100 533 1100 542 1103 550 1106 551 1106 552 1106 553 1106 559 1103 567 1098 628 1098 636 1101 645 1105 646 1105 648 1105 673 1101 684 1099 687 1100 695 1104 696 1104 697 1105 761 1105 761 1104 834 1103 835 1103 847 1097 853 1095 860 1097 869 1100 870 1100 871 1100 888 1097 895 1095 896 1096 903 1102 904 1102 905 1102 906 1102 995 1094 995 1082 993 1051 967 1046 966 1046 946 1051 934 1054 928 1052 917 1046 916 1046 915 1046 890 1052 875 1055 859 1053 843 1051 842 1051 841 1051 840 1051 837 1053 832 1057 748 1057 735 1055 690 1050 689 1050 688 1050 668 1056 661 1058 641 1056 591 1052 590 1052 589 1052 588 1052 580 1058 575 1060 451 1061 441 1060 405 1054 404 1054 370 1061 363 1062 356 1061 314 1055 313 1055 224 1063 220 1082"/></Shape>
	    <String CONTENT="premiers hommes de noſtre aage, impoſe"
                    HPOS="220.0"
                    VPOS="1046.0"
                    WIDTH="775.0"
                    HEIGHT="63.0"
                    WC="0.9948629109483016"></String>
          </TextLine>
          <TextLine ID="line_22"
                    TAGREFS="LT8"
                    BASELINE="217 1142 995 1133" 
                    HPOS="216.0"
                    VPOS="1093.0"
                    WIDTH="779.0"
                    HEIGHT="63.0">
            <Shape><Polygon POINTS="217 1142 217 1154 474 1156 475 1156 509 1152 553 1148 582 1152 595 1154 596 1154 597 1154 601 1152 614 1147 685 1151 707 1152 708 1152 709 1152 710 1152 711 1151 720 1146 829 1150 832 1150 833 1150 834 1150 851 1144 871 1150 872 1150 873 1150 874 1150 875 1150 882 1144 904 1148 905 1148 906 1148 922 1143 993 1149 995 1133 993 1097 950 1094 949 1094 948 1094 939 1098 923 1104 911 1098 902 1093 901 1093 900 1093 899 1093 898 1093 892 1099 882 1106 799 1106 778 1101 755 1095 754 1095 753 1095 752 1095 734 1102 723 1106 711 1102 691 1096 690 1096 640 1096 639 1096 638 1096 619 1104 608 1108 573 1105 493 1098 492 1098 491 1098 490 1098 476 1107 473 1109 465 1107 454 1105 453 1105 452 1105 451 1105 447 1108 444 1110 437 1108 422 1103 421 1103 420 1103 419 1103 397 1108 372 1100 371 1100 327 1100 326 1100 325 1100 297 1111 293 1113 216 1113 217 1142"/></Shape>
	    <String CONTENT="à ces Pairs icy, le nom de Patriciens, &amp; dit"
                    HPOS="216.0"
                    VPOS="1093.0"
                    WIDTH="779.0"
                    HEIGHT="63.0"
                    WC="0.9884905576705932"></String>
          </TextLine>
          <TextLine ID="line_23"
                    TAGREFS="LT8"
                    BASELINE="218 1190 995 1181" 
                    HPOS="217.0"
                    VPOS="1143.0"
                    WIDTH="778.0"
                    HEIGHT="67.0">
            <Shape><Polygon POINTS="218 1190 218 1210 270 1202 345 1208 346 1208 392 1203 430 1207 431 1207 432 1207 461 1200 491 1207 492 1207 493 1207 494 1207 539 1199 608 1204 609 1204 610 1204 631 1198 743 1204 745 1204 746 1204 747 1204 782 1197 882 1200 883 1200 959 1195 993 1201 995 1181 993 1154 898 1143 897 1143 896 1143 874 1152 802 1144 801 1144 800 1144 799 1144 799 1145 789 1155 756 1155 749 1155 747 1155 609 1146 608 1146 607 1146 606 1146 606 1147 596 1157 595 1157 592 1157 543 1147 542 1147 541 1147 510 1157 506 1159 447 1159 446 1158 428 1149 427 1149 426 1149 425 1149 424 1149 411 1158 407 1160 356 1160 354 1158 342 1152 341 1152 339 1152 338 1152 324 1158 307 1150 305 1150 226 1150 225 1150 224 1150 223 1150 223 1151 217 1157 218 1190"/></Shape>
	    <String CONTENT="qu’il a opinion qu’ils furent premierement"
                    HPOS="217.0"
                    VPOS="1143.0"
                    WIDTH="778.0"
                    HEIGHT="67.0"
                    WC="0.9904767587071374"></String>
          </TextLine>
          <TextLine ID="line_24"
                    TAGREFS="LT8"
                    BASELINE="217 1241 993 1232" 
                    HPOS="216.0"
                    VPOS="1193.0"
                    WIDTH="777.0"
                    HEIGHT="63.0">
            <Shape><Polygon POINTS="217 1241 217 1249 239 1255 240 1255 241 1255 310 1248 316 1248 360 1248 363 1248 376 1256 377 1256 378 1256 379 1256 426 1251 435 1255 436 1255 437 1255 438 1255 439 1255 450 1248 468 1255 469 1255 470 1255 508 1249 560 1254 561 1254 586 1249 698 1252 699 1252 700 1252 701 1252 711 1244 753 1249 754 1249 755 1249 756 1249 766 1243 831 1247 832 1247 833 1247 851 1242 903 1248 904 1248 938 1241 968 1246 969 1246 970 1246 993 1239 993 1232 991 1194 949 1193 948 1193 947 1193 942 1194 917 1202 876 1196 862 1194 861 1194 860 1194 859 1194 857 1196 849 1202 807 1205 748 1205 730 1199 727 1198 726 1198 725 1198 724 1198 721 1199 708 1206 659 1206 650 1201 640 1196 639 1196 638 1196 637 1196 624 1201 609 1207 576 1207 567 1202 556 1197 555 1197 554 1197 553 1197 535 1203 522 1207 453 1205 427 1204 426 1204 408 1206 372 1210 351 1210 347 1207 337 1200 336 1200 335 1200 334 1200 333 1200 313 1206 296 1200 295 1200 294 1200 216 1209 217 1241"/></Shape>
	    <String CONTENT="eſtablis par quelque Roy du nombre de"
                    HPOS="216.0"
                    VPOS="1193.0"
                    WIDTH="777.0"
                    HEIGHT="63.0"
                    WC="0.9990712339813644"></String>
          </TextLine>
          <TextLine ID="line_25"
                    TAGREFS="LT8"
                    BASELINE="216 1289 989 1281" 
                    HPOS="215.0"
                    VPOS="1241.0"
                    WIDTH="774.0"
                    HEIGHT="64.0">
            <Shape><Polygon POINTS="216 1289 216 1300 383 1305 384 1305 429 1300 452 1298 471 1300 502 1304 503 1304 541 1300 581 1296 591 1300 599 1303 600 1303 601 1303 665 1300 796 1292 856 1292 867 1300 868 1300 869 1300 870 1300 871 1300 873 1300 892 1291 902 1299 903 1299 904 1299 905 1300 933 1300 934 1300 934 1299 935 1299 936 1299 945 1291 986 1299 989 1281 985 1251 970 1251 969 1251 949 1241 948 1241 947 1241 946 1241 932 1247 900 1241 899 1241 898 1241 897 1241 882 1252 881 1253 860 1253 859 1252 843 1242 842 1242 841 1242 840 1242 749 1243 748 1243 747 1243 733 1253 732 1253 731 1253 662 1245 661 1245 660 1245 659 1245 650 1252 642 1246 641 1246 640 1246 639 1246 616 1249 601 1244 600 1244 599 1244 598 1244 563 1255 527 1255 470 1256 469 1256 452 1246 451 1246 450 1246 401 1246 400 1246 399 1246 398 1246 385 1257 384 1259 278 1259 276 1259 258 1253 257 1253 256 1253 215 1259 216 1289"/></Shape>
	    <String CONTENT="ceux qui tindrent l’Empire d’Alemaigne,"
                    HPOS="215.0"
                    VPOS="1241.0"
                    WIDTH="774.0"
                    HEIGHT="64.0"
                    WC="0.996545869570512"></String>
          </TextLine>
          <TextLine ID="line_26"
                    TAGREFS="LT8"
                    BASELINE="216 1340 990 1331" 
                    HPOS="215.0"
                    VPOS="1291.0"
                    WIDTH="775.0"
                    HEIGHT="65.0">
            <Shape><Polygon POINTS="216 1340 216 1349 276 1349 298 1356 299 1356 300 1356 331 1355 332 1355 333 1355 341 1349 357 1355 358 1355 359 1355 360 1355 361 1355 369 1348 392 1354 393 1354 394 1354 473 1346 480 1346 485 1346 558 1353 559 1353 560 1353 581 1347 620 1352 621 1352 622 1352 646 1345 650 1344 654 1345 685 1351 686 1351 687 1351 709 1344 710 1344 717 1344 812 1350 813 1350 847 1343 854 1342 894 1342 896 1342 905 1348 906 1348 907 1348 908 1348 990 1341 990 1331 987 1301 916 1300 905 1291 904 1291 903 1291 902 1291 860 1300 834 1292 833 1292 832 1292 831 1292 807 1301 741 1294 740 1294 739 1294 720 1304 719 1305 690 1305 689 1304 671 1295 670 1295 669 1295 668 1295 667 1295 656 1304 571 1301 570 1301 530 1306 473 1297 472 1297 424 1298 423 1298 422 1298 422 1299 414 1306 386 1308 385 1308 249 1300 248 1300 247 1300 215 1310 216 1340"/></Shape>
	    <String CONTENT="&amp; furent ainſi nommez à raiſon de ce que"
                    HPOS="215.0"
                    VPOS="1291.0"
                    WIDTH="775.0"
                    HEIGHT="65.0"
                    WC="0.9943186698890314"></String>
          </TextLine>
          <TextLine ID="line_27"
                    TAGREFS="LT8"
                    BASELINE="216 1390 987 1379" 
                    HPOS="215.0"
                    VPOS="1341.0"
                    WIDTH="772.0"
                    HEIGHT="66.0">
            <Shape><Polygon POINTS="216 1390 216 1401 243 1406 244 1406 319 1401 335 1400 337 1401 351 1407 352 1407 353 1407 403 1400 416 1399 427 1400 468 1405 469 1405 470 1405 488 1400 497 1396 529 1396 533 1399 538 1404 539 1404 540 1404 541 1404 569 1399 587 1395 592 1399 598 1403 599 1403 600 1403 601 1404 636 1404 636 1403 637 1403 651 1399 663 1394 697 1397 707 1399 708 1399 721 1397 767 1393 783 1397 793 1400 794 1400 795 1400 807 1397 829 1392 846 1396 853 1399 854 1399 855 1400 913 1400 913 1399 914 1399 915 1399 915 1397 917 1396 923 1391 985 1395 987 1379 984 1347 937 1350 915 1347 878 1341 877 1341 798 1342 797 1342 796 1342 789 1348 781 1353 754 1353 746 1348 740 1343 739 1343 738 1343 737 1343 736 1343 720 1348 702 1353 664 1348 659 1348 658 1348 653 1348 601 1355 554 1349 531 1346 530 1346 529 1346 520 1349 493 1358 432 1358 412 1349 407 1348 406 1348 405 1348 404 1348 401 1350 386 1358 354 1359 334 1350 332 1349 331 1349 330 1349 329 1349 328 1349 327 1350 319 1356 310 1350 309 1349 308 1349 307 1349 305 1349 269 1350 268 1350 267 1350 254 1359 242 1350 241 1350 240 1350 239 1350 215 1350 216 1390"/></Shape>
	    <String CONTENT="Iuſtinian dit que l’Empereur les eliſoit pour"
                    HPOS="215.0"
                    VPOS="1341.0"
                    WIDTH="772.0"
                    HEIGHT="66.0"
                    WC="0.9928855035040114"></String>
          </TextLine>
          <TextLine ID="line_28"
                    TAGREFS="LT8"
                    BASELINE="215 1440 986 1428" 
                    HPOS="214.0"
                    VPOS="1391.0"
                    WIDTH="772.0"
                    HEIGHT="65.0">
            <Shape><Polygon POINTS="215 1440 215 1449 283 1456 284 1456 285 1456 301 1451 363 1454 364 1454 365 1454 366 1454 377 1448 406 1454 407 1454 473 1453 474 1453 495 1446 508 1452 509 1452 510 1452 542 1446 561 1452 562 1452 563 1452 564 1452 565 1452 574 1446 628 1451 629 1451 799 1442 819 1448 820 1448 821 1448 851 1443 906 1447 907 1447 986 1438 986 1428 983 1391 905 1402 897 1395 896 1395 895 1395 894 1395 876 1399 861 1393 860 1393 859 1393 858 1393 849 1393 763 1404 631 1401 630 1401 602 1406 542 1401 510 1399 509 1399 508 1399 498 1402 482 1408 469 1403 465 1401 464 1401 463 1401 462 1401 458 1403 448 1408 374 1405 365 1405 364 1405 358 1405 319 1410 299 1407 275 1402 274 1402 214 1408 215 1440"/></Shape>
	    <String CONTENT="eſtre peres, &amp; comme patrons &amp; tuteurs"
                    HPOS="214.0"
                    VPOS="1391.0"
                    WIDTH="772.0"
                    HEIGHT="65.0"
                    WC="0.990949135077627"></String>
          </TextLine>
          <TextLine ID="line_29"
                    TAGREFS="LT8"
                    BASELINE="215 1490 985 1479" 
                    HPOS="214.0"
                    VPOS="1441.0"
                    WIDTH="771.0"
                    HEIGHT="66.0">
            <Shape><Polygon POINTS="215 1490 215 1500 241 1507 242 1507 307 1499 311 1499 312 1499 319 1506 320 1506 321 1506 322 1506 323 1506 338 1499 349 1504 350 1504 351 1504 408 1498 412 1498 414 1498 465 1506 466 1506 514 1497 518 1496 522 1496 559 1505 560 1505 605 1495 609 1495 617 1495 703 1502 704 1502 705 1502 729 1494 732 1493 740 1494 788 1499 789 1499 819 1493 822 1492 822 1493 829 1498 830 1498 831 1498 872 1499 873 1499 874 1499 898 1492 901 1491 932 1491 933 1491 943 1498 944 1498 945 1498 946 1498 985 1490 985 1479 982 1442 949 1449 939 1442 938 1441 937 1441 936 1441 935 1441 934 1441 931 1442 912 1451 851 1450 841 1443 840 1443 839 1443 838 1443 837 1443 836 1444 819 1453 670 1454 645 1448 644 1448 643 1448 642 1448 641 1448 631 1456 582 1456 566 1448 565 1448 564 1448 563 1448 551 1454 537 1447 536 1447 535 1447 534 1447 475 1448 474 1448 473 1448 457 1457 417 1449 415 1449 393 1449 392 1449 391 1449 390 1449 379 1457 343 1450 341 1450 339 1450 338 1450 315 1458 297 1450 295 1450 294 1450 293 1450 286 1451 249 1456 214 1452 215 1490"/></Shape>
	    <String CONTENT="de la choſe publique. Quant à moy ie ne"
                    HPOS="214.0"
                    VPOS="1441.0"
                    WIDTH="771.0"
                    HEIGHT="66.0"
                    WC="0.9871518805623054"></String>
          </TextLine>
          <TextLine ID="line_30"
                    TAGREFS="LT8"
                    BASELINE="217 1540 982 1527" 
                    HPOS="216.0"
                    VPOS="1492.0"
                    WIDTH="766.0"
                    HEIGHT="86.0">
            <Shape><Polygon POINTS="217 1540 217 1561 247 1578 248 1578 249 1578 304 1577 305 1577 345 1559 377 1565 378 1565 408 1559 441 1567 442 1567 444 1567 445 1567 471 1560 502 1570 503 1570 598 1572 599 1572 600 1572 601 1572 617 1561 659 1567 660 1567 661 1567 662 1567 669 1562 685 1570 686 1570 687 1570 752 1563 810 1568 811 1568 812 1568 856 1550 982 1548 982 1527 980 1500 917 1492 916 1492 915 1492 914 1492 906 1498 900 1493 899 1493 898 1493 869 1493 868 1493 867 1493 851 1501 850 1502 719 1504 718 1504 703 1496 702 1496 701 1496 700 1496 686 1504 680 1504 599 1497 598 1497 557 1498 556 1498 536 1506 532 1508 468 1508 465 1507 458 1500 457 1500 456 1500 455 1500 454 1500 442 1507 439 1508 431 1507 412 1504 411 1504 362 1508 332 1510 323 1508 303 1504 302 1504 301 1504 300 1504 295 1509 292 1510 216 1510 217 1540"/></Shape>
	    <String CONTENT="veux point reietter l’aduis de ce grand&#x27; per¬"
                    HPOS="216.0"
                    VPOS="1492.0"
                    WIDTH="766.0"
                    HEIGHT="86.0"></String>
          </TextLine>
        </TextBlock>
        <TextBlock HPOS="874.0"
                   VPOS="1547.0"
                   WIDTH="112.0"
                   HEIGHT="48.0"
                   ID="block_2"
                   TAGREFS="BT17">
          <Shape><Polygon POINTS="986 1547 985 1595 874 1595 874 1548"/></Shape>
          <TextLine ID="line_31"
                    TAGREFS="LT8"
                    BASELINE="868 1581 983 1578" 
                    HPOS="866.0"
                    VPOS="1541.0"
                    WIDTH="117.0"
                    HEIGHT="61.0">
            <Shape><Polygon POINTS="868 1581 868 1596 936 1602 937 1602 983 1594 983 1578 980 1549 922 1550 910 1544 907 1541 906 1541 905 1541 866 1541 868 1581"/></Shape>
	    <String CONTENT="ſonna"
                    HPOS="866.0"
                    VPOS="1541.0"
                    WIDTH="117.0"
                    HEIGHT="61.0"
                    WC="0.9984280109405518"></String>
          </TextLine>
        </TextBlock>
      </PrintSpace>
    </Page>
  </Layout>
</alto>
