1023 1853
27 145 766 40 ſonnage-la :attendu meſmemẽt qu’il ne con¬

27 176 768 59 uient pas mal à la dignité des Pairs. Car de

26 226 769 56 fait ſous les derniers Empereurs Romains

26 273 772 64 il y eut vne dignité de Patrice, qui n’eſtoit

29 322 768 61 pas fort differente de celle des Pairs: partie à

26 375 768 57 cauſe que ces Patriciẽs eſtoyent tenus cõme

26 424 768 57 Peres & protecteurs de la choſe choſe pu¬

25 470 769 60 blique, cõme teſtifie Suidas: partie d’autant

27 520 766 57 qu’ils eſtoyent fort honorez & fauoriſez de

24 569 768 58 l’Empereur, iuſques à leur demander aduis

24 620 771 60 ſur les plus grans affaires d’Eſtat: & au reſte

26 674 766 55 portoyent les meſmes enſeignes & marques

23 718 768 63 de dignité que les Cõſuls, hors mis que leur

24 770 767 52 Eſtat & authorité eſtoit vn peu moindre

24 818 770 62 que le Cõſulat, & auſsi plus grande que celle

23 869 771 57 des Superintendans, ou gouuerneurs du Pa¬

22 918 771 54 lais On peut retiret certaine cognoiſſance

22 963 766 59 de cecy, des Nouelles de Iuſtinian, de Sido¬

22 1019 771 54 nius Apollinaris, de Claudian, mais prin¬

21 1065 768 58 cipalement des Epiſtres de Caſſiodore.

21 1117 769 58 Mais ſi ne puis-ie penſer que depuis que le

18 1164 779 56 nom & autorité de l’Empire fut tranſpor¬

19 1214 781 54 té aux Alemans, l’vſage de ceſt Eſtat ſe ſoit

19 1264 767 57 gardé ne pratiqué en France. Et ſi n’eſt pas

19 1313 763 57 vray-ſemblable, ſi quelque Empereur d’A¬

18 1360 763 57 lemaigne qui euſt auſsi eſté Roy de France,

19 1410 768 57 euſt deferé ceſt hõneur de Patricien, à quel¬

22 1463 766 57 ques vns, qu’il ne ſe fuſt trouué quelcun des

19 1508 770 74 hiſtoriens d’Alemaigne, qui l’euſt bien peu

185 68 448 58 FRANCOISE.

723 86 70 48 149

590 1563 85 64 lz 3
