1023 1853
207.0 77.0 66.0 47.0 150

349.0 62.0 488.0 57.0 DE LA GAVLE

202.0 135.0 771.0 44.0 ſcauoir & n’euſt pas oublié de le laiſſer à la

205.0 171.0 768.0 57.0 poſterité. Finablement Budé meſmes ne ſa¬

205.0 224.0 766.0 54.0 chant comment ſe depeſtrer d’vne matiere

201.0 271.0 770.0 59.0 ſi enueloppee, dit au meſme endroit, que ce

203.0 321.0 770.0 57.0 meſme ordre de Pairs ſe prattiquoit auſſi

205.0 373.0 768.0 57.0 entre nos voiſins: & allegue quelques anciẽs

205.0 421.0 769.0 56.0 regiſtres de la Cour, où il ſe trouue par eſ¬

205.0 472.0 766.0 57.0 crit de l’an 1224. qu’vn certain Iean Nigel¬

205.0 527.0 767.0 48.0 lan, Flamand, qui auoit vn proces en Flan¬

206.0 569.0 763.0 58.0 dre, appella de la Conteſſe de Flandre par

205.0 617.0 766.0 53.0 deuant les Pairs de France: faiſant ſerment

205.0 666.0 766.0 59.0 que s’il plaidoit ſa cauſe deuant les Pairs de

206.0 718.0 767.0 57.0 Flandre, il ne pourroit auoir raiſon de ſa

203.0 767.0 771.0 59.0 partie qui eſtoit trop forte pour luy: & la

207.0 818.0 765.0 57.0 Conteſſe voulant faire euoquer le iugement

205.0 866.0 771.0 54.0 du proces deuant les Pairs de Flandre, il fut

202.0 916.0 770.0 54.0 ordõné que la cauſe ſe plaideroit deuant les

205.0 964.0 770.0 60.0 Pairs de France. Mais quant à la raiſon, pour

205.0 1018.0 769.0 55.0 quoy ce iugement fut ainſi tranſporté & re¬

202.0 1061.0 774.0 55.0 mis de Flandre en France, Budé n’en decla¬

202.0 1115.0 774.0 59.0 re rien: & s’il y en euſt eu quelqu’vne ie croy

205.0 1162.0 770.0 58.0 que luy qui eſtoit bien verſé au droict des

206.0 1210.0 772.0 60.0 matieres feodales, ne l’euſt pas omiſe. Mais

250.0 1258.0 678.0 62.0 à tant eſt-ce ſuffiſamment parlé de ce¬

307.0 1306.0 552.0 66.0 cy: & eſt temps que nous reue¬

377.0 1355.0 412.0 68.0 nions au principal pro¬

464.0 1413.0 250.0 53.0 pos de noſtre

518.0 1456.0 162.0 64.0 matiere.

850.0 1499.0 124.0 78.0 ¶Com
