1023 1853
89 137 706 55 ¶Comment l’autorité ſacree & inuiola¬

140 179 661 59 ble de l’Aſſemblee des Eſtats, fut

139 228 657 59 maintenue & continuee ſous le re¬

142 274 657 69 gne des deſcendans de Charlemai¬

144 341 98 53 gne.

246 440 363 43 CHAP. XV.

200 74 444 54 FRANCOISE.

242 515 556 68 Pres auoir ſuffiſamment decla¬

243 570 560 64 ré quelle fut la forme de noſtre

243 618 561 63 anciene police, & la grande au¬

249 670 556 60 torité qu’eut le Parlement gene¬

38 721 766 57 ral de nos Eſtats de France ſous le regne

39 766 767 64 des Merouingiens, c’eſt à dire des deſcen¬

38 817 769 63 dans de Merouee: il faut conſequemment

41 869 770 61 que nous expoſions quel gouuernement il

45 917 763 62 y eut ſous celuy des Carlouingiens, c’eſt à

39 966 768 61 dire des Roys de la poſterité de Charle¬

41 1020 766 57 maigne. Or autant que nous pouuons iuger

40 1066 769 58 & retirer de toutes les hiſtoires de France

42 1114 769 62 & d’Alemaigne, qui font mention de l'Eſtat

42 1165 770 61 de France, le meſme honneur & la meſme

43 1214 766 62 autorité fut gardee aux Eſtats, comme el¬

43 1264 768 56 le eſtoit au parauant, de ſorte que le ſouue¬

44 1315 768 61 rain iugement & la deciſion de tous affai¬

44 1365 768 59 res n’eſtoit point en la diſpoſition de Pe¬

47 1413 763 61 pin, ou de Charles, ou de Loys, mais to¬

45 1461 768 61 talement en la puiſſance de la Maieſté Roya

46 1513 769 64 le: laquelle Maieſté auoit proprement &

57 688 167 47 A

745 62 53 68 151

591 1564 93 73 lz 4
