1023 1853
207.0 56.0 64.0 58.0 152

336.0 46.0 491.0 69.0 DE LA GAVLE

203.0 125.0 763.0 52.0 vrayement lon fiege en l’aſſemblee ſolen¬

202.0 162.0 765.0 61.0 nelle des Eſtats, ainſi que nous auons de¬

200.0 211.0 766.0 60.0 duit cy deſſus. On peut tirer certaine in¬

199.0 259.0 769.0 63.0 ſtruction de cecy, premierement du liure

200.0 306.0 769.0 59.0 d’Eguinard, deſia ſouuent allegué: où diſ¬

199.0 360.0 767.0 54.0 courant ce qui aduint apres la mort de Pe¬

203.0 406.0 763.0 60.0 pin, il en parle ainſi: Les François, dit¬

198.0 456.0 771.0 57.0 il, ayant fait ſolennellement aſſembler la

198.0 508.0 769.0 60.0 congregation generale des Eſtats eleurent

197.0 553.0 767.0 66.0 ſes deux fils Roys, à telle charge & con¬

198.0 606.0 770.0 66.0 dition, qu’ils diuiſeroyent tout le corps du

199.0 657.0 768.0 60.0 Royaume en deux portions egales: & que

201.0 705.0 765.0 62.0 Charles gouverneroit celle partie que

198.0 756.0 768.0 61.0 leur pere Pepin auoit tenue: & Carolo¬

195.0 805.0 773.0 61.0 man l’autre de laquelle leur oncle auoit

196.0 852.0 770.0 59.0 l’adminiſtration, &c. Par où il eſt aſſez e¬

196.0 906.0 773.0 59.0 uidemment donné à cognoiſtre, que toute

196.0 952.0 769.0 57.0 la meſme autorité qu’auoyent euë les E¬

196.0 1002.0 771.0 62.0 ſtats du Royaume ſous le regne des Me¬

197.0 1053.0 770.0 61.0 rouingiens, preſque l’eſpace de trois cens

196.0 1103.0 770.0 61.0 ans, ils la retindrent encore depuis que la

197.0 1146.0 767.0 67.0 poſterité de Merouee fut eſteincte, de ſor¬

195.0 1199.0 772.0 63.0 te que combien que le Roy laiſſaſt des hoirs

194.0 1249.0 774.0 61.0 maſles apres luy, toutesfois ils n’eſtoyent

198.0 1299.0 770.0 62.0 point tant inueſtis du Royaume par droict

194.0 1349.0 773.0 61.0 de ſucceſſion hereditaire, comme par l’ad¬

194.0 1397.0 769.0 63.0 uis & volonté des Eſtats Outre cela enco¬

194.0 1450.0 772.0 59.0 re les autres matieres plus hautes & af¬

192.0 1496.0 773.0 70.0 faires d’eſtat, ne ſe vuidoyent point autre¬

857.0 1551.0 109.0 61.0 ment
