1023 1853
15 120 774 65 ment que par les eſtats, anſi qu'Aimoin

18 165 767 65 teſmoigne au ſeptante & vnieſme chapitre,

18 214 764 64 du quatrieme liure, où il parle de la guer¬

16 264 771 64 re des Saxons. Le Roy, dit-il, ſur le temps

17 313 770 63 nouueau, s’en alla à Noyon, pour s’ache¬

17 361 771 65 miner de là en Saxe, auec vne groſſe ar¬

17 414 773 63 mee, & tenir aſſemblee generale de ſon

22 457 765 68 peuple à Padebrune. Et au chapitre ſe¬

18 509 771 68 ptante & ſeptieſme, Quand l’hyuer fut paſ¬

16 561 771 65 ſé, il tint aſſemblee generale de ſon peu¬

18 608 775 69 ple à l’accouſtumee à Padebrune. Et au

17 662 770 63 chapitre ſeprante & neufieſme. Et ayant

16 709 773 65 trouué ſa femme à Vvormes, il delibera y te

15 757 773 65 nir aſſemblee des Eſtats. Auſquels paſſages

15 811 774 61 il parle continuellement de Charlemaigne,

15 857 773 67 lequel combien qu’il euſt conquis preſque

15 906 774 65 l’Empire entier de toute l’Europe par ſes

15 957 773 61 grans faits d’armes, & heureuſes victoires,

16 1004 775 67 & ſe fuſt acquis de là le ſurnom de Grãd, tou

18 1056 773 65 tesfois iamais il ne oſta aux François leur

16 1107 772 65 premier priuilege & anciene liberté: ny ne

16 1154 773 66 s’eſſaya iamais d’entreprendre choſe d’im¬

16 1206 772 64 portance ſans l’auis du Peuple, & ſans l’auto

14 1254 772 66 rité des perſonnages notables de ſon Roy¬

15 1307 771 61 aume. Apres le deces de Charlemaigne,

17 1353 772 65 c’eſt bien vne choſe certaine, que ſon fils

16 1403 774 62 Loys adminiſtra le Royaume tout de la

15 1453 771 65 meſme ſorte, & en la meſme condition que

17 1501 771 78 ſon pere: ainſi que l’auteur de la ſuyte de l’hi

197 54 449 61 FRANCOISE.

739 57 42 55 153

582 1558 73 63 k 5
