1023 1853
211.0 78.0 67.0 47.0 154

332.0 65.0 502.0 55.0 DE LA GAVLE

202.0 141.0 766.0 36.0 ſtoire d’Aim. le raconte. Apres la mort de

205.0 172.0 762.0 59.0 Charles (dit l’hiſt.) I’Empereur Loys auoit

202.0 225.0 766.0 58.0 donné aſsignation au peuple, pour ſe trou¬

203.0 272.0 765.0 57.0 uer à l’aſſemblee generale, au lieu de Theo¬

203.0 320.0 765.0 61.0 tuade, comme par quelque preſage & ſigni¬

205.0 371.0 766.0 56.0 fication de l’aduenir. Et au chap.38.où il fait

203.0 418.0 767.0 54.0 mention de l’accord de paix, fait entre le

206.0 465.0 762.0 64.0 Roy Loys & Loys ſon couſin: Ils firent aſ¬

205.0 518.0 766.0 58.0 ſembler vn Parlement general (dit-il) & en

207.0 568.0 763.0 51.0 ce Parlement ils accorderent entre eux, de

206.0 616.0 763.0 62.0 garder les choſes qui s’enſuyuent, du con¬

206.0 668.0 764.0 55.0 ſentement de leurs feaux amis & cõſeillers.

206.0 713.0 767.0 64.0 &c. Et au cha. 41.où il parle de Caroloman

206.0 766.0 766.0 58.0 fils de Loys le Begue: Et en ceſte ſorte, dit¬

206.0 813.0 764.0 62.0 il, il ſe departit d’auec les Normans pour

208.0 863.0 763.0 58.0 s’en retourner à Vvormes, où il deuoit tenir

206.0 912.0 766.0 62.0 ſa diette generale, au premier de Nouemb.

208.0 961.0 767.0 59.0 Et au chap. ſuyuant, où il parle de Charles

207.0 1011.0 766.0 64.0 le Simple. Les principaux de France, dit-il,

210.0 1062.0 766.0 61.0 voyans que ſon aage n’eſtoit pas capable

209.0 1109.0 767.0 57.0 d’adminiſtration, tindrent conſeil d’affaires

210.0 1160.0 765.0 61.0 de grande conſequence. Mais d’amaſſer icy

210.0 1211.0 771.0 63.0 tous les teſmoignages qui en parlent, outre

211.0 1260.0 765.0 60.0 ce que ce ſeroit vne grãde ſimpleſſe à moy,

213.0 1307.0 767.0 62.0 d’entreprendre vne choſe infinie, cela ſeroit

213.0 1357.0 766.0 62.0 meſme, ie croy, vn labeur preſque inutile.

217.0 1404.0 761.0 65.0 Car il eſt deſia aſſez aiſé à ceux qui en vou¬

217.0 1455.0 763.0 63.0 dront prendre la peine de recueillir de ceux

216.0 1506.0 764.0 76.0 que nous auons produits, que la cognoiſſan

882.0 1562.0 97.0 64.0 ce, le
