1023 1853
247.0 91.0 752.0 75.0 religieuſement ordonnees. Parquoy, Prince

251.0 134.0 748.0 74.0 treshumain, continuez & perſeuerez hardie

247.0 188.0 752.0 74.0 ment en ceſte voſtre douceur & clemence

248.0 237.0 748.0 70.0 accouſtumee, aimant mieux la louange & la

244.0 284.0 749.0 75.0 reputation procedente de bonté & de iuſti¬

244.0 336.0 749.0 76.0 ce, que celle qui procede de puiſſance & de

244.0 387.0 755.0 69.0 force: & ſuyuant pluſtoſt le train heureux de

240.0 431.0 754.0 79.0 l’equité & droiture diuine, que celuy de la

242.0 481.0 757.0 77.0 violence & iniquité des Roys & Princes, qui

239.0 531.0 758.0 77.0 prenent plaiſir au ſang humain, & qui eſtãs

233.0 585.0 762.0 70.0 retournez d’vne bataille tous rouges & ſan¬

233.0 633.0 758.0 73.0 glans veulent eſtre ſurnommez foudroyans,

231.0 683.0 764.0 72.0 victorieux, & conquerans. Perſiſtez dy-ie, en

229.0 728.0 765.0 77.0 voſtre benignité, & à maintenir voſtre pays

228.0 780.0 765.0 75.0 en paix, par l’exemple de voſtre iuſtice, cle¬

225.0 829.0 764.0 76.0 mẽce & pieté, & de vos autres rares & ſingu

224.0 878.0 766.0 74.0 lieres vertus. Cõbien qu’au demeurãt il ſem

223.0 927.0 766.0 75.0 ble biẽ que ceſte trãquillité ne ſoit pas logee

221.0 976.0 766.0 71.0 en vos terres ſeulement, mais meſme qu’elle

217.0 1025.0 766.0 76.0 ſe ſoit eſpãdue preſque par toute l’Alemai¬

218.0 1078.0 765.0 71.0 gne: & cõmuniquee à tous vos voiſins, com¬

214.0 1126.0 767.0 75.0 me de main en main: de forte que tout ainſi

213.0 1174.0 768.0 73.0 comme ceux qui font voile, ſe deſtournent

212.0 1225.0 768.0 73.0 tant qu’ils peuuẽt des perilleux deſtroits de

210.0 1272.0 763.0 75.0 mer, & des eourans impetueux & violens,

208.0 1320.0 769.0 75.0 & choiſiſſent les cours aiſez & tranquilles:

207.0 1372.0 769.0 72.0 ainſi pluſieurs auiourdhuy abandonnent les

212.0 1420.0 763.0 76.0 pays, où il fait dangereux, à cauſe des bri¬

208.0 1473.0 764.0 82.0 gandages qui s’y commettent, & vont cer¬

876.0 1550.0 91.0 36.0 cher
