1023 1853
173.0 78.0 440.0 50.0 FRANCOISE.

724.0 74.0 71.0 61.0 155

24.0 142.0 757.0 46.0 ce, le iugement & la deciſion finale des affai¬

26.0 183.0 763.0 59.0 res, concernãs l’eſtat politique & vniuerſel

26.0 232.0 764.0 61.0 de ce Royaume, appartenoit à la congrega¬

26.0 284.0 768.0 59.0 tion generale du peuple, & (cõme nous par¬

28.0 332.0 764.0 57.0 lons auiourdhuy) à l’aſſemblee des eſtats: &

26.0 379.0 765.0 60.0 luy demeura ce droit en ſon entier, iuſques

27.0 428.0 761.0 56.0 au Regne de Charles le Simple, c’eſt à dire,

28.0 479.0 763.0 61.0 plus de cinq cens & cinquante ans durant: &

28.0 529.0 762.0 59.0 que par l’eſpace & reuolution de tant de ſie

28.0 580.0 762.0 54.0 cles, celle anciene police de nos anceſtres

26.0 627.0 766.0 55.0 fut tenue, non ſeulement comme venerable,

28.0 675.0 765.0 57.0 mais comme inuiolable & ſacree. Ce qui

27.0 726.0 764.0 59.0 me fait eſmerueiller grandement, du iuge¬

28.0 777.0 770.0 59.0 mẽt de quelques modernes, qui n’ont point

28.0 825.0 766.0 57.0 eu honte de mettre en leurs liures, que l’hõ

28.0 873.0 765.0 58.0 neur de ceſte introduction d’aſſemblee d’e¬

28.0 924.0 766.0 57.0 ſtats eſt deu au Roy Pepin, comme s’il en a¬

29.0 973.0 767.0 59.0 uoit eſté le premier auteur: car tout à l’op¬

31.0 1021.0 769.0 60.0 poſite, Eguinard Chancelier de Charlemai

32.0 1073.0 766.0 59.0 gne, nous certifie ſi euidemment que rien

30.0 1123.0 769.0 58.0 plus, que c’eſtoit vne couſtume & police or¬

28.0 1172.0 772.0 59.0 dinaire, qu’obſeruoyent ceux de la maiſon

28.0 1222.0 772.0 57.0 de Merouee, de tenir tous les ans au premier

26.0 1269.0 775.0 61.0 iour de May, aſſemblee generale de leur peu

31.0 1317.0 767.0 63.0 ple, &de ſe faire mener à celle aſſemblee ſur

31.0 1370.0 770.0 53.0 vn chariot trainé par des bœufs. Mais afin

31.0 1418.0 770.0 60.0 que ce diſcours ne ſoit point fondé ſur exem

31.0 1466.0 770.0 59.0 ples ſeulement, ains ſur raiſons fermes & ſo

30.0 1517.0 767.0 68.0 lides, contẽplons derechef en cecy, de com¬
