1023 1853
205.0 80.0 66.0 52.0 156

329.0 71.0 503.0 51.0 DE LA GAVLE

202.0 143.0 767.0 46.0 bien la ſageſſe de nos anceſtres, exceda cel¬

203.0 179.0 765.0 57.0 le d’auiourdhuy: & comment ils monſtrerẽt

205.0 225.0 764.0 66.0 qu’il y auoit bien grande difference entre

201.0 277.0 764.0 62.0 le Roy & le Royaume. Car en effet, voicy

202.0 325.0 767.0 63.0 ce qui en eſt à la verité. Le Roy, combien

202.0 375.0 766.0 59.0 qu’il ſoit Prince & Seigneur, toutefois il

202.0 423.0 763.0 63.0 n’eſt qu’vne perſonne ſeule & ſinguliere

201.0 475.0 764.0 63.0 quant à luy. Mais le Royaume, c’eſt la com

199.0 523.0 767.0 58.0 munauté vniuerſelle de tous les citoyens &

199.0 574.0 767.0 60.0 ſuiets, qui y ſont compris: & eſt ceſte meſme

199.0 623.0 767.0 60.0 diſtinction ſoigneuſement obſeruee entre

200.0 670.0 769.0 57.0 les Iuriſcõſultes. Car voicy comme Vlpian

200.0 722.0 769.0 61.0 definit celuy, qui eſt coulpable du crime

199.0 772.0 769.0 60.0 de Perduellion, à ſcauoir, que c’eſt celuy, qui

199.0 824.0 768.0 58.0 a pris vn courage & volonté d’ennemy, à

200.0 868.0 764.0 61.0 l’encontre de la choſe publique, ou à l’en¬

199.0 921.0 766.0 58.0 contre du Prince. Et dedans les ordannan¬

199.0 970.0 769.0 59.0 ces de Saxe au 3 tit. Celuy qui aura conſpiré

199.0 1019.0 768.0 60.0 ou fait quelque menee à l’encontre du Roy¬

199.0 1070.0 769.0 59.0 aume ou à l’encontre du Roy, qu’il ſoit pu¬

199.0 1119.0 770.0 58.0 ny de mort. Dauantage, ce ſont choſes rela¬

199.0 1168.0 770.0 59.0 tiues & neceſſairement enchainees l’vne a¬

201.0 1217.0 767.0 61.0 uec l’autre, par vn reſpect mutuel & obliga¬

200.0 1265.0 769.0 61.0 tion reciproque, que le Roy & ſon Royau¬

201.0 1316.0 767.0 60.0 me:comme le pere de famille, & la famille

203.0 1365.0 765.0 63.0 qui depend de luy: le tuteur & ſon pupille:

202.0 1416.0 769.0 62.0 vn curateur, & celuy qu’il a en charge: vn pi¬

203.0 1464.0 768.0 61.0 lote de nauire, & les paſſagers qu’il mene en

203.0 1513.0 766.0 69.0 ſon vaiſſeau: vn Capitaine, & ſon armee.

811.0 1566.0 158.0 52.0 Partant,
