1023 1853
202.0 32.0 444.0 57.0 FRANCOISE.

736.0 36.0 44.0 60.0 157

26.0 109.0 769.0 44.0 Partant, ainſi comme le pupille n’eſt pas in¬

25.0 137.0 769.0 62.0 ſſitué à cauſe du tuteur: ny le vaiſſeau pour

26.0 190.0 768.0 64.0 le pilote, ny l’armee pour le Capitaine:mais

24.0 237.0 769.0 63.0 au contraire le tuteur eſt ordonné pour le

25.0 289.0 768.0 65.0 pupille, & ainſi ſemblablement le pere, le

25.0 338.0 769.0 65.0 pilote, le Capitaine, pour ceux qui leur ſont

22.0 389.0 769.0 60.0 cõmis en charge: auſsi en cas pareil, le peu¬

24.0 434.0 770.0 64.0 ple n’eſt point fait & aſſuietty à cauſe du

22.0 483.0 768.0 66.0 Roy, mais pluſtoſt le Roy eſt eſtably pour

21.0 534.0 772.0 68.0 le regard du peuple. Car le peuple peut bien

19.0 586.0 775.0 60.0 conſiſter ſans Roy, comme celuy qui eſt

19.0 636.0 773.0 66.0 gouuerné ſous vn eſtat compoſé des plus

20.0 689.0 770.0 58.0 gens de bien & d’apparence, ou comme ce¬

19.0 737.0 772.0 62.0 luy qui ſe gouuerne ſoy-meſme. Mais on ne

17.0 785.0 772.0 59.0 ſcauroit trouuer, non pas meſme imaginer

19.0 832.0 769.0 64.0 vn Roy, qui puiſſe ſubſiſter ſans peuple.

21.0 882.0 768.0 62.0 Voila deſia vne difference, qui eſt entre le

17.0 934.0 772.0 60.0 Roy & le Royaume: venons maintenant aux

15.0 982.0 773.0 60.0 autres. Le Roy eſt mortel, auſsi bien que le

14.0 1031.0 776.0 62.0 moindre de ſes ſuiets. Mais la Royauté eſt

15.0 1084.0 774.0 60.0 perpetuelle, & meſmes immortelle, s’il faut

15.0 1133.0 773.0 58.0 dite ainſi, comme les Iuriſconſultes, quand

14.0 1183.0 769.0 53.0 ils parlent des colleges & des Vniuerſitez.

14.0 1231.0 772.0 60.0 Le Roy peut eſtre fortrait de ſon ſens, &

14.0 1284.0 772.0 56.0 perdre l’entendement, ainſi comme il ad¬

14.0 1330.0 769.0 59.0 uint à noſtre Roy Charles VI, qui dõna ſon

13.0 1379.0 769.0 61.0 Royaume aux Anglois: comme de fait, il

14.0 1431.0 768.0 60.0 n’y a gens plus aiſez à eſtre tranſportez d’en

17.0 1480.0 764.0 72.0 tendement, ne qui laiſſent pluſtoſt abbatre
