1023 1853
234.0 60.0 61.0 49.0 158

373.0 39.0 481.0 56.0 DE LA GAVLE

228.0 116.0 764.0 45.0 & ſupplanter leur raiſon & iugement aux

226.0 150.0 763.0 58.0 attraits des voluptez que ceux-là. Mais le

229.0 199.0 764.0 60.0 Roy aume à ſa ſageſſe propre & particuliere

226.0 249.0 769.0 59.0 certaine & bien aſſeuree, reſidente au cõſeil

227.0 297.0 760.0 59.0 de ſes anciens, & perſonnages d’honneur,

228.0 348.0 765.0 59.0 qui ont la dexterité de gouuerner iointe a¬

229.0 393.0 762.0 60.0 uec la maturité de l’entendement, & le ſca¬

228.0 442.0 762.0 62.0 uoir meſlé auec l’experience & ſageſſe, com

229.0 494.0 766.0 60.0 me en ceux qui repreſentent le chef & la te¬

230.0 544.0 765.0 60.0 ſte de toute la choſe publique. Le Roy peut

229.0 593.0 764.0 56.0 eſtre vaincu en vne bataille, & en moins d’v

229.0 644.0 765.0 60.0 ne iournee eſtre pris & emmené priſonnier

231.0 693.0 762.0 62.0 par l’ennemy victorieux, hors des limites

230.0 744.0 764.0 57.0 de ſon Royaume: ainſi comme il aduint aux

231.0 789.0 763.0 63.0 Roys Sainct Loys, Ian & Frãçois premier.

231.0 841.0 763.0 60.0 Le Royaume deſtitué de ſon Roy, demeure

230.0 891.0 764.0 61.0 neãtmoins en ſon entier: mais auſsi toſt que

230.0 938.0 764.0 59.0 la nouuelle eſt venue d’vne ſi grande perte

230.0 987.0 765.0 63.0 & calamité, on fait ſignifier l’aſſemblee des

232.0 1037.0 762.0 64.0 Eſtats: les principaux perſonnages du Roy¬

230.0 1087.0 765.0 61.0 aume s’aſſemblent en conſeil, pour cercher

232.0 1137.0 763.0 63.0 quelque remede aux preſentes calamitez:

231.0 1187.0 764.0 63.0 ainſi qu’il fut pratiqué formellement en ces

231.0 1236.0 765.0 59.0 cas-là. Il peut auenir, qu’vn ieune Roy mal

230.0 1287.0 766.0 59.0 nourry, ne ſe lairra pas ſeulemẽt corrompre

231.0 1337.0 767.0 60.0 & gaſter, ſoit par faute d’experience, ſoit

232.0 1384.0 767.0 68.0 par legereté volage de ſon naturel, par deux

232.0 1431.0 764.0 63.0 ou trois de ſon cõſeil, qui ſe ſeront inſinuez

232.0 1485.0 764.0 67.0 en ſa grace, & qui au demeurant, ſeront gens

844.0 1544.0 148.0 47.0 vicieux,
