<?xml version="1.0" encoding="UTF-8"?>
<alto xmlns:xsi="http://www.w3.org/2001/XMLSchema-instance"
      xmlns="http://www.loc.gov/standards/alto/ns-v4#"
      xsi:schemaLocation="http://www.loc.gov/standards/alto/ns-v4# http://www.loc.gov/standards/alto/v4/alto-4-2.xsd">
  <Description>
    <MeasurementUnit>pixel</MeasurementUnit>
    <sourceImageInformation>
      <fileName>184_6e755_default.jpg</fileName>
      <fileIdentifier>mets//0_4c28e_default.zip/184_6e755_default.jpg</fileIdentifier>
    </sourceImageInformation>
  </Description>
  <Tags>
    <OtherTag ID="BT7" LABEL="CustomZone" DESCRIPTION="block type CustomZone"/><OtherTag ID="BT8" LABEL="DamageZone" DESCRIPTION="block type DamageZone"/><OtherTag ID="BT9" LABEL="DigitizationArtefactZone" DESCRIPTION="block type DigitizationArtefactZone"/><OtherTag ID="BT10" LABEL="DropCapitalZone" DESCRIPTION="block type DropCapitalZone"/><OtherTag ID="BT11" LABEL="GraphicZone" DESCRIPTION="block type GraphicZone"/><OtherTag ID="BT12" LABEL="MainZone" DESCRIPTION="block type MainZone"/><OtherTag ID="BT13" LABEL="MarginTextZone" DESCRIPTION="block type MarginTextZone"/><OtherTag ID="BT14" LABEL="MusicZone" DESCRIPTION="block type MusicZone"/><OtherTag ID="BT15" LABEL="NumberingZone" DESCRIPTION="block type NumberingZone"/><OtherTag ID="BT17" LABEL="QuireMarksZone" DESCRIPTION="block type QuireMarksZone"/><OtherTag ID="BT18" LABEL="RunningTitleZone" DESCRIPTION="block type RunningTitleZone"/><OtherTag ID="BT19" LABEL="SealZone" DESCRIPTION="block type SealZone"/><OtherTag ID="BT20" LABEL="StampZone" DESCRIPTION="block type StampZone"/><OtherTag ID="BT21" LABEL="TableZone" DESCRIPTION="block type TableZone"/><OtherTag ID="BT22" LABEL="TitlePageZone" DESCRIPTION="block type TitlePageZone"/><OtherTag ID="BT100001" LABEL="MainZone-Head" DESCRIPTION="block type MainZone-Head"/><OtherTag ID="BT100005" LABEL="MainZone-P" DESCRIPTION="block type MainZone-P"/><OtherTag ID="BT100006" LABEL="MainZone-Continued" DESCRIPTION="block type MainZone-Continued"/><OtherTag ID="BT100002" LABEL="MainZone-Lg" DESCRIPTION="block type MainZone-Lg"/><OtherTag ID="BT100007" LABEL="MarginTextZone-ManuscriptAddendum" DESCRIPTION="block type MarginTextZone-ManuscriptAddendum"/><OtherTag ID="BT100003" LABEL="MainZone-Signature" DESCRIPTION="block type MainZone-Signature"/><OtherTag ID="BT100012" LABEL="TitlePageZone-Index" DESCRIPTION="block type TitlePageZone-Index"/>
    <OtherTag ID="LT7" LABEL="CustomLine" DESCRIPTION="line type CustomLine"/><OtherTag ID="LT8" LABEL="DefaultLine" DESCRIPTION="line type DefaultLine"/><OtherTag ID="LT9" LABEL="DropCapitalLine" DESCRIPTION="line type DropCapitalLine"/><OtherTag ID="LT10" LABEL="HeadingLine" DESCRIPTION="line type HeadingLine"/><OtherTag ID="LT11" LABEL="InterlinearLine" DESCRIPTION="line type InterlinearLine"/><OtherTag ID="LT12" LABEL="MusicLine" DESCRIPTION="line type MusicLine"/><OtherTag ID="LT766" LABEL="default" DESCRIPTION="line type default"/>
  </Tags>
  <Layout>
    <Page WIDTH="1023"
          HEIGHT="1853"
          PHYSICAL_IMG_NR="184"
          ID="eSc_dummypage_">
      <PrintSpace HPOS="0"
                  VPOS="0"
                  WIDTH="1023"
                  HEIGHT="1853">
        <TextBlock HPOS="166.0"
                   VPOS="43.0"
                   WIDTH="449.0"
                   HEIGHT="49.0"
                   ID="block_0"
                   TAGREFS="BT18">
          <Shape><Polygon POINTS="615 43 615 92 166 92 166 43"/></Shape>
          <TextLine ID="line_0"
                    TAGREFS="LT10"
                    BASELINE="169 78 617 82" 
                    HPOS="169.0"
                    VPOS="38.0"
                    WIDTH="448.0"
                    HEIGHT="59.0">
            <Shape><Polygon POINTS="601 45 591 45 581 45 570 45 560 45 550 45 543 45 539 45 529 45 519 45 508 45 498 45 488 45 478 45 467 45 457 45 447 45 436 45 426 45 416 45 405 45 395 45 385 45 374 45 364 45 354 45 344 45 333 45 323 45 313 45 302 45 292 45 282 45 271 45 261 45 251 45 241 45 230 45 220 45 210 45 199 45 189 45 179 45 177 38 169 38 169 78 169 94 185 89 212 94 213 94 214 94 215 94 257 89 275 94 280 96 281 96 282 96 309 94 368 90 391 90 396 94 397 95 397 96 398 96 399 96 400 96 410 94 425 91 431 94 435 97 436 97 437 97 438 97 616 94 617 82 616 45 611 45"/></Shape>
	    <String CONTENT="FRANCOISE."
                    HPOS="169.0"
                    VPOS="38.0"
                    WIDTH="448.0"
                    HEIGHT="59.0"
                    WC="0.9999949693679809"></String>
          </TextLine>
        </TextBlock>
        <TextBlock HPOS="730.0"
                   VPOS="58.0"
                   WIDTH="72.0"
                   HEIGHT="50.0"
                   ID="block_2"
                   TAGREFS="BT15">
          <Shape><Polygon POINTS="802 58 802 108 730 108 730 58"/></Shape>
          <TextLine ID="line_1"
                    TAGREFS="LT8"
                    BASELINE="739 88 789 93" 
                    HPOS="737.0"
                    VPOS="59.0"
                    WIDTH="53.0"
                    HEIGHT="46.0">
            <Shape><Polygon POINTS="782 59 772 59 771 59 766 64 758 71 756 70 749 82 748 70 740 70 739 88 737 105 787 105 789 93 790 60 782 59"/></Shape>
	    <String CONTENT="159"
                    HPOS="737.0"
                    VPOS="59.0"
                    WIDTH="53.0"
                    HEIGHT="46.0"></String>
          </TextLine>
        </TextBlock>
        <TextBlock HPOS="24.0"
                   VPOS="106.0"
                   WIDTH="782.0"
                   HEIGHT="1433.0"
                   ID="block_1"
                   TAGREFS="BT100006">
          <Shape><Polygon POINTS="806 111 806 1539 24 1539 26 106"/></Shape>
          <TextLine ID="line_2"
                    TAGREFS="LT8"
                    BASELINE="36 135 795 144" 
                    HPOS="36.0"
                    VPOS="120.0"
                    WIDTH="759.0"
                    HEIGHT="39.0">
            <Shape><Polygon POINTS="788 120 777 120 767 120 757 120 746 120 736 120 726 120 715 120 705 120 695 120 685 120 674 120 664 120 654 120 643 120 633 120 623 120 612 120 602 120 592 120 582 120 571 120 561 120 551 120 540 120 530 120 520 120 509 120 499 120 489 120 479 120 468 120 458 120 448 120 437 120 427 120 417 120 406 120 396 120 386 120 376 120 365 120 355 120 345 120 334 120 324 120 314 120 303 120 293 120 283 120 273 120 262 120 252 120 242 120 231 120 221 120 211 120 200 120 190 120 180 120 169 120 159 120 149 120 139 120 128 120 118 120 108 120 97 120 87 120 77 120 66 120 56 120 46 120 36 120 36 135 36 151 127 147 228 152 278 154 279 154 280 154 289 152 300 149 304 152 307 154 308 154 309 154 371 155 372 155 373 155 386 152 395 150 403 152 415 156 416 156 417 156 452 152 465 151 467 152 471 156 472 156 473 156 474 156 519 152 528 152 533 152 560 157 561 157 680 153 687 153 688 153 718 159 719 159 764 154 780 159 781 159 782 159 783 159 794 153 795 144 794 120 788 120"/></Shape>
	    <String CONTENT="vicieux, auaricieux, &amp; prenas à toutes mains"
                    HPOS="36.0"
                    VPOS="120.0"
                    WIDTH="759.0"
                    HEIGHT="39.0"
                    WC="0.9920547842979431"></String>
          </TextLine>
          <TextLine ID="line_3"
                    TAGREFS="LT8"
                    BASELINE="32 185 795 193" 
                    HPOS="31.0"
                    VPOS="149.0"
                    WIDTH="764.0"
                    HEIGHT="56.0">
            <Shape><Polygon POINTS="32 185 31 203 793 205 795 193 795 166 745 159 744 159 706 164 700 164 696 163 663 155 662 155 661 155 611 159 604 154 603 154 602 154 527 154 526 154 501 159 490 161 476 158 459 155 458 155 439 158 416 161 394 157 385 155 384 155 374 156 352 160 346 156 342 152 341 152 339 152 338 152 321 155 298 159 268 154 261 153 260 153 259 153 257 154 245 159 223 153 222 153 221 153 220 153 173 158 160 151 157 150 156 150 155 150 142 151 80 157 70 149 69 149 67 149 32 149 32 185"/></Shape>
	    <String CONTENT="ſous ſon autorité, ou par quelques ieunes mi"
                    HPOS="31.0"
                    VPOS="149.0"
                    WIDTH="764.0"
                    HEIGHT="56.0"
                    WC="0.9878625803523593"></String>
          </TextLine>
          <TextLine ID="line_4"
                    TAGREFS="LT8"
                    BASELINE="35 233 795 240" 
                    HPOS="33.0"
                    VPOS="201.0"
                    WIDTH="762.0"
                    HEIGHT="58.0">
            <Shape><Polygon POINTS="35 233 33 252 58 253 59 253 60 253 61 253 61 252 70 247 125 252 144 254 145 254 172 252 240 248 257 252 266 255 267 255 370 256 371 256 372 256 385 252 394 250 455 250 469 252 494 257 495 257 520 252 529 251 547 252 603 258 604 258 605 258 606 258 616 252 618 252 686 252 689 252 707 259 708 259 709 259 794 252 795 240 794 213 730 206 729 206 728 206 727 206 719 212 715 214 694 212 666 208 665 208 626 211 599 213 596 211 591 207 590 207 589 207 588 207 558 211 547 212 544 211 536 204 535 204 534 204 484 204 483 204 482 204 470 210 468 211 461 210 430 205 429 205 386 210 369 211 364 210 351 204 350 204 349 204 313 208 304 210 295 208 241 201 240 201 35 206 35 233"/></Shape>
	    <String CONTENT="gnons de Cour, qui ne cerchent autre cho¬"
                    HPOS="33.0"
                    VPOS="201.0"
                    WIDTH="762.0"
                    HEIGHT="58.0"
                    WC="0.998377858138666"></String>
          </TextLine>
          <TextLine ID="line_5"
                    TAGREFS="LT8"
                    BASELINE="32 283 794 290" 
                    HPOS="31.0"
                    VPOS="250.0"
                    WIDTH="763.0"
                    HEIGHT="58.0">
            <Shape><Polygon POINTS="32 283 31 294 186 303 187 304 220 304 220 303 221 303 222 303 232 297 303 302 304 302 437 299 446 299 447 299 467 306 468 306 469 306 523 300 524 300 557 306 558 306 631 301 634 301 636 301 686 308 687 308 688 308 711 302 746 308 747 308 793 302 794 290 794 261 768 256 767 256 766 256 753 260 740 264 728 260 720 258 719 258 718 258 706 260 688 264 657 260 619 255 618 255 617 255 603 260 596 262 588 260 566 254 565 254 564 254 563 254 562 254 553 260 551 261 548 260 533 254 532 254 531 254 530 254 529 254 522 259 518 262 360 262 355 259 341 252 339 252 338 252 337 252 319 259 316 260 312 259 301 254 300 254 299 254 242 258 241 258 240 258 187 251 186 251 185 251 184 251 175 257 141 250 140 250 139 250 119 258 118 258 32 258 32 283"/></Shape>
	    <String CONTENT="ſe, qu’à l’entretenir en amour, voluptez, &amp;"
                    HPOS="31.0"
                    VPOS="250.0"
                    WIDTH="763.0"
                    HEIGHT="58.0"
                    WC="0.9891219599680467"></String>
          </TextLine>
          <TextLine ID="line_6"
                    TAGREFS="LT8"
                    BASELINE="31 332 795 341" 
                    HPOS="30.0"
                    VPOS="299.0"
                    WIDTH="765.0"
                    HEIGHT="61.0">
            <Shape><Polygon POINTS="31 332 30 352 121 348 137 354 142 355 143 355 144 355 145 355 149 354 167 346 246 354 286 357 287 357 288 357 301 354 311 352 322 354 339 357 341 357 342 357 352 354 369 348 403 354 406 354 407 354 411 354 440 350 448 354 456 359 457 359 458 359 459 360 497 360 497 359 498 359 499 359 506 354 508 353 510 354 522 359 523 359 524 359 525 359 543 354 553 352 572 354 603 358 604 358 794 354 795 341 793 304 712 312 697 303 696 303 695 303 694 303 691 303 638 311 600 303 596 302 595 302 590 302 548 310 505 310 491 302 489 301 488 301 487 301 479 302 439 308 431 302 430 302 429 302 428 302 403 305 385 301 371 299 317 299 316 299 315 299 308 301 288 307 258 302 257 302 202 306 31 300 31 332"/></Shape>
	    <String CONTENT="autres vicieux paſſe-temps: mais meſmes il"
                    HPOS="30.0"
                    VPOS="299.0"
                    WIDTH="765.0"
                    HEIGHT="61.0"
                    WC="0.9996947788056874"></String>
          </TextLine>
          <TextLine ID="line_7"
                    TAGREFS="LT8"
                    BASELINE="32 380 794 389" 
                    HPOS="31.0"
                    VPOS="343.0"
                    WIDTH="763.0"
                    HEIGHT="61.0">
            <Shape><Polygon POINTS="32 380 31 393 129 400 130 400 194 396 209 395 218 396 251 401 252 402 308 402 308 401 309 401 310 401 316 397 319 396 436 397 439 399 446 403 447 403 448 403 449 403 450 403 464 399 470 398 486 399 528 404 529 404 553 400 564 399 792 403 794 389 794 357 787 351 786 351 785 351 686 351 685 351 684 351 671 357 670 358 670 357 661 350 660 350 659 350 598 348 597 348 596 348 574 356 571 357 568 356 539 348 538 348 537 348 536 348 535 348 525 356 523 357 516 356 492 352 491 352 459 355 452 356 448 355 414 346 413 346 412 346 411 346 393 355 392 356 341 356 338 354 322 346 321 346 320 346 319 346 318 346 308 354 307 355 250 355 249 354 239 348 237 348 236 348 199 351 189 344 188 344 187 344 186 344 134 352 127 353 91 353 90 352 80 343 79 343 78 343 77 343 32 351 32 380"/></Shape>
	    <String CONTENT="ſe peut faire, qu’vne femme le tiendra ſi biẽ"
                    HPOS="31.0"
                    VPOS="343.0"
                    WIDTH="763.0"
                    HEIGHT="61.0"
                    WC="0.9930536267550095"></String>
          </TextLine>
          <TextLine ID="line_8"
                    TAGREFS="LT8"
                    BASELINE="32 431 792 438" 
                    HPOS="31.0"
                    VPOS="394.0"
                    WIDTH="761.0"
                    HEIGHT="63.0">
            <Shape><Polygon POINTS="32 431 31 441 53 448 54 448 55 448 88 443 115 450 116 450 117 450 151 444 164 450 165 450 298 452 299 452 327 447 342 445 436 446 450 450 470 455 471 455 526 453 527 453 531 451 540 447 551 452 556 455 557 455 558 455 559 455 560 455 562 452 568 448 574 452 576 455 577 455 578 455 580 455 601 453 661 448 692 455 696 456 697 456 703 456 748 450 790 457 792 438 792 410 757 400 756 400 696 400 695 400 661 407 653 409 650 407 635 399 634 399 633 399 607 399 606 399 605 399 584 406 575 409 565 406 552 401 551 401 550 401 489 404 442 407 436 404 426 397 425 397 424 397 423 397 392 403 370 407 360 402 347 396 346 396 307 396 305 396 304 396 303 396 297 401 289 406 179 406 157 399 142 394 141 394 140 394 114 398 87 402 76 397 67 394 66 394 65 394 32 396 32 431"/></Shape>
	    <String CONTENT="ſous ſa main, qu’il ne ſera pas maiſtre de ſoy"
                    HPOS="31.0"
                    VPOS="394.0"
                    WIDTH="761.0"
                    HEIGHT="63.0"
                    WC="0.9760672126127325"></String>
          </TextLine>
          <TextLine ID="line_9"
                    TAGREFS="LT8"
                    BASELINE="31 480 565 485 787 493" 
                    HPOS="31.0"
                    VPOS="442.0"
                    WIDTH="756.0"
                    HEIGHT="66.0">
            <Shape><Polygon POINTS="31 480 31 499 74 491 87 499 88 499 89 499 90 499 91 499 105 492 115 500 116 500 117 500 154 501 155 501 159 501 192 495 199 501 200 501 201 501 314 503 315 503 316 503 317 502 333 495 373 495 385 500 386 500 387 500 456 496 483 503 484 503 485 503 666 499 689 506 690 506 691 506 728 500 743 507 745 508 746 508 747 508 786 507 787 493 787 463 768 462 752 450 751 450 749 450 731 450 730 450 729 450 728 450 718 459 701 449 700 449 642 449 641 449 640 449 623 459 603 448 602 448 601 448 563 452 551 447 550 447 516 447 515 447 514 447 513 447 497 458 455 458 440 446 439 446 438 446 437 446 436 446 411 457 360 445 330 445 329 445 328 445 307 455 277 455 262 446 261 446 260 446 259 446 236 455 168 455 168 453 155 444 154 444 153 444 152 444 122 448 112 442 111 442 110 442 109 442 108 442 87 452 31 452 31 480"/></Shape>
	    <String CONTENT="meſme, mais qu’il en ſera ſi fol &amp; ſi abeſty,"
                    HPOS="31.0"
                    VPOS="442.0"
                    WIDTH="756.0"
                    HEIGHT="66.0"
                    WC="0.9843137396706475"></String>
          </TextLine>
          <TextLine ID="line_10"
                    TAGREFS="LT8"
                    BASELINE="35 529 794 538" 
                    HPOS="33.0"
                    VPOS="491.0"
                    WIDTH="761.0"
                    HEIGHT="63.0">
            <Shape><Polygon POINTS="35 529 33 546 174 548 175 548 176 548 180 547 197 542 249 547 271 549 273 549 274 549 278 547 288 543 332 547 371 551 372 551 373 551 383 547 389 545 402 547 417 550 418 550 434 548 450 545 456 548 464 551 465 551 466 551 467 551 478 548 484 546 508 548 574 553 575 553 601 548 608 547 619 548 659 553 660 553 661 553 673 548 674 548 675 548 694 554 695 554 696 554 697 554 698 554 706 548 707 548 709 548 732 553 733 553 793 548 794 538 794 509 741 509 739 508 712 498 711 498 710 498 653 506 646 507 644 506 627 497 626 497 554 497 553 497 552 497 551 497 538 505 537 505 536 505 514 496 513 496 512 496 510 496 490 504 487 505 428 504 427 503 415 495 414 495 413 495 393 495 392 495 391 495 390 495 380 503 379 503 243 503 240 500 230 493 229 493 228 493 227 493 226 493 213 497 192 492 191 492 190 492 189 492 174 497 83 491 82 491 81 491 80 491 69 498 64 500 35 498 35 529"/></Shape>
	    <String CONTENT="qu’il luy lairra entre ſes mains l’adminiſtra¬"
                    HPOS="33.0"
                    VPOS="491.0"
                    WIDTH="761.0"
                    HEIGHT="63.0"
                    WC="0.9875179010888805"></String>
          </TextLine>
          <TextLine ID="line_11"
                    TAGREFS="LT8"
                    BASELINE="30 579 792 589" 
                    HPOS="29.0"
                    VPOS="543.0"
                    WIDTH="763.0"
                    HEIGHT="62.0">
            <Shape><Polygon POINTS="30 579 29 588 191 600 192 600 259 593 260 593 261 593 284 601 285 601 286 601 380 596 402 595 404 596 408 600 408 601 410 601 411 601 412 601 453 597 469 596 488 598 528 603 529 603 530 603 543 599 550 597 553 599 561 605 562 605 563 605 564 605 791 603 792 589 791 560 724 561 711 557 694 553 693 553 692 553 691 553 690 553 685 557 682 561 646 561 640 556 625 549 624 549 623 549 584 555 578 556 577 555 563 548 562 548 561 548 560 548 538 555 531 558 498 558 490 554 470 547 469 547 371 546 370 546 369 546 368 546 358 552 354 555 321 555 315 552 299 545 298 545 297 545 296 545 280 551 271 554 223 554 216 550 210 547 209 547 208 547 179 550 162 551 158 549 146 543 145 543 144 543 109 549 97 550 30 548 30 579"/></Shape>
	    <String CONTENT="tion des principaux affaires du Royaume:"
                    HPOS="29.0"
                    VPOS="543.0"
                    WIDTH="763.0"
                    HEIGHT="62.0"
                    WC="0.998343876004219"></String>
          </TextLine>
          <TextLine ID="line_12"
                    TAGREFS="LT8"
                    BASELINE="32 628 795 638" 
                    HPOS="32.0"
                    VPOS="590.0"
                    WIDTH="763.0"
                    HEIGHT="66.0">
            <Shape><Polygon POINTS="32 628 33 647 45 642 62 647 65 648 66 648 159 649 160 649 161 649 165 648 185 641 199 648 200 648 201 648 202 648 208 648 255 642 286 648 287 648 288 648 290 648 325 645 330 648 334 651 335 651 336 651 337 651 391 650 392 650 393 650 394 649 401 644 538 644 549 649 560 654 561 654 562 654 605 650 632 647 638 650 650 655 651 655 652 656 670 656 670 655 671 655 672 655 679 650 683 647 687 650 689 652 690 652 691 652 692 652 794 650 795 638 795 602 737 599 736 599 735 599 729 601 713 608 629 608 573 607 557 601 543 596 542 596 493 596 492 596 491 596 480 600 474 602 459 600 419 595 418 595 417 595 416 595 410 600 406 603 386 603 374 600 345 593 344 593 343 593 342 593 333 600 327 604 298 604 291 600 281 595 280 595 279 595 233 599 206 602 198 599 182 591 181 591 180 591 134 599 120 601 76 599 72 599 60 590 59 590 58 590 57 590 56 590 32 598 32 628"/></Shape>
	    <String CONTENT="dequoy les exemples ſont ſi frequens aux hi"
                    HPOS="32.0"
                    VPOS="590.0"
                    WIDTH="763.0"
                    HEIGHT="66.0"
                    WC="0.9931359138599661"></String>
          </TextLine>
          <TextLine ID="line_13"
                    TAGREFS="LT8"
                    BASELINE="30 679 392 681 794 689" 
                    HPOS="29.0"
                    VPOS="641.0"
                    WIDTH="765.0"
                    HEIGHT="67.0">
            <Shape><Polygon POINTS="30 679 29 691 200 701 201 701 234 695 247 701 248 701 249 701 250 701 265 694 269 692 336 692 338 694 347 702 347 703 348 703 349 703 350 703 408 695 419 694 423 695 444 704 445 704 446 704 447 704 466 695 468 695 552 695 554 696 583 706 584 706 585 706 624 697 625 697 635 705 636 705 637 705 638 705 700 700 719 708 720 708 721 708 793 698 794 689 794 650 758 650 757 650 756 650 755 650 738 661 720 661 684 649 683 649 659 648 626 648 625 648 624 648 603 658 572 658 544 653 543 653 498 657 463 646 462 646 461 646 460 646 459 646 440 656 374 656 367 649 366 649 365 649 364 649 326 652 301 644 299 644 298 644 233 643 232 643 231 643 229 644 199 653 152 653 140 645 139 645 138 645 137 645 89 651 71 642 69 641 67 641 66 641 30 641 30 679"/></Shape>
	    <String CONTENT="ſtoires, que nul ne peut douter, qu’il ne puiſ"
                    HPOS="29.0"
                    VPOS="641.0"
                    WIDTH="765.0"
                    HEIGHT="67.0"
                    WC="0.9918254691621532"></String>
          </TextLine>
          <TextLine ID="line_14"
                    TAGREFS="LT8"
                    BASELINE="31 728 793 737" 
                    HPOS="31.0"
                    VPOS="693.0"
                    WIDTH="762.0"
                    HEIGHT="60.0">
            <Shape><Polygon POINTS="31 728 31 745 62 740 112 746 127 747 128 747 175 746 291 742 305 746 316 749 317 749 318 749 332 746 348 743 362 746 372 749 373 749 374 749 376 749 384 746 393 743 403 746 414 750 415 750 416 750 433 746 447 744 464 747 481 749 482 749 530 747 569 745 573 747 578 751 580 751 581 751 622 752 623 752 624 752 625 752 632 747 633 747 637 747 709 753 710 753 711 753 732 747 735 747 737 747 757 752 758 752 759 752 792 747 793 737 792 710 649 709 645 707 634 700 633 700 632 700 631 700 630 700 607 706 604 707 602 706 585 698 584 698 583 698 558 703 476 697 475 697 474 697 454 704 446 706 437 703 424 698 423 698 422 698 421 698 407 703 399 705 377 702 331 696 330 696 329 696 317 701 312 704 267 704 262 700 259 697 258 697 257 697 256 697 244 700 222 704 178 698 157 696 156 696 148 697 132 702 127 697 123 694 123 693 122 693 121 693 120 693 31 695 31 728"/></Shape>
	    <String CONTENT="ſe bien encore aduenir. Mais le Royaume"
                    HPOS="31.0"
                    VPOS="693.0"
                    WIDTH="762.0"
                    HEIGHT="60.0"
                    WC="0.9988261262575785"></String>
          </TextLine>
          <TextLine ID="line_15"
                    TAGREFS="LT8"
                    BASELINE="32 777 793 786" 
                    HPOS="31.0"
                    VPOS="737.0"
                    WIDTH="762.0"
                    HEIGHT="66.0">
            <Shape><Polygon POINTS="32 777 31 786 116 797 117 798 153 798 153 797 154 797 155 797 164 790 208 798 209 799 246 799 246 798 247 798 274 790 275 790 289 796 290 796 291 796 346 791 350 791 351 791 369 800 370 800 371 800 432 798 433 798 434 798 442 792 444 792 450 793 501 800 502 800 503 800 517 795 577 801 578 801 675 796 697 795 702 796 724 803 725 803 726 803 727 803 742 797 745 796 791 797 793 786 793 755 765 745 764 745 763 745 762 745 739 750 708 744 691 744 690 744 689 744 688 744 674 753 606 753 606 752 599 746 598 746 597 746 596 746 561 748 536 742 535 742 534 742 487 749 421 741 420 741 419 741 418 741 407 750 406 751 384 751 383 750 371 740 370 740 369 740 368 740 316 747 308 741 307 741 305 741 304 741 303 741 287 746 218 739 217 739 216 739 215 739 202 748 201 748 199 748 185 743 184 743 183 743 105 746 104 746 94 739 93 739 92 739 63 737 62 737 61 737 60 737 50 746 49 746 32 746 32 777"/></Shape>
	    <String CONTENT="eſt appuyé ſur la ſageſſe &amp; ſur le conſeil de"
                    HPOS="31.0"
                    VPOS="737.0"
                    WIDTH="762.0"
                    HEIGHT="66.0"
                    WC="0.9980948075004246"></String>
          </TextLine>
          <TextLine ID="line_16"
                    TAGREFS="LT8"
                    BASELINE="35 828 247 827 790 836" 
                    HPOS="33.0"
                    VPOS="789.0"
                    WIDTH="757.0"
                    HEIGHT="64.0">
            <Shape><Polygon POINTS="35 828 33 838 353 848 354 848 383 846 423 843 431 847 435 849 436 849 437 849 482 848 570 845 614 850 623 851 624 851 638 851 717 847 788 853 790 836 790 809 767 803 766 803 765 803 720 808 669 798 668 798 667 798 645 805 631 797 630 797 629 797 628 797 607 806 543 797 542 797 541 797 540 797 531 805 483 798 482 798 481 798 470 803 423 798 422 798 421 798 405 802 377 794 376 794 374 794 302 801 282 792 281 792 280 792 215 797 208 791 207 791 206 791 205 791 135 799 50 789 49 789 48 789 35 796 35 828"/></Shape>
	    <String CONTENT="ſes anciẽs &amp; ſages Gouuerneurs. Salomon,"
                    HPOS="33.0"
                    VPOS="789.0"
                    WIDTH="757.0"
                    HEIGHT="64.0"
                    WC="0.979576587677002"></String>
          </TextLine>
          <TextLine ID="line_17"
                    TAGREFS="LT8"
                    BASELINE="33 876 794 885" 
                    HPOS="33.0"
                    VPOS="837.0"
                    WIDTH="761.0"
                    HEIGHT="66.0">
            <Shape><Polygon POINTS="33 876 33 895 83 891 141 896 161 897 162 897 175 896 223 889 281 895 282 895 283 895 294 890 358 890 376 896 388 900 389 900 390 900 434 896 480 892 535 896 625 903 626 903 667 896 682 894 690 896 709 903 710 903 711 903 712 903 727 896 731 895 735 896 751 902 752 902 753 902 793 896 794 885 794 855 752 845 751 845 749 845 726 854 725 854 703 844 702 844 701 844 650 853 648 853 646 853 626 843 625 843 624 843 570 852 568 852 567 852 543 842 542 842 482 842 481 842 437 850 436 850 293 850 292 849 281 838 280 838 279 838 278 838 277 838 253 845 246 838 245 838 244 838 182 837 181 837 180 837 156 847 155 847 33 846 33 876"/></Shape>
	    <String CONTENT="quoy qu’il fuſt vn vray patrõ de ſageſſe, fut"
                    HPOS="33.0"
                    VPOS="837.0"
                    WIDTH="761.0"
                    HEIGHT="66.0"
                    WC="0.9916483915370443"></String>
          </TextLine>
          <TextLine ID="line_18"
                    TAGREFS="LT8"
                    BASELINE="30 925 792 934" 
                    HPOS="29.0"
                    VPOS="890.0"
                    WIDTH="763.0"
                    HEIGHT="59.0">
            <Shape><Polygon POINTS="30 925 29 941 153 944 154 944 160 944 189 938 196 944 197 945 198 945 199 945 322 946 323 946 331 945 352 940 387 945 403 947 404 947 417 946 441 941 479 946 499 948 500 948 501 948 508 946 523 942 575 947 608 949 609 949 791 948 792 934 791 906 741 898 740 898 739 898 738 898 728 905 726 905 667 905 666 904 656 896 655 896 654 896 653 896 652 896 626 903 624 904 621 903 600 895 599 895 598 895 597 895 577 903 576 903 568 903 505 897 504 897 478 901 472 902 470 901 453 893 452 893 422 893 421 893 420 893 419 893 407 900 406 901 403 900 367 892 366 892 365 892 364 892 354 900 353 901 309 901 305 899 285 891 284 891 243 891 242 891 241 891 240 891 228 898 225 899 150 899 148 897 139 890 138 890 137 890 135 890 30 895 30 925"/></Shape>
	    <String CONTENT="toutefois gaſté par des femmes en ſon extre"
                    HPOS="29.0"
                    VPOS="890.0"
                    WIDTH="763.0"
                    HEIGHT="59.0"
                    WC="0.9988382106477564"></String>
          </TextLine>
          <TextLine ID="line_19"
                    TAGREFS="LT8"
                    BASELINE="30 974 790 984" 
                    HPOS="30.0"
                    VPOS="939.0"
                    WIDTH="760.0"
                    HEIGHT="63.0">
            <Shape><Polygon POINTS="30 974 30 988 67 987 83 989 115 995 116 995 208 992 277 989 291 993 305 997 307 997 308 997 309 997 310 997 315 993 320 990 363 990 369 994 372 997 373 997 374 997 376 997 392 995 416 991 436 995 453 999 454 999 455 999 462 996 470 992 498 996 516 999 517 999 518 999 524 997 536 993 619 993 680 1000 705 1002 706 1002 719 1000 751 995 788 1001 790 984 788 954 706 956 698 953 691 950 690 950 689 950 688 950 678 953 670 955 662 953 645 947 644 947 643 947 642 947 630 952 625 955 584 955 580 952 571 946 570 946 569 946 568 946 567 946 555 952 552 953 549 952 536 944 535 944 534 944 508 944 507 944 506 944 493 951 489 953 458 951 418 948 417 948 416 948 406 950 401 952 398 950 388 945 387 945 386 945 385 945 374 950 370 952 367 950 350 941 349 941 348 941 315 950 313 950 312 950 300 941 299 941 298 941 222 940 221 940 220 940 207 948 189 939 188 939 187 939 30 947 30 974"/></Shape>
	    <String CONTENT="me vieilleſſe: Roboam par des ieunes gens:"
                    HPOS="30.0"
                    VPOS="939.0"
                    WIDTH="760.0"
                    HEIGHT="63.0"
                    WC="0.9986768989335923"></String>
          </TextLine>
          <TextLine ID="line_20"
                    TAGREFS="LT8"
                    BASELINE="35 1025 786 1034" 
                    HPOS="33.0"
                    VPOS="988.0"
                    WIDTH="753.0"
                    HEIGHT="62.0">
            <Shape><Polygon POINTS="35 1025 33 1040 119 1042 120 1042 121 1042 122 1042 129 1037 137 1042 138 1042 139 1042 307 1044 308 1044 314 1044 363 1039 374 1045 376 1045 377 1045 378 1045 384 1045 423 1040 484 1046 489 1046 490 1046 506 1046 689 1043 783 1050 786 1034 783 995 708 1003 686 1003 673 994 672 994 671 994 670 994 621 999 615 994 615 993 614 993 612 993 587 993 586 993 585 993 559 1001 536 992 535 992 534 992 533 992 532 992 531 992 519 999 453 1000 406 1000 394 991 393 991 392 991 391 991 390 991 368 999 285 999 258 990 256 989 255 989 217 989 216 989 215 989 214 989 201 997 184 989 183 989 182 989 181 989 180 989 168 997 143 997 119 989 118 989 35 988 35 1025"/></Shape>
	    <String CONTENT="Ninus par ſa mere Semiramis: Ptolemæe,"
                    HPOS="33.0"
                    VPOS="988.0"
                    WIDTH="753.0"
                    HEIGHT="62.0"
                    WC="0.9916161236010099"></String>
          </TextLine>
          <TextLine ID="line_21"
                    TAGREFS="LT8"
                    BASELINE="30 1073 788 1085" 
                    HPOS="30.0"
                    VPOS="1034.0"
                    WIDTH="758.0"
                    HEIGHT="66.0">
            <Shape><Polygon POINTS="30 1073 30 1089 339 1089 347 1094 348 1094 349 1094 350 1094 352 1094 391 1090 453 1096 461 1096 462 1096 467 1096 508 1091 570 1097 581 1098 582 1098 591 1098 651 1093 786 1100 788 1085 787 1056 732 1056 730 1054 719 1043 718 1043 717 1043 616 1042 615 1042 614 1042 612 1042 602 1051 598 1054 583 1054 561 1053 557 1050 547 1041 546 1041 544 1041 543 1041 514 1049 506 1050 503 1047 492 1040 491 1040 490 1040 452 1040 451 1040 450 1040 449 1040 439 1046 433 1051 410 1051 395 1045 384 1041 383 1041 382 1041 350 1044 320 1046 311 1043 299 1038 298 1038 297 1038 276 1042 262 1044 258 1041 253 1037 252 1037 251 1037 250 1037 249 1037 248 1037 244 1041 236 1047 169 1047 151 1040 150 1040 149 1040 122 1045 101 1037 95 1035 94 1035 93 1035 92 1035 91 1035 89 1037 80 1044 62 1036 56 1034 55 1034 54 1034 30 1035 30 1073"/></Shape>
	    <String CONTENT="ſurnommé Auletes, c’eſt à dire, le fluſteur,"
                    HPOS="30.0"
                    VPOS="1034.0"
                    WIDTH="758.0"
                    HEIGHT="66.0"
                    WC="0.9786976316700811"></String>
          </TextLine>
          <TextLine ID="line_22"
                    TAGREFS="LT8"
                    BASELINE="32 1123 791 1133" 
                    HPOS="32.0"
                    VPOS="1086.0"
                    WIDTH="759.0"
                    HEIGHT="64.0">
            <Shape><Polygon POINTS="32 1123 32 1140 239 1139 251 1142 260 1144 261 1144 262 1144 263 1144 264 1144 267 1142 274 1138 281 1142 284 1143 285 1143 286 1143 287 1143 292 1142 309 1138 318 1142 321 1143 322 1143 323 1143 336 1142 368 1139 372 1142 374 1144 376 1144 377 1144 428 1145 429 1145 430 1145 436 1143 441 1140 447 1143 452 1146 453 1146 454 1146 455 1146 456 1146 468 1143 476 1141 620 1141 627 1144 644 1149 645 1149 646 1150 682 1150 682 1149 683 1149 684 1149 691 1144 692 1143 693 1144 699 1149 700 1149 701 1149 702 1149 790 1144 791 1133 791 1103 772 1103 772 1102 762 1094 761 1094 760 1094 759 1094 758 1094 737 1101 714 1093 713 1093 712 1093 668 1101 666 1101 665 1101 641 1092 640 1092 590 1092 589 1092 588 1092 573 1098 557 1091 556 1091 555 1091 554 1091 533 1099 532 1100 491 1100 489 1099 469 1092 468 1092 467 1092 437 1097 407 1089 406 1089 357 1089 356 1089 355 1089 354 1089 344 1097 342 1097 206 1096 205 1095 186 1086 185 1086 184 1086 32 1092 32 1123"/></Shape>
	    <String CONTENT="par des farceurs, &amp; ioueurs de ſluſtes &amp; de"
                    HPOS="32.0"
                    VPOS="1086.0"
                    WIDTH="759.0"
                    HEIGHT="64.0"></String>
          </TextLine>
          <TextLine ID="line_23"
                    TAGREFS="LT8"
                    BASELINE="29 1173 791 1181" 
                    HPOS="28.0"
                    VPOS="1135.0"
                    WIDTH="763.0"
                    HEIGHT="65.0">
            <Shape><Polygon POINTS="29 1173 28 1184 139 1194 140 1194 235 1190 255 1189 276 1190 342 1196 343 1196 362 1192 373 1190 397 1193 432 1197 433 1197 460 1194 487 1191 496 1195 504 1198 505 1198 506 1198 541 1196 591 1192 611 1197 617 1198 618 1198 619 1198 639 1198 729 1194 789 1200 791 1181 791 1142 721 1142 720 1142 719 1142 696 1152 658 1146 657 1146 656 1146 641 1151 576 1151 565 1142 564 1141 563 1141 562 1141 561 1141 560 1141 557 1142 536 1151 506 1151 491 1142 484 1139 483 1139 453 1139 452 1139 451 1139 442 1142 428 1149 388 1149 377 1143 366 1138 365 1138 364 1138 363 1138 345 1143 327 1147 317 1143 311 1140 310 1140 309 1140 308 1140 298 1143 283 1148 228 1148 221 1143 212 1136 211 1136 210 1136 173 1136 172 1136 171 1136 169 1136 158 1143 153 1146 117 1143 109 1143 96 1135 95 1135 94 1135 93 1135 29 1143 29 1173"/></Shape>
	    <String CONTENT="cithres. Nos anceſtres n’õt point empeſché"
                    HPOS="28.0"
                    VPOS="1135.0"
                    WIDTH="763.0"
                    HEIGHT="65.0"
                    WC="0.9995909644798799"></String>
          </TextLine>
          <TextLine ID="line_24"
                    TAGREFS="LT8"
                    BASELINE="29 1221 792 1231" 
                    HPOS="29.0"
                    VPOS="1184.0"
                    WIDTH="763.0"
                    HEIGHT="63.0">
            <Shape><Polygon POINTS="29 1221 29 1239 131 1235 169 1240 181 1241 182 1241 183 1241 186 1240 197 1235 202 1240 203 1241 205 1241 206 1241 234 1242 235 1242 252 1240 284 1236 335 1240 381 1244 382 1244 383 1244 390 1240 396 1238 452 1238 483 1241 538 1246 539 1246 612 1241 619 1241 631 1247 632 1247 633 1247 634 1247 652 1241 653 1241 660 1241 738 1247 739 1247 791 1241 792 1231 792 1195 752 1193 751 1193 749 1193 743 1194 713 1202 666 1202 654 1194 651 1192 650 1192 649 1192 648 1192 634 1194 614 1198 601 1194 597 1193 596 1193 595 1193 594 1193 591 1194 578 1200 553 1200 547 1194 542 1191 542 1190 541 1190 540 1190 492 1190 491 1190 490 1190 478 1194 461 1199 407 1194 344 1187 343 1187 342 1187 326 1194 318 1198 291 1198 251 1197 247 1194 239 1186 237 1186 236 1186 235 1186 174 1194 158 1195 152 1194 119 1184 118 1184 92 1184 91 1184 90 1184 71 1194 69 1194 29 1194 29 1221"/></Shape>
	    <String CONTENT="nos Roys d’auoir leur conſeil priué: mais ils"
                    HPOS="29.0"
                    VPOS="1184.0"
                    WIDTH="763.0"
                    HEIGHT="63.0"
                    WC="0.990866208853929"></String>
          </TextLine>
          <TextLine ID="line_25"
                    TAGREFS="LT8"
                    BASELINE="28 1272 792 1282" 
                    HPOS="27.0"
                    VPOS="1237.0"
                    WIDTH="765.0"
                    HEIGHT="64.0">
            <Shape><Polygon POINTS="28 1272 27 1289 63 1285 143 1292 152 1292 153 1292 154 1292 155 1292 179 1284 197 1290 198 1290 199 1290 255 1285 275 1294 276 1294 277 1294 279 1294 307 1287 331 1295 337 1296 338 1296 339 1296 349 1295 389 1287 422 1296 430 1297 431 1297 450 1296 523 1289 550 1296 551 1296 552 1296 591 1292 599 1297 601 1299 602 1299 603 1299 660 1300 661 1300 670 1298 696 1291 718 1299 725 1301 726 1301 727 1301 737 1299 760 1294 790 1299 792 1282 792 1250 780 1244 779 1244 778 1244 777 1244 742 1251 733 1253 722 1251 687 1243 638 1242 637 1242 595 1249 581 1251 571 1248 563 1246 562 1246 561 1246 501 1247 460 1248 457 1247 448 1242 447 1242 446 1242 445 1242 435 1246 433 1247 431 1246 411 1239 410 1239 408 1239 380 1245 366 1249 348 1249 341 1245 330 1238 329 1238 328 1238 300 1238 299 1238 298 1238 286 1244 279 1247 253 1243 230 1240 229 1240 210 1243 185 1246 176 1242 174 1241 173 1241 172 1241 160 1242 125 1245 119 1241 114 1237 113 1237 112 1237 111 1237 93 1241 76 1244 28 1240 28 1272"/></Shape>
	    <String CONTENT="n’ont point voulu auſſi que ceux, qui ſeroyẽt"
                    HPOS="27.0"
                    VPOS="1237.0"
                    WIDTH="765.0"
                    HEIGHT="64.0"
                    WC="0.9979093813377878"></String>
          </TextLine>
          <TextLine ID="line_26"
                    TAGREFS="LT8"
                    BASELINE="29 1320 790 1330" 
                    HPOS="29.0"
                    VPOS="1284.0"
                    WIDTH="761.0"
                    HEIGHT="64.0">
            <Shape><Polygon POINTS="29 1320 29 1338 79 1334 87 1339 88 1340 89 1340 90 1340 91 1340 182 1339 282 1338 298 1340 330 1343 331 1343 332 1343 333 1343 337 1340 339 1338 347 1340 359 1343 360 1343 361 1343 407 1340 438 1338 442 1340 450 1345 451 1345 452 1345 453 1345 490 1340 496 1340 590 1340 592 1341 603 1345 604 1345 605 1345 693 1341 704 1341 707 1341 742 1348 743 1348 789 1341 790 1330 788 1302 728 1302 724 1300 705 1291 704 1291 703 1291 652 1299 633 1301 624 1298 603 1290 602 1290 601 1290 557 1295 497 1289 496 1289 495 1289 479 1295 472 1297 445 1295 413 1291 412 1291 411 1291 410 1291 407 1294 400 1299 368 1299 310 1297 301 1291 295 1287 294 1287 293 1287 215 1286 214 1286 213 1286 207 1289 198 1295 163 1295 141 1288 138 1287 137 1287 135 1287 134 1287 132 1288 114 1295 73 1286 58 1284 57 1284 29 1285 29 1320"/></Shape>
	    <String CONTENT="du corps d’iceluy, s&#x27;empeſchaſſent d’autre"
                    HPOS="29.0"
                    VPOS="1284.0"
                    WIDTH="761.0"
                    HEIGHT="64.0"
                    WC="0.9979006321657271"></String>
          </TextLine>
          <TextLine ID="line_27"
                    TAGREFS="LT8"
                    BASELINE="28 1369 790 1378" 
                    HPOS="27.0"
                    VPOS="1335.0"
                    WIDTH="763.0"
                    HEIGHT="62.0">
            <Shape><Polygon POINTS="28 1369 27 1381 48 1388 49 1388 50 1388 118 1384 197 1391 198 1391 236 1385 360 1386 366 1392 367 1392 368 1392 369 1392 370 1392 382 1388 389 1393 390 1393 391 1393 392 1393 423 1388 450 1394 451 1394 452 1394 502 1388 508 1388 590 1389 590 1390 596 1395 597 1395 598 1395 599 1395 671 1391 690 1390 692 1391 704 1397 705 1397 706 1397 789 1392 790 1378 790 1352 765 1343 764 1343 763 1343 762 1343 745 1351 726 1351 706 1351 704 1351 675 1342 674 1342 656 1342 655 1342 654 1342 653 1342 643 1350 642 1350 638 1350 572 1344 571 1344 548 1349 546 1349 543 1349 520 1340 519 1340 518 1340 454 1345 421 1339 420 1339 419 1339 393 1346 361 1338 360 1338 359 1338 314 1346 312 1346 259 1346 258 1345 246 1337 245 1337 244 1337 243 1337 242 1337 218 1345 216 1345 213 1345 159 1337 158 1337 157 1337 141 1344 140 1344 114 1335 113 1335 95 1335 94 1335 93 1335 92 1335 82 1343 71 1335 70 1335 69 1335 67 1335 28 1342 28 1369"/></Shape>
	    <String CONTENT="choſe que de manier &amp; gouuerner les par¬"
                    HPOS="27.0"
                    VPOS="1335.0"
                    WIDTH="763.0"
                    HEIGHT="62.0"
                    WC="0.997889906167984"></String>
          </TextLine>
          <TextLine ID="line_28"
                    TAGREFS="LT8"
                    BASELINE="28 1419 790 1429" 
                    HPOS="28.0"
                    VPOS="1382.0"
                    WIDTH="762.0"
                    HEIGHT="64.0">
            <Shape><Polygon POINTS="28 1419 28 1436 60 1431 66 1437 67 1437 69 1437 182 1438 183 1438 189 1437 207 1432 214 1437 217 1439 218 1439 219 1439 220 1439 236 1437 256 1435 274 1437 291 1440 292 1440 308 1438 329 1434 388 1438 451 1442 452 1442 470 1438 482 1436 534 1436 537 1438 541 1442 542 1442 543 1442 544 1442 546 1442 558 1439 561 1438 563 1439 576 1444 577 1444 578 1444 606 1439 612 1438 679 1438 680 1439 688 1444 689 1444 690 1444 691 1444 692 1444 708 1439 709 1439 720 1446 721 1446 722 1446 723 1446 789 1439 790 1429 789 1394 634 1388 633 1388 632 1388 623 1392 616 1396 568 1396 556 1392 540 1387 539 1387 538 1387 537 1387 526 1391 519 1394 504 1391 478 1386 476 1386 475 1386 474 1386 474 1387 469 1391 466 1393 455 1391 437 1388 436 1388 435 1388 425 1391 417 1393 414 1391 407 1386 407 1385 406 1385 405 1385 404 1385 373 1390 362 1392 357 1390 346 1385 345 1385 344 1385 291 1390 271 1391 268 1389 258 1383 257 1383 256 1383 207 1383 206 1383 205 1383 193 1389 190 1390 138 1390 135 1388 128 1382 127 1382 126 1382 125 1382 28 1387 28 1419"/></Shape>
	    <String CONTENT="ticuliers affaires du Roy. Mais quant à l’ad¬"
                    HPOS="28.0"
                    VPOS="1382.0"
                    WIDTH="762.0"
                    HEIGHT="64.0"
                    WC="0.9966788706572159"></String>
          </TextLine>
          <TextLine ID="line_29"
                    TAGREFS="LT8"
                    BASELINE="28 1467 789 1478" 
                    HPOS="27.0"
                    VPOS="1429.0"
                    WIDTH="762.0"
                    HEIGHT="63.0">
            <Shape><Polygon POINTS="28 1467 27 1479 108 1487 200 1488 201 1488 202 1488 216 1483 217 1483 262 1489 263 1489 299 1484 303 1484 365 1484 367 1485 374 1490 376 1490 377 1490 378 1490 398 1486 403 1485 405 1486 417 1491 418 1491 419 1491 462 1487 474 1486 476 1487 482 1492 483 1492 484 1492 485 1492 519 1488 529 1487 787 1492 789 1478 788 1449 720 1449 710 1447 636 1436 635 1436 594 1443 553 1435 552 1435 551 1435 527 1444 522 1445 517 1444 491 1435 490 1435 489 1435 430 1442 411 1444 404 1441 387 1432 386 1432 314 1431 313 1431 312 1431 311 1431 304 1437 274 1431 273 1431 271 1431 247 1439 236 1441 210 1438 191 1436 190 1436 180 1437 162 1440 156 1437 142 1429 141 1429 140 1429 101 1436 93 1437 87 1436 78 1432 77 1432 76 1432 75 1432 74 1432 71 1435 63 1439 28 1435 28 1467"/></Shape>
	    <String CONTENT="miniſtration de l’Eſtat vniuerſel du Royau¬"
                    HPOS="27.0"
                    VPOS="1429.0"
                    WIDTH="762.0"
                    HEIGHT="63.0"
                    WC="0.997004818084628"></String>
          </TextLine>
          <TextLine ID="line_30"
                    TAGREFS="LT8"
                    BASELINE="30 1518 787 1531" 
                    HPOS="29.0"
                    VPOS="1481.0"
                    WIDTH="758.0"
                    HEIGHT="76.0">
            <Shape><Polygon POINTS="30 1518 29 1536 70 1545 71 1545 72 1545 73 1545 81 1539 83 1537 142 1537 145 1541 152 1546 152 1547 153 1547 154 1547 206 1548 207 1549 261 1549 261 1548 262 1548 273 1544 277 1542 283 1544 294 1549 295 1549 296 1549 326 1545 360 1541 402 1546 403 1546 404 1546 415 1541 454 1546 455 1546 481 1542 504 1550 510 1552 512 1552 513 1552 514 1552 518 1550 535 1543 610 1543 663 1554 664 1554 665 1554 666 1554 708 1551 785 1557 787 1531 787 1501 710 1501 706 1499 671 1490 670 1490 669 1490 634 1494 581 1489 580 1489 578 1489 566 1496 556 1488 555 1488 554 1488 553 1488 552 1488 534 1497 532 1497 464 1497 458 1495 408 1486 407 1486 406 1486 384 1494 380 1495 372 1494 321 1484 320 1484 319 1484 318 1484 305 1493 304 1493 301 1493 254 1487 253 1487 182 1491 173 1491 172 1491 148 1481 147 1481 146 1481 30 1488 30 1518"/></Shape>
	    <String CONTENT="me, ils auoyent leur Senat, c’eſt à dire, vn"
                    HPOS="29.0"
                    VPOS="1481.0"
                    WIDTH="758.0"
                    HEIGHT="76.0"
                    WC="0.9890427973535326"></String>
          </TextLine>
        </TextBlock>
      </PrintSpace>
    </Page>
  </Layout>
</alto>
