1023 1853
223.0 54.0 81.0 49.0 160

360.0 46.0 500.0 55.0 DE LA GAVLE

221.0 123.0 771.0 45.0 conſeil general, compoſé de Seigneurs &

220.0 153.0 773.0 65.0 autres perſonnes notables de toute ſorte &

221.0 200.0 769.0 66.0 qualité, qui deliberoyent des aftaires par

219.0 253.0 773.0 60.0 commun aduis, & meſmes remonſtroyent

219.0 302.0 768.0 59.0 librement au Roy quand il en eſtoit beſoin

217.0 352.0 772.0 61.0 ce qui eſtoit le meilleur pour la police de

218.0 400.0 768.0 64.0 ſon Royaume. L’an 1356. Lors que le Roy

218.0 449.0 769.0 60.0 Ian fut pris par les Anglois, & emmené en

217.0 500.0 769.0 61.0 Angleterre, il ſe tint vn tel Conſiſtoire &

217.0 550.0 769.0 63.0 Parlement general du Royaume, auquel ſe

215.0 601.0 772.0 59.0 trouuerent auſsi quelques Conſeillers du

216.0 647.0 767.0 63.0 Conſeil priué du Roy: mais il leur fut en¬

212.0 698.0 771.0 58.0 ioint de ſortir de la chambre des Eſtats, &

212.0 747.0 766.0 64.0 denoncé que s’ils pourſuyuoyent à y venir,

212.0 796.0 769.0 64.0 que les deputez des eſtats, ne s’aſſemble¬

209.0 848.0 772.0 63.0 royent plus: & de cecy le teſmoignage s’en

209.0 899.0 771.0 60.0 trouue en la grande Chronique eſcrite en

210.0 947.0 768.0 61.0 François au volu. 2. où il eſt parlé du Roy

209.0 996.0 769.0 61.0 Ian. fueil. 169. Mais il n’y a iamais preſque

205.0 1047.0 774.0 60.0 eu nation, ny n’a iamais eſté temps, où lon

205.0 1095.0 772.0 62.0 ne remarquaſt ceſte difference, qui eſt entre

203.0 1144.0 773.0 62.0 le Roy & le Royaume: Les Roys des Lace¬

202.0 1194.0 771.0 63.0 dæmoniẽs (ainſi que teſmoigne Xenophon)

201.0 1244.0 770.0 64.0 & les Ephores iuroyent reciproquement

199.0 1292.0 770.0 63.0 les vns aux autres tous les moys: Les Roys,

198.0 1345.0 774.0 58.0 de regner ſelon le contenu & l’ordonna n¬

199.0 1391.0 773.0 63.0 ce des loix. Les Ephores, qu’ils maintien¬

198.0 1440.0 771.0 67.0 droyent l’autorité Royale, ſi les Roys gar¬

199.0 1489.0 769.0 72.0 doyent leur ſerment. Ciceron eſcriuant à

829.0 1551.0 137.0 61.0 Brutus
