1023 1853
159.0 44.0 460.0 56.0 FRANCOISE.

709.0 38.0 67.0 68.0 161

16.0 111.0 772.0 60.0 Brutus en parle diſtinctement comme de

16.0 151.0 769.0 73.0 choſes diuerſes, Tu ſcais bien, dit-il, que i'ay

16.0 202.0 773.0 69.0 touſiours eſté d’aduis, qu’il falloit deliurer

15.0 253.0 776.0 68.0 la Repub. non ſeulement de Roy, mais auſsi

18.0 301.0 773.0 70.0 de la Royauté. Et le meſme auteur au 3.liu.

17.0 355.0 777.0 68.0 de leg. Mais pourautant que l’eſtat Royal &

17.0 404.0 776.0 68.0 I’eſpece de gouuernement politic, où la puil

17.0 452.0 775.0 63.0 ſance ſouueraine eſt à vn ſeul, a autrefois e¬

17.0 501.0 774.0 68.0 ſté receue icy, & depuis abolie, non tãt pour

17.0 550.0 776.0 69.0 la faute de la Royauté, qu’à cauſe des vi¬

20.0 601.0 772.0 69.0 ces du Roy, il ſemble bien, qu’il n’y a eu au¬

20.0 652.0 772.0 69.0 tre choſe reiettee, que le nom de Roy ſeule¬

23.0 718.0 124.0 43.0 ment.

91.0 802.0 694.0 65.0 ¶ De la maiſon des deſcendans de Hu¬

156.0 852.0 638.0 64.0 gues Capet, & comment le Royau¬

154.0 900.0 640.0 67.0 me de France fut tranſporté en i¬

157.0 949.0 119.0 62.0 celle.

222.0 1039.0 372.0 71.0 CHᗅP. XVI.

38.0 1295.0 176.0 76.0 I

233.0 1150.0 567.0 62.0 L a eſté monſtré cy deſſus, que

237.0 1197.0 562.0 64.0 le Royaume de France n’a eſté

237.0 1251.0 564.0 62.0 encore gouuerné, que par trois

244.0 1296.0 558.0 61.0 diuerſes races, l’eſpace de mille

28.0 1347.0 771.0 67.0 deux cens ans qu’il a deſia duré: dont la pre¬

29.0 1395.0 773.0 66.0 miere fut celle des Merouingiens, l’autre

30.0 1443.0 775.0 67.0 celle des Carolouingiens, qui ont eſté ainſi

30.0 1499.0 769.0 68.0 nõmees du nom des Chefs & premiers au¬

653.0 1561.0 23.0 60.0 l
