1023 1853
222.0 24.0 77.0 74.0 162

362.0 21.0 509.0 69.0 DE LA GAVLE

221.0 89.0 774.0 66.0 teurs d’où elles, ont pris leur origine. Car cõ

223.0 132.0 774.0 67.0 bien que la ſucceſsiõ du Royaume ne ſe trãſ

220.0 186.0 777.0 73.0 feraſt point par droit de heritaige des peres

221.0 239.0 773.0 57.0 aux enfans (ainſi cõme nous l’auõs monſtré)

221.0 286.0 772.0 66.0 mais par l’election & approbatiõ des eſtats:

221.0 337.0 773.0 63.0 toutefois les François retenoyent volõtiers

220.0 382.0 772.0 68.0 en cela, l’anciene police d’Alemaigne, d’où

220.0 436.0 774.0 65.0 ils eſtoyent partis, qui eſtoit (ainſi comme

221.0 483.0 771.0 65.0 parle Tacitus) de choiſir les Roys, pour

221.0 533.0 770.0 68.0 leur nobleſſe, & les Capitaines pour leur

222.0 585.0 767.0 68.0 vertu & vaillance: & eliſoyent Roys pour la

224.0 635.0 757.0 69.0 plus part, ceux qui eſtoyent iſſus du ſang

219.0 684.0 767.0 62.0 Royal, & qui auoyent eſté royalement

218.0 733.0 768.0 61.0 nourris & inſtituez, ſoit qu’ils fuſſent en¬

216.0 781.0 770.0 69.0 fans legitimes des Roys decedez, ou bien

220.0 832.0 760.0 68.0 qu’ils leur tinſſent ſeulement de parentage.

216.0 880.0 765.0 69.0 Mais l’an 987. apres le deces de Loys V.

219.0 932.0 764.0 62.0 31. Roy de Frãce, & le douzieme de la poſte

213.0 981.0 771.0 66.0 rité de Charlemaigne, ſuruint changement

215.0 1032.0 767.0 65.0 de regne, & tomba la Couronne en vne au¬

214.0 1081.0 767.0 64.0 tre maiſon. Car combien qu’il y euſt en¬

211.0 1131.0 773.0 66.0 core lors vn Charles Duc de Lorraine, qui

211.0 1180.0 772.0 64.0 eſtoit oncle du feu Roy, auquel ſuyuant la

214.0 1230.0 766.0 70.0 police de France, la ſucceſſion de la Cou¬

209.0 1283.0 769.0 58.0 ronne deuoit appartenir, comme à l’hoir

210.0 1329.0 769.0 66.0 legitime & le plus prochain, deſcendant de

211.0 1381.0 765.0 62.0 Charlemaigne: toutefois il s’eleua vn Hu¬

213.0 1427.0 764.0 71.0 gues Capet, fils de Hugues le Grand Com¬

211.0 1479.0 766.0 80.0 te de Paris, petit fils de l’Empereur Ot¬

891.0 1549.0 83.0 46.0 ton
