1023 1853
197.0 41.0 451.0 59.0 FRANCOISE.

731.0 46.0 63.0 56.0 163

31.0 102.0 764.0 66.0 ton premier par ſa ſœur Hauuide, hom¬

29.0 152.0 768.0 62.0 me de grande reputation au fait des ar¬

28.0 203.0 769.0 66.0 mes, lequel remonſtra, qu’on deuoit pre¬

26.0 254.0 771.0 58.0 ferer en toutes ſortes, celuy qui eſtoit pre¬

28.0 299.0 773.0 66.0 ſent à vn abſent: & celuy qui auoit fait

31.0 351.0 771.0 64.0 pluſieurs bons ſeruices pour le bien &

29.0 400.0 770.0 59.0 conſeruation du Royaume à vn eſtranger,

29.0 449.0 776.0 63.0 comme il appelloit Charles. Car de fait

32.0 498.0 773.0 64.0 en quelques differens qu’il y auoit eu à de¬

32.0 548.0 774.0 63.0 meſler entre l’Empire d’Alemaigne, & le

33.0 599.0 775.0 59.0 Royaume de France, ce Charles s’eſtoit

33.0 648.0 774.0 61.0 monſtré plus enclin & plus affectionné au

36.0 698.0 771.0 62.0 party de l’Empire, que vers celuy de Fran¬

35.0 747.0 772.0 66.0 ce: à raiſon dequoy, il en auoit acquis la hai¬

35.0 797.0 772.0 58.0 ne & la mal-vueillance de la plus part de

36.0 841.0 775.0 64.0 la Nobleſſe de France. Mais cela eſtoit ad¬

33.0 899.0 778.0 58.0 uenu au parauant. Parquoy Charles ayant

35.0 945.0 774.0 58.0 mis ſes forces enſemble, ſe ietta dedans

38.0 995.0 772.0 60.0 la France, & prit quelques villes par com¬

40.0 1047.0 769.0 62.0 poſition. De l’autre coſté, Capet qui s’ap¬

39.0 1094.0 769.0 64.0 puyoit ſur la faueur & le port, que luy fai¬

37.0 1144.0 773.0 55.0 ſoyent les Princes & les Nobles de France,

37.0 1194.0 772.0 60.0 luy alla au deuant, iuſques vers la ville de

40.0 1242.0 765.0 63.0 Laon, qui eſt ſur les limites de Champai¬

42.0 1294.0 768.0 59.0 gne, en intẽtion de le combatre. Si y eut vne

39.0 1341.0 771.0 66.0 aſpre & ſanglante bataille donnee, laquelle

42.0 1393.0 768.0 60.0 Capet perdit, & s’eſtant retiré auec le reſte

39.0 1442.0 771.0 57.0 de ſes gẽs, au dedans de la France, cõmença

37.0 1489.0 772.0 75.0 à r’aſſembler & ramaſſer nouuelle armee.

602.0 1539.0 78.0 59.0 l 2
