1023 1853
236 58 71 57 64

372.0 54.0 498.0 55.0 DE LA GAVLE

221.0 133.0 771.0 35.0 Charles cependant, penſant auoir du tout

216.0 157.0 771.0 62.0 rompu ſon ennemy, auoit caſſé ſon armee,

216.0 208.0 777.0 59.0 & ſeiournoit en la ville de Laon auec ſa fem

213.0 256.0 781.0 65.0 me. Mais l’annee enſuyuante Capet ayant

213.0 307.0 777.0 63.0 auec luy preſque toutes les forces du Roy¬

212.0 356.0 775.0 61.0 aume alla mettre le ſiege deuãt la ville: & la

213.0 406.0 776.0 62.0 prit par trahiſon. Car ayant trouué moyen

210.0 459.0 777.0 60.0 de parlementer auec l’Eueſque de Laon

208.0 506.0 778.0 60.0 nommé Anſelme, qu’on nomme commu¬

208.0 556.0 775.0 64.0 nement Anſelin, fit ſi bien qu’il le gaigna,

208.0 607.0 776.0 59.0 & fit tourner la volonté de ceſt hõme merce

207.0 654.0 776.0 66.0 naire ſous eſperãce des preſens, qu’il luy pro

206.0 708.0 779.0 60.0 mettoit, moyenant qu’il luy deliuraſt entre

203.0 754.0 780.0 62.0 ſes mains la ville & le Roy Charles. La ville

205.0 805.0 776.0 65.0 ayant eſté ainſi ſurpriſe, & le Roy trahy par

203.0 856.0 777.0 59.0 les menees de l’Eueſque, Capet enuoya

205.0 903.0 777.0 63.0 Charles auec ſa femme à Orleans, ordõnant

202.0 954.0 777.0 63.0 vne bonne compagnie de ſoldats pour les

201.0 1003.0 779.0 64.0 garder. Charles ayant eſté là deux ans en pri

198.0 1054.0 780.0 58.0 ſon, eut deux fils de ſa femme, Loys & Char

196.0 1103.0 782.0 66.0 les: mais il ne ſe paſſa gueres de temps, que

194.0 1156.0 786.0 60.0 le pere & les enfans ne mouruſſent. Au

193.0 1203.0 784.0 66.0 moyen dequoy Hugues Capet, n’y ayant

196.0 1255.0 778.0 60.0 plus perſonne qui conteſtaſt à l’encontre

193.0 1301.0 777.0 63.0 de luy, ſe ſaiſit ſans cõtredit de tout le Roy¬

191.0 1349.0 778.0 67.0 aume de France: & fit couronner quand &

189.0 1401.0 779.0 59.0 luy ſõ fils Robert, & le declarer ſon heritier

187.0 1450.0 782.0 64.0 & ſucceſſeur au Royaume. Ainſi lors prit

188.0 1502.0 778.0 68.0 fin la dignité & la memoire des deſcendans

911.0 1562.0 55.0 56.0 de
