1023 1853
40.0 95.0 764.0 56.0 cher vers vous des demeurances ſeures &

41.0 140.0 764.0 66.0 paiſibles. Vray eſt, qu’vn temps a eſté, que

39.0 193.0 766.0 60.0 toute maniere de gens accouroit de toutes

41.0 239.0 764.0 65.0 parts de l’Europe voir noſtre France, & les

39.0 290.0 767.0 66.0 ieunes gens ſtudieux venoyent iuſques en

39.0 338.0 769.0 63.0 nos Vniuerſitez au traſic honorable & ac¬

41.0 391.0 766.0 62.0 queſt laborieux des nobles ſciences: mais

39.0 437.0 767.0 64.0 auiourdhuy ils l’ont en horreur, ne plus ne

39.0 487.0 768.0 63.0 moins qu’vne mer tenue en ſuiection par

40.0 536.0 767.0 64.0 des Courſaires, ou qu’yne terre habitee par

40.0 587.0 766.0 64.0 des Sauuages. Dequoy, toutefois & quantes

41.0 638.0 766.0 62.0 qu’il m’en ſouuient, la memoire me naure le

40.0 681.0 770.0 70.0 cœur au vif, quand ie voy, qu’il y a deſia preſ

42.0 736.0 764.0 62.0 que douze ans, que noſtre poure & infortu¬

40.0 782.0 768.0 66.0 né pays eſt continuellement miné & trauail

40.0 833.0 769.0 65.0 lé de guerres Ciuiles. Et ſi ne me fait pas en

41.0 882.0 766.0 64.0 core tant de mal de cela, comme de ce que

42.0 932.0 764.0 67.0 i’en voy: non ſeulement qui regardent à leur

41.0 983.0 768.0 60.0 aiſe & de loing le feu dont noſtre Frãce eſt

40.0 1030.0 768.0 68.0 embraſee ſans ſe bouger (çomme on dit que

39.0 1081.0 770.0 64.0 faifoit Neron lors que Rome hruloit:) mais

40.0 1131.0 768.0 64.0 meſmes d’autres qui prenent des ſoufflets

41.0 1181.0 775.0 64.0 pour l’allumer encore dauantage, & ſement

42.0 1230.0 770.0 64.0 de perits liures odieux, pour ſuſciter la hai¬

42.0 1280.0 769.0 62.0 ne des Roys & du monde à l’encontre de

42.0 1331.0 769.0 63.0 nous: & cependant il y en à bien peu ou preſ

41.0 1380.0 771.0 64.0 que point, quì accourent à ce feu pour l’e¬

42.0 1430.0 770.0 62.0 ſteindre. De ma part, ie ſcay bien qu’il ne

43.0 1476.0 770.0 76.0 peut iſſir de perſonne de ſi petite qualité, &

574.0 1536.0 119.0 60.0 (:) 5
