1023 1853
16 124 771 39 de Charlemaigne, enuiron deux cens trente

15 154 773 63 ſept ans, apres que le Royaume fut eſta¬

16 202 773 63 bly en ceſte maiſon-là. L’hiſtoire de ceſte

17 254 772 61 tragœdie ſe treuue dedans Sigebert en la

19 299 771 64 Chron. de l’an 987. Et en la ſuyte de l’hi¬

16 353 775 61 ſtoire d’Aimoin au 5.liure chap.45. Mais il

17 402 774 63 ne faut point oublier ſur ce propos la ruſe

19 453 771 61 & ſubtile inuention de Capet, qu’il dreſſa

19 501 770 64 pour aſſeurer & donner pied ferme au Roy¬

19 554 771 57 aume, qu’il auoit nouuellemẽt occupé. Car

21 603 772 63 au lieu que les Seigneuries & Principautez

24 652 769 64 du Royaume, qu’õ appelle Duchez & Com

22 704 769 58 tez, eſtoyẽt deferees à certains perſonnages

22 754 771 58 bien cognus & approuuez, pour les tenir en

22 798 771 54 titre de fiefs & benefices tẽporels ſeulemẽt

25 847 765 63 (ainſi qu’il a eſté declaré au lieu où nous a¬

24 898 769 63 uons parlé de l’autorité du Concile general

25 949 768 63 des Eſtats) Hugues Capet, pour gaigner &

23 1000 770 63 retenir les cœurs des Princes & Seigneurs

25 1049 767 62 de ſon Royaume en ſon obeiſſance, chãgea

29 1098 761 69 ces Gouuernemẽs, qui n’eſtoyent que tẽpo

27 1151 759 63 rels, en Principautez & Seigneuries perpe¬

26 1202 764 60 tuelles: & ordõna, que ceux qui les tenoyẽt,

27 1248 765 65 les poſſedaſſent deſormais en titre de patri¬

26 1299 768 61 moine, & les peuſſent tranſporter par leurs

29 1345 766 66 deces à leurs enfans & à leur poſterité par

29 1392 768 64 droit ſuccesſif auſſi bien comme le reſte de

28 1441 770 65 leurs biens & poſſeſſions: ainſi que le teſ¬

30 1495 768 79 moigne François Connan Iuriſcon. au cha¬

171 48 445 52 FRANCOISE.

718 49 64 53 165

593 1553 69 54 l 3
