1023 1853
213.0 63.0 72.0 54.0 166

342.0 62.0 506.0 55.0 DE LA GAVLE

212.0 131.0 763.0 50.0 9.du 2. de ſes Commen. En quoy faiſant Ca

210.0 175.0 764.0 56.0 pet rongna beaucoup de la puiſſance & au¬

208.0 225.0 769.0 55.0 torité du Concile general des Eſtats: com¬

207.0 270.0 771.0 58.0 bien qu’au demeurant, il n’eſt pas raiſonna¬

209.0 322.0 766.0 57.0 ble de croire, qu’il en ait rien peu diminuer

208.0 371.0 768.0 50.0 de ſa propre autorité, & ſans le conſente¬

209.0 412.0 767.0 65.0 ment d’iceux eſtats: ainſi qu’il eſt aiſé de co¬

208.0 467.0 766.0 65.0 gnoiſtre, à qui conſiderera de pres l’eſtat &

210.0 520.0 449.0 57.0 I'vſance de ces temps-là.

270.0 635.0 701.0 43.0 ¶ Comment l’autorité du Concile gene¬

337.0 669.0 637.0 56.0 ral des Eſtats fut continuee ſous le

336.0 719.0 635.0 62.0 regne des deſcendans de Hugues

343.0 768.0 143.0 60.0 Capet.

233.0 991.0 97.0 41.0 C

389.0 835.0 386.0 77.0 CHAP. XVII.

451.0 912.0 524.0 62.0 AR l’hõneur & l’autorité du

471.0 967.0 500.0 58.0 Concile general des Eſtats,

458.0 1011.0 514.0 60.0 ne fut de rien moindre ſous le

458.0 1063.0 516.0 60.0 regne de la poſterité de Ca¬

475.0 1111.0 500.0 62.0 pet, qu’elle auoit eſté ſous les

205.0 1171.0 769.0 54.0 autres deux raçes, qui auoyent regné aupara

203.0 1213.0 770.0 55.0 uant: ainſi comme nous en pouuons retirer

203.0 1263.0 770.0 58.0 certain teſmoignage de Froſſ. Monſtrellet,

206.0 1311.0 764.0 59.0 Gaguin, Comines, Gilles & autres hiſtoriẽs

203.0 1361.0 770.0 61.0 François. Mais pourautãt que ce ſeroit cho¬

202.0 1412.0 773.0 60.0 ſe trop penible & preſque infinie, que d’aſ¬

202.0 1463.0 772.0 56.0 ſembler toutes les autoritez qui s’ẽ treuuẽt:

202.0 1512.0 772.0 63.0 nous choiſirons ſeulement les paſſages les

889.0 1561.0 82.0 78.0 plus
