1023 1853
24 127 767 48 plus formels & qui font les mieux à propos,

24 160 769 58 & les mettrons icy cõme par forme d’exem

26 205 766 67 ple. Le premier exemple ſe peut prendre de

28 254 767 69 l’an 1328. auquel temps, apres le deces du

29 301 766 65 Roy Charles le Bel, qui mourut ſans laiſſer

30 355 767 56 aucuns enfans, mais ſeulement ſa femme

28 400 771 70 enceinte, Edouard Roy d’Angleterre, qui

30 453 767 62 eſtoit fils d’Iſabel ſeur du feu Roy, preten¬

31 501 767 67 doit la Couronnede France luy appartenir

33 553 766 65 par droit de ſucceſsion: ayant pour partie

35 602 768 64 Philippes de Valois couſin germain du feu

36 651 768 65 Roy.Et commença le debat entre ces deux

35 702 769 62 Princes ſur le gouuernement du ventre, qui

35 750 766 66 appartient au plus prochain. Pendant le de¬

35 798 770 66 bat, la Royne accoucha d’vne fille, ce qui

36 850 769 64 fut cauſe, que leur different s’eſchauffa en¬

37 897 771 66 core d’auantage, à raiſon qu’au lieu qu’il

39 949 769 67 n’y auoit que le gouuernement qui fuſt con

38 998 769 61 tentieux, le ſuiet de leur differẽt vint à eſtre

41 1046 769 66 le Royaume, pretendu par chacun d’eux. Fi¬

39 1097 769 59 nablement pour mettre fin à ce different,

41 1146 771 66 toutes les deux parties ſe ſoumirent à l’arbi

43 1196 767 67 trage des Eſtats. Qui eſt va argument ſuf¬

38 1247 774 64 fiſant, pour cõclurre, que l’autorité du Con

41 1296 770 62 cile des Eſtats, eſt plus grande que celle du

41 1344 772 67 Roy, puis que ces deux Roys s’aſſuiettirent

43 1395 769 66 au iugement d’iceluy: ce qui eſt aſſeuré, non

41 1444 772 63 ſeulemẽt par nos hiſtori. mais auſsi par Po.

54 1495 754 95 Vergil. hiſtoriẽ Ang. au 9. li. de ſõ Hiſt. Qui

182 49 450 60 FRANCOISE.

709 48 76 66 167

607 1556 77 71 l 4
