1023 1853
212.0 38.0 80.0 50.0 168

350.0 37.0 497.0 60.0 DE LA GAVLE

211.0 117.0 767.0 39.0 plus eſt Papon meſme au 1. cha. du 4.liu. des

209.0 149.0 770.0 61.0 Areſts a eſcrit, ſe tenant aſſeuré (comme ie

207.0 199.0 773.0 58.0 croy) de bons auteurs, que tous les deux

208.0 247.0 770.0 61.0 Roys ſe preſẽterẽt eſdits Eſtats, & propoſe

206.0 297.0 773.0 62.0 rent chacun ſon fait. Ayãs donques eſté aſ¬

203.0 346.0 777.0 68.0 ſemblez les eſtats generaux du Royaume, &

208.0 401.0 767.0 58.0 parties ouyes, fut par leſdits eſtats pronõcé

203.0 445.0 775.0 63.0 Areſt ſelõ l’auis recueilly de la pluralité des

206.0 499.0 768.0 66.0 voix, par lequel fut adiugé le Royaume de

203.0 549.0 772.0 59.0 Frãce à Philip. de Valois cõme au plus pro¬

201.0 596.0 776.0 57.0 che hoir maſſe du feu Roy. Ceſte hiſtoire

201.0 646.0 774.0 68.0 eſt deduite au long dans Froiſſard vol. 1.ch.

201.0 697.0 775.0 63.0 22.Papon au 1.ch. du 4.liu. des Areſts art,2.

201.0 743.0 776.0 69.0 Gaguin en la vie de Phil. de Valois. Le ſe¬

199.0 798.0 779.0 63.0 cond exẽple ſe trouue aduenu l’an 1356 lors

201.0 847.0 775.0 65.0 que le Roy Ian fut pris aupres de Poictiers

201.0 899.0 774.0 63.0 par les Anglois, & emmené en Angleterre.

197.0 951.0 779.0 58.0 Il n’y auoit lors, apres auoir receu vne ſi no

197.0 998.0 774.0 62.0 table perte, autre eſperance de reſſource,

198.0 1047.0 778.0 63.0 qu’en l’autorité & concorde des Eſtats. Au

197.0 1098.0 780.0 59.0 moyen dequoy ils furẽt incõtinent ſignifiez

195.0 1148.0 776.0 59.0 & conuoquez à Paris: & cõbien que le Roy

194.0 1196.0 782.0 61.0 euſt trois fils, Charles, Loys & Ian, dõt l’aiſ¬

194.0 1245.0 782.0 64.0 né eſtoit deſia en aage ſuffiſant & capable

199.0 1297.0 778.0 61.0 d’adminiſtratiõ, toutefois il en fut eleu d’au

194.0 1347.0 780.0 61.0 tres, & furent deputez douze de chaſque

197.0 1394.0 775.0 63.0 Eſtat, perſonnages de bõ entendemẽt & ver

193.0 1445.0 782.0 63.0 tueux, auſquels fut commiſe l’adminiſtratiõ

194.0 1494.0 781.0 83.0 des affaires du Royaume, & ambaſſadeurs

777.0 1545.0 197.0 64.0 depeſchez
