<?xml version="1.0" encoding="UTF-8"?>
<alto xmlns:xsi="http://www.w3.org/2001/XMLSchema-instance"
      xmlns="http://www.loc.gov/standards/alto/ns-v4#"
      xsi:schemaLocation="http://www.loc.gov/standards/alto/ns-v4# http://www.loc.gov/standards/alto/v4/alto-4-2.xsd">
  <Description>
    <MeasurementUnit>pixel</MeasurementUnit>
    <sourceImageInformation>
      <fileName>194_b433a_default.jpg</fileName>
      <fileIdentifier>mets//0_4c28e_default.zip/194_b433a_default.jpg</fileIdentifier>
    </sourceImageInformation>
  </Description>
  <Tags>
    <OtherTag ID="BT7" LABEL="CustomZone" DESCRIPTION="block type CustomZone"/><OtherTag ID="BT8" LABEL="DamageZone" DESCRIPTION="block type DamageZone"/><OtherTag ID="BT9" LABEL="DigitizationArtefactZone" DESCRIPTION="block type DigitizationArtefactZone"/><OtherTag ID="BT10" LABEL="DropCapitalZone" DESCRIPTION="block type DropCapitalZone"/><OtherTag ID="BT11" LABEL="GraphicZone" DESCRIPTION="block type GraphicZone"/><OtherTag ID="BT12" LABEL="MainZone" DESCRIPTION="block type MainZone"/><OtherTag ID="BT13" LABEL="MarginTextZone" DESCRIPTION="block type MarginTextZone"/><OtherTag ID="BT14" LABEL="MusicZone" DESCRIPTION="block type MusicZone"/><OtherTag ID="BT15" LABEL="NumberingZone" DESCRIPTION="block type NumberingZone"/><OtherTag ID="BT17" LABEL="QuireMarksZone" DESCRIPTION="block type QuireMarksZone"/><OtherTag ID="BT18" LABEL="RunningTitleZone" DESCRIPTION="block type RunningTitleZone"/><OtherTag ID="BT19" LABEL="SealZone" DESCRIPTION="block type SealZone"/><OtherTag ID="BT20" LABEL="StampZone" DESCRIPTION="block type StampZone"/><OtherTag ID="BT21" LABEL="TableZone" DESCRIPTION="block type TableZone"/><OtherTag ID="BT22" LABEL="TitlePageZone" DESCRIPTION="block type TitlePageZone"/><OtherTag ID="BT100001" LABEL="MainZone-Head" DESCRIPTION="block type MainZone-Head"/><OtherTag ID="BT100005" LABEL="MainZone-P" DESCRIPTION="block type MainZone-P"/><OtherTag ID="BT100006" LABEL="MainZone-Continued" DESCRIPTION="block type MainZone-Continued"/><OtherTag ID="BT100002" LABEL="MainZone-Lg" DESCRIPTION="block type MainZone-Lg"/><OtherTag ID="BT100007" LABEL="MarginTextZone-ManuscriptAddendum" DESCRIPTION="block type MarginTextZone-ManuscriptAddendum"/><OtherTag ID="BT100003" LABEL="MainZone-Signature" DESCRIPTION="block type MainZone-Signature"/><OtherTag ID="BT100012" LABEL="TitlePageZone-Index" DESCRIPTION="block type TitlePageZone-Index"/>
    <OtherTag ID="LT7" LABEL="CustomLine" DESCRIPTION="line type CustomLine"/><OtherTag ID="LT8" LABEL="DefaultLine" DESCRIPTION="line type DefaultLine"/><OtherTag ID="LT9" LABEL="DropCapitalLine" DESCRIPTION="line type DropCapitalLine"/><OtherTag ID="LT10" LABEL="HeadingLine" DESCRIPTION="line type HeadingLine"/><OtherTag ID="LT11" LABEL="InterlinearLine" DESCRIPTION="line type InterlinearLine"/><OtherTag ID="LT12" LABEL="MusicLine" DESCRIPTION="line type MusicLine"/><OtherTag ID="LT766" LABEL="default" DESCRIPTION="line type default"/>
  </Tags>
  <Layout>
    <Page WIDTH="1023"
          HEIGHT="1853"
          PHYSICAL_IMG_NR="194"
          ID="eSc_dummypage_">
      <PrintSpace HPOS="0"
                  VPOS="0"
                  WIDTH="1023"
                  HEIGHT="1853">
        <TextBlock HPOS="172.0"
                   VPOS="35.0"
                   WIDTH="434.0"
                   HEIGHT="50.0"
                   ID="block_0"
                   TAGREFS="BT18">
          <Shape><Polygon POINTS="606 35 606 85 172 85 172 35"/></Shape>
          <TextLine ID="line_0"
                    TAGREFS="LT10"
                    BASELINE="172 76 614 70" 
                    HPOS="169.0"
                    VPOS="35.0"
                    WIDTH="445.0"
                    HEIGHT="61.0">
            <Shape><Polygon POINTS="593 37 583 37 572 37 562 37 552 37 541 37 531 37 521 37 510 37 500 37 490 37 481 37 480 37 469 37 459 37 449 37 438 37 428 37 424 37 420 38 418 37 407 37 397 37 387 37 377 37 366 37 356 37 345 37 334 37 324 37 323 37 315 41 246 41 194 37 190 37 180 37 179 35 169 35 172 76 172 87 269 83 280 88 292 95 293 95 294 96 318 96 318 95 319 95 331 89 346 82 389 82 405 89 415 93 416 93 417 94 461 94 461 93 462 93 463 93 467 90 481 80 530 90 537 91 538 91 614 90 614 70 611 37 603 37"/></Shape>
	    <String CONTENT="FRANCOISE."
                    HPOS="169.0"
                    VPOS="35.0"
                    WIDTH="445.0"
                    HEIGHT="61.0"
                    WC="0.9997034311294556"></String>
          </TextLine>
        </TextBlock>
        <TextBlock HPOS="722.0"
                   VPOS="34.0"
                   WIDTH="72.0"
                   HEIGHT="49.0"
                   ID="block_3"
                   TAGREFS="BT15">
          <Shape><Polygon POINTS="794 34 794 83 722 83 722 34"/></Shape>
          <TextLine ID="line_1"
                    TAGREFS="LT8"
                    BASELINE="713 70 790 70" 
                    HPOS="713.0"
                    VPOS="31.0"
                    WIDTH="77.0"
                    HEIGHT="61.0">
            <Shape><Polygon POINTS="755 35 746 32 735 31 734 31 733 31 713 38 713 70 713 85 764 92 765 92 766 92 790 83 790 70 790 39 758 35 755 35"/></Shape>
	    <String CONTENT="169"
                    HPOS="713.0"
                    VPOS="31.0"
                    WIDTH="77.0"
                    HEIGHT="61.0"
                    WC="0.9999948342641195"></String>
          </TextLine>
        </TextBlock>
        <TextBlock HPOS="20.0"
                   VPOS="89.0"
                   WIDTH="788.0"
                   HEIGHT="1451.0"
                   ID="block_1"
                   TAGREFS="BT100006">
          <Shape><Polygon POINTS="808 89 806 1533 20 1540 20 89"/></Shape>
          <TextLine ID="line_2"
                    TAGREFS="LT8"
                    BASELINE="16 134 792 121" 
                    HPOS="15.0"
                    VPOS="92.0"
                    WIDTH="777.0"
                    HEIGHT="67.0">
            <Shape><Polygon POINTS="788 92 777 92 767 92 757 92 746 92 736 92 726 92 715 92 705 92 695 92 685 92 674 92 664 92 657 92 645 94 635 96 628 95 615 92 612 92 602 92 596 92 531 97 509 98 507 97 495 92 494 92 493 92 492 92 491 92 491 93 487 97 480 93 479 93 478 93 442 99 430 101 371 101 370 100 353 93 352 93 351 93 350 93 349 93 339 101 312 102 309 101 290 94 289 94 288 94 287 94 270 102 269 102 267 102 227 96 226 96 194 105 191 105 188 105 158 96 157 96 156 96 99 101 28 98 27 98 26 98 25 98 15 105 16 134 16 145 39 145 40 145 63 158 64 158 65 158 66 158 78 152 86 158 87 158 88 158 89 159 135 159 135 158 275 151 342 154 343 154 344 154 345 154 360 144 398 146 399 146 400 146 410 141 413 140 418 141 428 144 429 144 430 144 451 141 472 137 792 137 792 121 790 92 788 92"/></Shape>
	    <String CONTENT="depeſchez en Angleterre auec commiſsion"
                    HPOS="15.0"
                    VPOS="92.0"
                    WIDTH="777.0"
                    HEIGHT="67.0"
                    WC="0.9942295536016806"></String>
          </TextLine>
          <TextLine ID="line_3"
                    TAGREFS="LT8"
                    BASELINE="16 185 791 171" 
                    HPOS="15.0"
                    VPOS="137.0"
                    WIDTH="776.0"
                    HEIGHT="67.0">
            <Shape><Polygon POINTS="16 185 16 198 85 200 86 200 87 200 88 200 91 198 98 194 106 198 109 199 110 199 111 199 122 198 162 192 173 197 185 204 186 204 187 204 241 203 242 203 243 203 251 197 255 193 260 197 261 198 262 198 263 198 264 198 284 197 320 194 329 196 338 199 339 199 341 199 342 199 351 196 378 188 402 196 415 200 416 200 417 200 479 199 480 199 481 199 486 195 495 189 509 195 514 197 515 197 551 198 552 198 566 195 612 184 667 189 668 189 669 189 670 189 679 183 717 188 718 188 719 188 734 182 790 193 791 171 788 137 715 147 630 141 617 141 616 141 615 141 614 141 612 142 603 149 571 144 570 144 496 150 479 145 473 144 472 144 471 144 470 144 469 144 467 146 460 151 435 147 434 147 433 147 420 152 412 147 410 145 408 145 407 145 371 145 370 145 369 145 361 148 351 152 338 149 334 148 333 148 332 148 324 149 300 153 293 150 289 148 288 148 287 148 274 150 250 155 215 152 202 151 201 151 188 152 160 156 152 153 146 151 145 151 144 151 128 154 114 157 101 155 85 151 84 151 83 151 67 155 57 158 48 156 28 151 27 151 26 151 25 151 15 155 16 185"/></Shape>
	    <String CONTENT="de traiter paix auec l’Anglois par l’autorité"
                    HPOS="15.0"
                    VPOS="137.0"
                    WIDTH="776.0"
                    HEIGHT="67.0"
                    WC="0.9993097186088562"></String>
          </TextLine>
          <TextLine ID="line_4"
                    TAGREFS="LT8"
                    BASELINE="17 235 792 222" 
                    HPOS="16.0"
                    VPOS="186.0"
                    WIDTH="776.0"
                    HEIGHT="61.0">
            <Shape><Polygon POINTS="17 235 17 243 254 247 255 247 358 245 359 245 374 238 778 238 778 237 779 237 792 230 792 222 789 196 725 196 724 196 711 186 710 186 709 186 695 186 694 186 693 186 673 196 670 197 663 196 618 187 617 187 616 187 615 187 600 196 595 199 561 199 556 196 546 191 544 191 543 191 542 191 527 196 519 199 514 196 499 189 498 189 497 189 480 190 479 190 478 190 470 196 465 200 423 198 422 196 415 191 414 191 413 191 412 191 356 197 293 203 270 197 256 193 255 193 254 193 253 193 252 193 247 197 240 203 192 206 158 206 144 197 141 195 140 195 139 195 138 195 85 196 84 196 80 197 60 206 47 197 46 197 45 197 44 197 16 197 17 235"/></Shape>
	    <String CONTENT="des Eſtats, teſmoins Froiſſard vol.i. chapi."
                    HPOS="16.0"
                    VPOS="186.0"
                    WIDTH="776.0"
                    HEIGHT="61.0"
                    WC="0.990416712381623"></String>
          </TextLine>
          <TextLine ID="line_5"
                    TAGREFS="LT8"
                    BASELINE="17 286 792 271" 
                    HPOS="16.0"
                    VPOS="236.0"
                    WIDTH="776.0"
                    HEIGHT="68.0">
            <Shape><Polygon POINTS="17 286 17 304 69 304 69 303 70 303 71 303 72 302 80 297 105 301 112 302 113 302 114 302 117 301 135 293 211 298 235 300 236 300 237 300 244 298 251 294 257 297 259 299 260 299 261 299 262 299 300 297 301 297 303 296 315 290 366 294 397 297 398 297 399 297 400 297 404 293 411 290 447 292 448 292 449 292 450 292 460 287 471 292 475 293 476 293 478 293 490 291 522 286 591 289 608 289 609 289 632 288 694 283 705 286 722 290 723 290 724 290 725 290 734 285 740 282 749 285 759 287 760 287 761 287 792 283 792 271 790 243 732 236 731 236 690 237 689 237 688 237 677 245 676 246 674 245 666 238 665 238 664 238 629 238 628 238 627 238 626 238 618 246 616 247 611 246 594 239 593 239 592 239 591 239 571 246 564 248 555 246 528 240 527 240 526 240 514 247 508 249 499 247 476 241 475 241 474 241 473 241 466 247 463 250 438 250 429 248 414 242 413 242 412 242 411 242 401 248 396 251 344 252 333 249 330 248 329 248 328 248 316 249 281 253 268 250 256 246 255 246 254 246 253 246 252 246 248 250 245 252 224 250 192 247 191 247 190 247 189 247 184 251 176 256 124 256 116 251 111 249 110 249 109 249 94 252 66 257 16 253 17 286"/></Shape>
	    <String CONTENT="170. Iean Buchet au 4. liu. fueil.118. N. Gilles"
                    HPOS="16.0"
                    VPOS="236.0"
                    WIDTH="776.0"
                    HEIGHT="68.0"
                    WC="0.9666077842315038"></String>
          </TextLine>
          <TextLine ID="line_6"
                    TAGREFS="LT8"
                    BASELINE="18 334 712 322 793 324" 
                    HPOS="17.0"
                    VPOS="288.0"
                    WIDTH="776.0"
                    HEIGHT="72.0">
            <Shape><Polygon POINTS="18 334 18 348 36 360 37 360 38 360 39 360 103 355 195 358 196 358 197 358 198 358 214 344 218 344 232 342 251 343 278 345 279 345 301 342 322 340 326 342 345 354 346 354 347 354 348 354 349 354 370 344 393 354 394 354 395 355 435 355 435 354 436 354 468 340 473 338 484 339 512 344 513 344 556 338 567 337 572 338 612 351 614 351 615 351 616 351 639 337 644 335 793 335 793 324 792 296 741 288 740 288 739 288 720 295 696 289 695 289 694 289 693 289 673 297 496 292 495 292 434 301 386 294 385 294 384 294 383 294 372 303 335 303 317 295 316 295 315 295 278 303 258 296 257 296 256 296 255 296 236 304 191 298 190 298 189 298 166 305 139 298 138 298 137 298 135 298 105 306 78 299 77 299 76 299 75 299 54 308 17 308 18 334"/></Shape>
	    <String CONTENT="en la chron. du Roy Iean. Nous prendrons"
                    HPOS="17.0"
                    VPOS="288.0"
                    WIDTH="776.0"
                    HEIGHT="72.0"
                    WC="0.990179979801178"></String>
          </TextLine>
          <TextLine ID="line_7"
                    TAGREFS="LT8"
                    BASELINE="18 383 793 371" 
                    HPOS="17.0"
                    VPOS="339.0"
                    WIDTH="776.0"
                    HEIGHT="66.0">
            <Shape><Polygon POINTS="18 383 18 392 142 405 143 405 144 405 145 405 160 393 178 397 179 397 180 397 224 390 249 403 250 403 251 404 276 404 276 403 353 399 354 399 355 399 372 388 413 388 437 400 438 400 439 401 469 401 469 400 500 399 501 399 502 399 517 388 582 391 583 391 584 391 602 385 621 397 622 397 623 397 624 398 658 398 658 397 659 397 697 382 712 387 713 387 714 387 793 379 793 371 790 345 725 346 720 345 700 339 699 339 698 339 602 346 566 348 556 346 534 341 533 341 532 341 514 346 503 351 460 351 453 347 451 345 450 345 449 345 448 345 447 345 441 347 432 351 411 347 388 344 387 344 329 347 301 350 292 348 276 345 275 345 274 345 273 345 268 348 260 354 239 350 237 350 81 357 17 351 18 383"/></Shape>
	    <String CONTENT="le tiers exemple de l’an 1375. Lors que le te¬"
                    HPOS="17.0"
                    VPOS="339.0"
                    WIDTH="776.0"
                    HEIGHT="66.0"
                    WC="0.9966864378555961"></String>
          </TextLine>
          <TextLine ID="line_8"
                    TAGREFS="LT8"
                    BASELINE="18 432 793 421" 
                    HPOS="17.0"
                    VPOS="389.0"
                    WIDTH="776.0"
                    HEIGHT="64.0">
            <Shape><Polygon POINTS="18 432 18 450 164 441 179 447 185 449 186 449 187 449 188 449 197 446 206 444 210 446 224 453 225 453 226 453 329 451 330 451 331 451 345 443 352 439 396 442 506 449 507 449 508 449 531 439 537 436 567 436 569 438 583 447 584 447 585 447 586 448 628 448 628 447 629 447 630 447 650 436 653 434 668 435 694 438 695 438 792 432 793 421 790 395 687 396 678 395 656 391 655 391 654 391 639 395 635 396 630 395 603 389 602 389 601 389 586 395 578 399 469 399 444 396 414 392 413 392 412 392 403 396 396 400 387 396 377 392 376 392 374 392 326 396 294 399 268 397 242 394 241 394 240 394 232 397 221 401 195 397 182 395 181 395 180 395 179 395 177 397 165 404 86 405 17 398 18 432"/></Shape>
	    <String CONTENT="ſtament du Roy Charles quint, ſurnommé"
                    HPOS="17.0"
                    VPOS="389.0"
                    WIDTH="776.0"
                    HEIGHT="64.0"
                    WC="0.9958443519396659"></String>
          </TextLine>
          <TextLine ID="line_9"
                    TAGREFS="LT8"
                    BASELINE="18 483 792 469" 
                    HPOS="17.0"
                    VPOS="439.0"
                    WIDTH="775.0"
                    HEIGHT="66.0">
            <Shape><Polygon POINTS="18 483 18 496 42 495 44 496 61 505 62 505 63 505 124 504 199 493 210 492 258 492 259 492 276 498 277 498 278 498 279 498 295 491 310 491 360 488 362 490 368 494 369 494 370 494 371 494 413 488 421 487 423 488 435 498 436 498 437 498 438 499 459 499 459 498 509 486 516 485 521 486 569 496 570 496 610 495 611 495 612 495 627 484 629 483 664 483 707 483 733 493 734 493 735 493 736 493 758 482 792 480 792 469 789 439 581 447 567 441 562 439 561 439 515 439 514 439 513 439 512 439 507 442 496 449 485 443 484 443 483 443 482 443 458 450 420 443 404 441 403 441 402 441 396 444 380 451 355 444 354 444 353 444 352 444 351 444 350 444 350 445 342 452 328 446 327 446 326 446 325 446 308 453 236 455 193 446 184 445 183 445 172 447 114 457 87 448 85 447 84 447 83 447 82 447 79 448 58 455 17 449 18 483"/></Shape>
	    <String CONTENT="le Sage, fut ouuert &amp; leu publiquemeut: par"
                    HPOS="17.0"
                    VPOS="439.0"
                    WIDTH="775.0"
                    HEIGHT="66.0"
                    WC="0.9875059058499891"></String>
          </TextLine>
          <TextLine ID="line_10"
                    TAGREFS="LT8"
                    BASELINE="19 533 795 520" 
                    HPOS="18.0"
                    VPOS="484.0"
                    WIDTH="777.0"
                    HEIGHT="71.0">
            <Shape><Polygon POINTS="18 508 19 533 19 548 76 555 77 555 78 555 79 555 91 547 96 543 142 541 152 545 169 553 171 553 172 554 208 554 208 553 209 553 210 553 226 544 227 543 230 544 255 549 256 549 257 549 278 542 292 538 314 542 319 542 320 542 325 541 348 537 363 540 392 548 393 548 394 548 395 548 423 539 427 538 428 539 440 549 441 549 442 549 444 549 590 547 591 547 592 547 605 537 629 534 634 534 635 534 645 538 646 538 648 538 649 538 666 533 673 531 794 530 795 520 794 495 765 484 764 484 763 484 762 484 728 495 727 495 725 495 652 486 651 486 650 486 621 496 619 496 612 496 569 492 568 492 549 496 544 497 543 496 534 488 533 488 532 488 473 488 472 488 471 488 446 497 438 499 435 497 428 491 427 491 426 491 425 491 392 497 382 499 380 497 370 491 369 491 368 491 342 491 341 491 339 491 338 491 328 498 322 502 191 503 184 499 178 494 177 494 176 494 153 494 152 494 151 494 150 494 144 499 139 502 134 499 129 495 128 495 127 495 126 495 125 495 112 499 95 505 65 505 48 499 37 496 36 496 35 496 21 498 18 508"/></Shape>
	    <String CONTENT="lequel il auoit inſtitué Philippes Duc de"
                    HPOS="18.0"
                    VPOS="484.0"
                    WIDTH="777.0"
                    HEIGHT="71.0"
                    WC="0.9973789538655963"></String>
          </TextLine>
          <TextLine ID="line_11"
                    TAGREFS="LT8"
                    BASELINE="20 584 794 569" 
                    HPOS="18.0"
                    VPOS="532.0"
                    WIDTH="776.0"
                    HEIGHT="75.0">
            <Shape><Polygon POINTS="20 584 20 602 60 607 61 607 62 607 75 602 96 591 158 597 159 597 160 597 176 588 291 587 309 587 328 598 328 599 329 599 330 599 331 599 339 598 414 587 422 592 423 592 424 592 425 592 426 592 440 585 483 596 490 598 491 598 492 598 635 596 636 596 639 593 663 581 741 578 769 592 770 592 771 592 772 592 794 591 794 569 792 542 741 532 740 532 739 532 719 542 718 542 695 533 694 533 693 533 692 533 673 542 667 545 491 544 490 544 456 549 445 543 433 538 432 538 431 538 379 539 378 539 367 544 352 551 336 544 329 541 328 541 327 541 326 541 317 544 294 553 226 553 192 545 191 545 190 545 189 545 155 555 132 545 129 544 128 544 127 544 118 545 93 549 84 545 83 545 82 545 81 545 80 545 79 545 62 552 18 546 20 584"/></Shape>
	    <String CONTENT="Bourbon frere de ſa femme, tuteur de ſes"
                    HPOS="18.0"
                    VPOS="532.0"
                    WIDTH="776.0"
                    HEIGHT="75.0"
                    WC="0.9946852952241898"></String>
          </TextLine>
          <TextLine ID="line_12"
                    TAGREFS="LT8"
                    BASELINE="20 632 797 618" 
                    HPOS="19.0"
                    VPOS="585.0"
                    WIDTH="778.0"
                    HEIGHT="72.0">
            <Shape><Polygon POINTS="20 632 20 643 78 657 79 657 182 655 183 655 211 641 213 641 314 653 315 653 316 653 317 653 327 646 348 652 349 652 350 652 488 650 489 650 490 650 506 637 508 636 516 637 535 640 536 640 587 636 618 634 627 636 642 639 643 639 683 635 702 633 708 635 723 639 724 639 725 639 726 639 735 634 739 632 795 633 797 618 795 595 751 585 749 585 748 585 730 595 729 595 715 595 638 591 637 591 604 595 587 597 581 595 570 591 569 591 568 591 567 591 559 596 554 599 452 599 442 596 431 591 430 591 378 591 377 591 376 591 359 596 341 601 288 597 276 596 275 596 264 597 197 604 180 597 179 597 178 597 177 597 174 597 135 605 84 597 78 597 77 597 76 597 73 598 43 606 19 598 20 632"/></Shape>
	    <String CONTENT="enfans: &amp; au regard du gouuernement du"
                    HPOS="19.0"
                    VPOS="585.0"
                    WIDTH="778.0"
                    HEIGHT="72.0"
                    WC="0.9855646867501108"></String>
          </TextLine>
          <TextLine ID="line_13"
                    TAGREFS="LT8"
                    BASELINE="21 683 794 669" 
                    HPOS="20.0"
                    VPOS="635.0"
                    WIDTH="774.0"
                    HEIGHT="71.0">
            <Shape><Polygon POINTS="20 661 21 683 21 701 93 706 94 706 95 706 96 706 106 698 115 693 180 695 181 695 182 695 183 695 190 690 202 696 218 704 219 704 220 704 295 703 320 701 321 701 322 701 332 693 336 690 422 686 434 690 460 700 461 700 462 700 517 698 518 698 551 687 562 683 695 681 710 683 767 693 768 693 769 693 794 681 794 669 792 644 695 635 694 635 693 635 692 635 680 645 679 645 677 645 628 636 627 636 626 636 592 646 589 646 586 646 550 638 549 638 548 638 547 638 535 646 533 648 506 649 414 649 407 648 396 644 395 644 394 644 377 648 369 649 361 648 322 642 321 642 320 642 296 649 290 650 281 649 242 643 241 643 240 643 239 643 231 649 226 653 158 650 146 650 145 650 133 650 66 655 59 651 53 647 52 647 51 647 50 647 23 651 20 661"/></Shape>
	    <String CONTENT="Royaume, il ordonnoit que ſon frere Loys"
                    HPOS="20.0"
                    VPOS="635.0"
                    WIDTH="774.0"
                    HEIGHT="71.0"
                    WC="0.9935342654585838"></String>
          </TextLine>
          <TextLine ID="line_14"
                    TAGREFS="LT8"
                    BASELINE="22 732 796 719" 
                    HPOS="21.0"
                    VPOS="684.0"
                    WIDTH="775.0"
                    HEIGHT="70.0">
            <Shape><Polygon POINTS="22 732 22 752 131 754 132 754 133 754 134 754 141 749 153 740 200 740 249 746 286 751 287 751 288 751 304 745 323 738 343 738 350 743 358 750 359 750 360 750 361 750 437 749 438 749 453 742 475 745 476 745 478 745 488 740 493 737 523 739 547 740 548 740 585 737 631 732 654 735 734 744 735 744 769 743 770 743 796 730 796 719 793 684 734 694 684 686 676 685 675 685 674 685 673 685 673 686 672 686 662 695 624 691 623 691 580 696 562 688 559 687 558 687 557 687 546 689 496 700 459 700 444 691 439 689 438 689 437 689 436 689 435 689 432 691 424 696 414 691 411 690 410 690 408 690 366 691 365 691 362 692 349 701 315 703 205 703 179 696 167 694 166 694 165 694 160 697 155 700 142 697 128 695 127 695 126 695 125 695 123 697 114 706 71 706 58 700 51 696 50 696 49 696 21 700 22 732"/></Shape>
	    <String CONTENT="Duc d’Aniou en euſt la conduite iuſques à"
                    HPOS="21.0"
                    VPOS="684.0"
                    WIDTH="775.0"
                    HEIGHT="70.0"
                    WC="0.9875978827476501"></String>
          </TextLine>
          <TextLine ID="line_15"
                    TAGREFS="LT8"
                    BASELINE="22 781 797 770" 
                    HPOS="21.0"
                    VPOS="735.0"
                    WIDTH="776.0"
                    HEIGHT="68.0">
            <Shape><Polygon POINTS="22 781 22 801 231 803 232 803 233 803 249 796 261 789 269 794 270 794 271 794 273 794 312 788 343 788 349 793 360 801 361 801 362 801 363 801 444 800 508 789 532 785 541 788 548 790 549 790 550 790 569 787 593 783 796 781 797 770 795 740 770 735 769 735 768 735 756 740 752 743 702 744 688 742 656 736 655 736 654 736 639 743 634 745 622 743 590 737 589 737 588 737 587 737 587 738 580 744 576 747 550 747 527 745 449 739 448 739 447 739 446 739 446 740 437 746 435 749 402 749 400 747 386 740 385 740 384 740 383 740 382 740 371 748 369 749 360 748 303 741 302 741 301 741 284 749 282 750 280 750 256 742 255 742 254 742 253 742 233 750 231 752 184 752 184 751 163 743 162 743 161 743 160 743 142 752 21 754 22 781"/></Shape>
	    <String CONTENT="ce que ſon fils Charles fuſt maieur d’ans, &amp;"
                    HPOS="21.0"
                    VPOS="735.0"
                    WIDTH="776.0"
                    HEIGHT="68.0"></String>
          </TextLine>
          <TextLine ID="line_16"
                    TAGREFS="LT8"
                    BASELINE="30 830 794 818" 
                    HPOS="29.0"
                    VPOS="785.0"
                    WIDTH="765.0"
                    HEIGHT="68.0">
            <Shape><Polygon POINTS="30 830 30 851 81 853 82 853 83 853 84 853 87 850 93 845 98 849 99 849 100 849 101 849 143 841 159 841 171 847 176 851 177 851 178 851 179 851 318 849 319 849 331 843 339 838 374 842 398 843 399 843 400 843 405 841 417 834 475 834 515 834 520 836 533 846 534 846 535 846 536 846 602 845 603 845 637 834 643 838 644 838 645 838 646 838 648 838 665 832 667 832 676 832 761 834 762 834 794 828 794 818 792 791 734 785 733 785 732 785 715 792 710 795 667 795 663 793 648 787 646 787 606 787 605 787 604 787 603 787 592 794 588 797 521 797 517 796 501 789 500 789 499 789 498 789 497 789 489 796 487 797 482 796 457 793 456 793 435 797 431 798 429 797 419 792 418 792 417 792 416 792 404 798 401 799 390 798 361 795 360 795 359 795 350 799 346 800 329 799 244 793 243 793 201 802 197 802 190 802 101 795 100 795 99 795 98 795 98 796 89 805 88 805 84 805 43 799 42 799 41 799 29 803 30 830"/></Shape>
	    <String CONTENT="qu’il le peuſt gouuerner luy-meſme. Car"
                    HPOS="29.0"
                    VPOS="785.0"
                    WIDTH="765.0"
                    HEIGHT="68.0"
                    WC="0.9939888333662962"></String>
          </TextLine>
          <TextLine ID="line_17"
                    TAGREFS="LT8"
                    BASELINE="22 881 800 868" 
                    HPOS="21.0"
                    VPOS="832.0"
                    WIDTH="779.0"
                    HEIGHT="69.0">
            <Shape><Polygon POINTS="22 881 22 890 43 892 53 901 54 901 55 901 56 901 112 900 113 900 114 900 130 890 151 899 152 899 153 900 211 900 211 899 212 899 213 899 228 887 229 887 257 887 266 887 288 894 289 894 290 894 291 894 302 888 320 897 321 897 322 897 411 896 484 883 516 894 517 894 518 894 519 894 548 882 567 888 568 888 569 888 570 888 571 888 577 882 635 881 649 889 650 889 651 889 652 889 653 889 687 879 757 879 773 884 774 884 775 884 776 884 800 877 800 868 798 841 736 832 735 832 734 832 701 842 700 842 672 833 671 833 670 833 669 833 639 843 636 845 539 846 535 845 507 836 506 836 505 836 504 836 503 836 492 846 491 847 449 847 448 847 436 837 435 837 434 837 415 837 414 837 351 848 332 842 331 842 330 842 329 842 317 848 290 840 289 840 288 840 287 840 261 850 259 850 163 842 162 842 161 842 148 849 130 844 129 844 128 844 127 844 126 844 117 852 90 845 89 845 88 845 87 845 86 845 73 854 21 854 22 881"/></Shape>
	    <String CONTENT="nonobſtant cela les Eſtats furent aſſemblez"
                    HPOS="21.0"
                    VPOS="832.0"
                    WIDTH="779.0"
                    HEIGHT="69.0"
                    WC="0.9941773927488993"></String>
          </TextLine>
          <TextLine ID="line_18"
                    TAGREFS="LT8"
                    BASELINE="23 932 799 919" 
                    HPOS="22.0"
                    VPOS="883.0"
                    WIDTH="777.0"
                    HEIGHT="70.0">
            <Shape><Polygon POINTS="23 932 23 947 134 942 142 945 161 951 162 951 163 951 164 951 183 944 188 941 191 944 205 952 206 952 207 952 208 953 236 953 236 952 237 952 239 952 250 942 253 940 278 941 356 947 357 947 358 947 378 939 385 937 425 937 428 938 448 948 449 948 450 949 485 949 485 948 486 948 503 939 520 947 521 947 522 947 615 946 616 946 637 934 639 933 640 934 655 941 656 941 657 941 658 941 659 941 665 936 680 944 682 944 683 945 738 945 738 944 739 944 764 931 765 931 798 931 799 919 795 883 769 891 756 884 755 884 754 884 753 884 735 890 718 884 717 884 715 884 714 884 713 884 712 884 695 892 651 886 643 885 642 885 641 885 638 886 618 894 598 887 596 886 595 886 594 886 593 886 592 886 591 887 582 894 547 888 539 887 538 887 532 888 497 896 454 890 440 888 439 888 438 888 437 888 435 890 425 897 393 891 391 891 390 891 387 891 345 897 308 893 291 891 290 891 289 891 282 893 259 900 234 894 224 892 223 892 222 892 215 895 199 900 189 895 185 893 184 893 183 893 171 895 140 902 90 897 65 895 64 895 22 898 23 932"/></Shape>
	    <String CONTENT="à Paris, &amp; le teſtamẽt eſtant declaré nul, fut"
                    HPOS="22.0"
                    VPOS="883.0"
                    WIDTH="777.0"
                    HEIGHT="70.0"
                    WC="0.9967356324195862"></String>
          </TextLine>
          <TextLine ID="line_19"
                    TAGREFS="LT8"
                    BASELINE="23 980 798 968" 
                    HPOS="22.0"
                    VPOS="937.0"
                    WIDTH="776.0"
                    HEIGHT="61.0">
            <Shape><Polygon POINTS="23 980 23 995 145 990 151 993 158 998 159 998 160 998 161 998 267 997 268 997 269 997 280 990 284 988 289 990 301 995 302 995 303 995 324 991 360 996 361 996 362 996 385 990 442 995 444 995 445 995 464 989 513 991 514 991 515 991 532 985 536 984 582 984 583 984 593 992 594 992 595 992 596 992 644 986 691 991 692 991 693 991 694 991 708 981 798 979 798 968 794 937 779 944 657 945 650 940 645 937 644 937 643 937 642 937 618 941 595 945 588 941 581 938 580 938 578 938 577 938 570 942 563 947 513 947 474 945 418 940 417 940 416 940 415 940 408 946 405 949 372 949 336 949 335 948 328 941 327 941 326 941 325 941 324 941 308 948 304 949 299 949 261 942 260 942 259 942 237 950 232 951 223 950 174 944 173 944 172 944 144 952 142 952 140 952 92 945 91 945 22 954 23 980"/></Shape>
	    <String CONTENT="ordonné que l’adminiſtration du Royaume"
                    HPOS="22.0"
                    VPOS="937.0"
                    WIDTH="776.0"
                    HEIGHT="61.0"
                    WC="0.9867994636297226"></String>
          </TextLine>
          <TextLine ID="line_20"
                    TAGREFS="LT8"
                    BASELINE="24 1030 794 1017" 
                    HPOS="23.0"
                    VPOS="985.0"
                    WIDTH="771.0"
                    HEIGHT="72.0">
            <Shape><Polygon POINTS="24 1030 24 1049 81 1057 82 1057 130 1046 143 1044 151 1046 187 1056 188 1056 189 1056 240 1055 241 1055 278 1045 291 1054 292 1054 293 1054 294 1054 435 1052 436 1052 463 1039 464 1039 484 1051 485 1051 486 1051 510 1047 512 1047 513 1047 523 1038 524 1037 558 1037 599 1037 601 1037 616 1047 617 1047 618 1047 619 1049 674 1049 674 1047 794 1032 794 1017 792 994 656 994 620 985 619 985 618 985 598 993 565 986 564 986 563 986 562 986 553 994 550 997 542 994 531 990 530 990 529 990 528 990 527 990 523 994 520 997 396 999 379 995 361 990 360 990 359 990 337 995 310 1001 290 996 289 996 288 996 248 1002 222 995 211 992 210 992 209 992 208 992 207 992 207 993 203 995 195 1003 138 1004 123 999 122 999 121 999 120 999 105 1004 87 995 84 994 83 994 82 994 23 995 24 1030"/></Shape>
	    <String CONTENT="ſeroit miſe entre les mains de Loys on¬"
                    HPOS="23.0"
                    VPOS="985.0"
                    WIDTH="771.0"
                    HEIGHT="72.0"
                    WC="0.998354448721959"></String>
          </TextLine>
          <TextLine ID="line_21"
                    TAGREFS="LT8"
                    BASELINE="25 1080 797 1067" 
                    HPOS="24.0"
                    VPOS="1037.0"
                    WIDTH="773.0"
                    HEIGHT="69.0">
            <Shape><Polygon POINTS="25 1080 25 1096 54 1104 55 1104 56 1104 57 1104 58 1104 64 1099 73 1106 74 1106 75 1106 76 1106 77 1106 90 1101 178 1103 179 1103 180 1103 205 1094 225 1094 242 1103 243 1103 244 1103 245 1103 246 1103 268 1093 307 1093 332 1101 333 1101 334 1101 335 1101 360 1094 379 1101 380 1101 381 1101 431 1100 432 1100 460 1090 490 1099 491 1099 492 1099 521 1098 522 1098 523 1098 534 1089 581 1097 582 1097 646 1091 675 1096 676 1096 677 1096 678 1096 678 1095 689 1086 705 1095 706 1095 707 1096 729 1096 729 1095 730 1095 731 1095 749 1084 797 1082 797 1067 795 1043 665 1038 664 1038 632 1044 583 1037 582 1037 581 1037 555 1046 554 1046 553 1046 538 1038 537 1038 515 1038 514 1038 513 1038 495 1046 493 1047 489 1046 451 1039 450 1039 449 1039 448 1039 434 1047 431 1050 318 1050 313 1050 262 1042 261 1042 260 1042 246 1051 243 1052 236 1051 205 1043 203 1043 202 1043 175 1052 167 1053 154 1052 99 1045 98 1045 24 1053 25 1080"/></Shape>
	    <String CONTENT="cle du ieune Roy: mais à telle charge, qu’il"
                    HPOS="24.0"
                    VPOS="1037.0"
                    WIDTH="773.0"
                    HEIGHT="69.0"></String>
          </TextLine>
          <TextLine ID="line_22"
                    TAGREFS="LT8"
                    BASELINE="26 1128 798 1116" 
                    HPOS="25.0"
                    VPOS="1085.0"
                    WIDTH="773.0"
                    HEIGHT="69.0">
            <Shape><Polygon POINTS="26 1128 26 1154 140 1154 140 1152 141 1152 149 1149 159 1146 179 1148 201 1151 202 1151 203 1151 205 1151 209 1148 218 1140 237 1140 258 1146 271 1150 273 1150 274 1150 342 1149 343 1149 344 1149 351 1144 358 1139 376 1143 398 1148 399 1148 482 1147 483 1147 484 1147 493 1140 493 1139 528 1136 535 1139 553 1146 554 1146 555 1146 627 1141 656 1145 657 1145 658 1145 659 1145 671 1135 673 1133 798 1131 798 1116 796 1093 735 1085 734 1085 733 1085 718 1092 679 1086 678 1086 677 1086 648 1095 573 1095 564 1089 563 1089 562 1089 561 1089 560 1089 559 1089 551 1096 496 1096 486 1089 485 1089 484 1089 447 1089 446 1089 404 1090 403 1090 387 1097 379 1090 378 1090 377 1090 376 1090 344 1096 273 1092 271 1092 234 1100 146 1096 145 1096 100 1101 91 1095 90 1095 89 1095 88 1095 53 1101 46 1096 45 1096 44 1096 43 1096 42 1096 25 1102 26 1128"/></Shape>
	    <String CONTENT="manieroit celle adminiſtration par l’aduis"
                    HPOS="25.0"
                    VPOS="1085.0"
                    WIDTH="773.0"
                    HEIGHT="69.0"
                    WC="0.985570816766648"></String>
          </TextLine>
          <TextLine ID="line_24"
                    TAGREFS="LT8"
                    BASELINE="26 1180 801 1168" 
                    HPOS="25.0"
                    VPOS="1135.0"
                    WIDTH="776.0"
                    HEIGHT="69.0">
            <Shape><Polygon POINTS="26 1180 26 1195 61 1204 62 1204 113 1196 151 1203 152 1203 153 1203 154 1203 164 1195 169 1190 281 1190 299 1194 321 1200 322 1200 323 1201 346 1201 346 1200 347 1200 348 1200 348 1199 354 1194 358 1191 378 1194 412 1199 413 1199 444 1196 445 1196 446 1196 448 1194 458 1185 514 1185 524 1193 528 1197 529 1197 530 1197 531 1197 593 1196 612 1193 674 1182 693 1193 696 1194 697 1194 698 1194 699 1194 703 1193 736 1181 800 1192 801 1168 799 1142 774 1137 773 1137 725 1142 712 1143 706 1142 672 1135 671 1135 670 1135 653 1142 624 1136 623 1136 622 1136 621 1136 609 1143 605 1145 586 1143 564 1140 563 1140 544 1143 526 1146 510 1143 486 1138 485 1138 484 1138 470 1143 460 1148 349 1149 330 1145 329 1145 328 1145 262 1150 246 1144 239 1142 237 1142 236 1142 235 1142 225 1145 207 1149 201 1145 199 1143 198 1143 197 1143 156 1143 155 1143 142 1145 99 1152 25 1146 26 1180"/></Shape>
	    <String CONTENT="&amp; conſeil de certains perſonnages deputez"
                    HPOS="25.0"
                    VPOS="1135.0"
                    WIDTH="776.0"
                    HEIGHT="69.0"
                    WC="0.9931089383799855"></String>
          </TextLine>
          <TextLine ID="line_25"
                    TAGREFS="LT8"
                    BASELINE="31 1229 802 1216" 
                    HPOS="30.0"
                    VPOS="1181.0"
                    WIDTH="772.0"
                    HEIGHT="73.0">
            <Shape><Polygon POINTS="31 1229 32 1254 62 1242 84 1252 85 1252 86 1253 106 1253 120 1253 120 1252 121 1252 122 1252 137 1240 160 1240 208 1250 214 1251 215 1251 224 1250 294 1238 367 1246 384 1248 385 1248 386 1248 387 1248 390 1246 406 1236 436 1236 462 1236 474 1244 476 1246 478 1246 479 1246 480 1246 643 1244 644 1244 655 1240 674 1232 800 1236 802 1216 799 1190 766 1191 761 1190 729 1181 728 1181 727 1181 726 1181 725 1181 711 1191 709 1192 698 1191 618 1182 617 1182 616 1182 600 1191 588 1186 587 1186 586 1186 585 1186 584 1186 575 1193 574 1194 528 1195 522 1194 481 1184 480 1184 479 1184 458 1195 439 1185 438 1185 437 1185 436 1185 417 1196 414 1197 405 1196 372 1191 371 1191 370 1191 351 1197 346 1198 342 1197 322 1192 321 1192 320 1192 319 1192 318 1192 310 1198 308 1199 253 1199 251 1199 224 1189 223 1189 222 1189 175 1190 174 1190 149 1200 113 1191 112 1191 111 1191 110 1191 66 1202 64 1202 63 1202 47 1192 46 1192 45 1192 44 1192 43 1192 42 1192 30 1199 31 1229"/></Shape>
	    <String CONTENT="par les Eſtats: &amp; que le Duc de Bourbon"
                    HPOS="30.0"
                    VPOS="1181.0"
                    WIDTH="772.0"
                    HEIGHT="73.0"
                    WC="0.9912902009792817"></String>
          </TextLine>
          <TextLine ID="line_26"
                    TAGREFS="LT8"
                    BASELINE="31 1280 797 1268" 
                    HPOS="30.0"
                    VPOS="1234.0"
                    WIDTH="767.0"
                    HEIGHT="71.0">
            <Shape><Polygon POINTS="31 1280 31 1300 52 1296 70 1300 92 1305 93 1305 94 1305 113 1300 126 1296 133 1300 139 1302 140 1302 141 1302 158 1299 179 1296 186 1299 195 1303 196 1303 197 1303 198 1303 214 1299 230 1294 338 1291 350 1298 354 1301 355 1301 356 1301 357 1302 414 1302 414 1301 415 1301 416 1301 416 1300 420 1297 428 1289 440 1289 451 1297 454 1300 455 1300 456 1300 457 1300 474 1297 491 1294 542 1296 578 1298 580 1298 581 1298 582 1298 584 1296 591 1290 598 1296 601 1298 602 1298 603 1298 604 1298 660 1296 661 1295 662 1295 663 1295 663 1294 673 1285 706 1295 707 1295 708 1295 709 1295 728 1285 745 1295 746 1295 747 1295 748 1295 797 1294 797 1268 794 1242 712 1242 687 1234 686 1234 685 1234 684 1234 666 1241 645 1235 644 1235 643 1235 642 1235 641 1235 628 1243 575 1236 574 1236 514 1245 509 1245 507 1245 479 1237 478 1237 476 1237 441 1242 414 1238 413 1238 412 1238 393 1246 391 1248 330 1248 327 1247 317 1240 316 1240 315 1240 290 1240 289 1240 288 1240 271 1248 268 1249 261 1248 225 1241 224 1241 223 1241 208 1248 203 1251 151 1251 144 1249 125 1243 124 1243 123 1243 122 1243 98 1250 93 1251 90 1250 79 1244 78 1244 77 1244 30 1250 31 1280"/></Shape>
	    <String CONTENT="prendroit la charge de la tutelle &amp; de l’in¬"
                    HPOS="30.0"
                    VPOS="1234.0"
                    WIDTH="767.0"
                    HEIGHT="71.0"
                    WC="0.9669967903332277"></String>
          </TextLine>
          <TextLine ID="line_27"
                    TAGREFS="LT8"
                    BASELINE="27 1327 803 1318" 
                    HPOS="26.0"
                    VPOS="1283.0"
                    WIDTH="777.0"
                    HEIGHT="71.0">
            <Shape><Polygon POINTS="27 1327 27 1344 51 1353 52 1353 53 1354 105 1354 105 1353 106 1353 107 1353 107 1352 116 1344 138 1352 139 1352 140 1352 176 1345 193 1351 194 1351 195 1351 232 1344 243 1350 244 1350 245 1350 246 1350 278 1343 286 1342 354 1342 361 1343 389 1349 390 1349 432 1348 433 1348 449 1343 458 1340 486 1340 492 1343 504 1348 505 1348 506 1348 585 1342 606 1341 611 1342 627 1347 628 1347 629 1347 710 1346 711 1346 712 1346 719 1342 727 1337 802 1341 803 1318 800 1291 760 1291 758 1291 745 1283 744 1283 743 1283 719 1283 718 1283 717 1283 715 1283 707 1289 664 1284 663 1284 662 1284 636 1291 627 1295 610 1295 607 1291 600 1285 599 1285 598 1285 597 1285 560 1291 541 1295 526 1291 498 1286 497 1286 473 1291 465 1294 453 1291 423 1287 422 1287 395 1292 370 1297 360 1292 351 1288 350 1288 349 1288 332 1292 313 1297 286 1292 266 1289 265 1289 264 1289 255 1292 240 1298 224 1292 215 1289 214 1289 213 1289 212 1289 211 1289 206 1292 194 1300 70 1300 60 1292 59 1291 58 1291 57 1291 56 1291 26 1292 27 1327"/></Shape>
	    <String CONTENT="ſtitution de l’enfant. Et là meſme fut faite"
                    HPOS="26.0"
                    VPOS="1283.0"
                    WIDTH="777.0"
                    HEIGHT="71.0"
                    WC="0.995016504658593"></String>
          </TextLine>
          <TextLine ID="line_28"
                    TAGREFS="LT8"
                    BASELINE="27 1378 802 1367" 
                    HPOS="26.0"
                    VPOS="1333.0"
                    WIDTH="776.0"
                    HEIGHT="73.0">
            <Shape><Polygon POINTS="27 1378 27 1401 96 1406 97 1406 98 1406 114 1400 120 1397 128 1400 148 1404 149 1404 190 1399 206 1396 214 1397 236 1403 237 1403 239 1403 256 1397 263 1395 305 1396 429 1400 430 1400 431 1400 432 1400 441 1394 442 1393 451 1393 518 1400 519 1400 520 1400 536 1392 539 1391 542 1392 564 1399 565 1399 566 1399 730 1396 801 1387 802 1367 800 1339 730 1333 729 1333 728 1333 708 1340 702 1343 650 1343 637 1341 600 1335 599 1335 598 1335 584 1342 580 1345 558 1345 553 1343 532 1336 531 1336 530 1336 529 1336 528 1336 517 1343 513 1346 464 1346 462 1344 451 1337 450 1337 449 1337 448 1337 447 1337 419 1345 415 1346 411 1345 396 1341 395 1341 394 1341 329 1346 308 1348 297 1347 249 1340 248 1340 247 1340 246 1340 234 1348 232 1350 207 1350 206 1349 190 1341 189 1341 188 1341 187 1341 163 1349 162 1349 161 1349 108 1342 107 1342 26 1351 27 1378"/></Shape>
	    <String CONTENT="vne loy &amp;ordonnance Royale: aſcauoir, que"
                    HPOS="26.0"
                    VPOS="1333.0"
                    WIDTH="776.0"
                    HEIGHT="73.0"
                    WC="0.9978009694960059"></String>
          </TextLine>
          <TextLine ID="line_29"
                    TAGREFS="LT8"
                    BASELINE="27 1427 475 1425 801 1417" 
                    HPOS="26.0"
                    VPOS="1384.0"
                    WIDTH="775.0"
                    HEIGHT="69.0">
            <Shape><Polygon POINTS="27 1427 27 1446 64 1453 65 1453 66 1453 67 1453 76 1446 83 1446 114 1446 116 1446 134 1452 135 1452 137 1452 138 1452 149 1446 151 1445 206 1445 216 1446 246 1450 247 1450 276 1446 290 1444 310 1446 353 1450 354 1450 355 1450 368 1446 377 1443 385 1446 395 1449 396 1449 397 1450 427 1450 427 1449 428 1449 429 1449 433 1445 437 1443 489 1445 551 1448 552 1448 581 1445 609 1442 626 1445 638 1447 639 1447 640 1447 644 1445 655 1440 674 1445 680 1446 682 1446 683 1446 801 1444 801 1417 798 1384 624 1394 609 1389 608 1389 607 1389 562 1394 540 1390 526 1387 525 1387 524 1387 515 1390 505 1394 495 1391 483 1387 482 1387 481 1387 480 1387 465 1392 463 1392 459 1392 435 1388 434 1388 433 1388 432 1388 427 1393 425 1395 376 1399 322 1399 314 1395 291 1389 290 1389 289 1389 288 1389 257 1397 250 1400 187 1400 179 1400 115 1391 114 1391 113 1391 84 1401 35 1396 33 1396 32 1396 31 1396 26 1400 27 1427"/></Shape>
	    <String CONTENT="tout legitime heritier de la Couronne auſſi"
                    HPOS="26.0"
                    VPOS="1384.0"
                    WIDTH="775.0"
                    HEIGHT="69.0"
                    WC="0.9911883819934934"></String>
          </TextLine>
          <TextLine ID="eSc_line_9d4b8eec"
                    TAGREFS="LT8"
                    BASELINE="29 1475 797 1464" 
                    HPOS="29.0"
                    VPOS="1431.0"
                    WIDTH="766.0"
                    HEIGHT="73.0">
            <Shape><Polygon POINTS="30 1496 154 1504 207 1496 234 1504 254 1494 349 1500 358 1491 386 1502 414 1491 463 1500 632 1497 641 1488 794 1494 795 1463 792 1439 658 1431 653 1431 641 1440 602 1431 550 1442 431 1434 403 1443 369 1437 301 1445 282 1436 276 1436 265 1445 154 1437 29 1446 30 1474"/></Shape>
	    <String CONTENT="toſt qu’il auroit attaint le 14. an de son aage"
                    HPOS="29.0"
                    VPOS="1431.0"
                    WIDTH="766.0"
                    HEIGHT="73.0"></String>
          </TextLine>
          <TextLine ID="line_33"
                    TAGREFS="LT8"
                    BASELINE="32 1530 542 1526 796 1513" 
                    HPOS="29.0"
                    VPOS="1479.0"
                    WIDTH="766.0"
                    HEIGHT="91.0">
            <Shape><Polygon POINTS="30 1528 30 1558 270 1558 324 1570 390 1568 424 1553 437 1565 472 1556 520 1567 562 1562 574 1550 619 1559 649 1548 679 1564 758 1551 792 1561 795 1511 792 1490 744 1479 615 1491 557 1483 480 1493 440 1483 418 1494 338 1485 312 1496 29 1491 30 1528"/></Shape>
	    <String CONTENT="fuſt ſacré &amp; couronné Roy, &amp; que les Sei¬"
                    HPOS="29.0"
                    VPOS="1479.0"
                    WIDTH="766.0"
                    HEIGHT="91.0"></String>
          </TextLine>
        </TextBlock>
        <TextBlock HPOS="581.0"
                   VPOS="1539.0"
                   WIDTH="85.0"
                   HEIGHT="59.0"
                   ID="eSc_textblock_aeb6a245"
                   TAGREFS="BT17">
          <Shape><Polygon POINTS="666 1598 666 1539 581 1539 581 1598"/></Shape>
          <TextLine ID="eSc_line_df396c34"
                    TAGREFS="LT8"
                    BASELINE="589 1567 655 1567" 
                    HPOS="588.0"
                    VPOS="1539.0"
                    WIDTH="65.0"
                    HEIGHT="59.0">
            <Shape><Polygon POINTS="588 1539 588 1565 590 1593 616 1585 650 1598 653 1565 652 1539 608 1544 596 1539 588 1539"/></Shape>
	    <String CONTENT="l 5"
                    HPOS="588.0"
                    VPOS="1539.0"
                    WIDTH="65.0"
                    HEIGHT="59.0"></String>
          </TextLine>
        </TextBlock>
      </PrintSpace>
    </Page>
  </Layout>
</alto>
