1023 1853
205.0 56.0 75.0 44.0 170

368.0 44.0 502.0 63.0 DE LA GAVLE

199.0 111.0 769.0 61.0 gneurs & ſuiets luy fiſſent foy & hommage,

201.0 157.0 776.0 59.0 auec ſerment de fidelité. Ainſi le recitent

202.0 204.0 775.0 63.0 Froiſſ. vol.2.chap.60. Buchet au 4.liu. fueil.

203.0 256.0 774.0 65.0 124. La chronique de Bretaigne ch. Le qua¬

200.0 306.0 776.0 63.0 trieme cas eſcheut l’an 1392. Car le meſme

201.0 351.0 773.0 63.0 Roy Charles ſixieme, ayant ſoudainement

203.0 402.0 772.0 66.0 perdu l’entendement, fut mené premiere¬

200.0 456.0 775.0 61.0 ment à Sens & dela à Paris: où fut tenu le

202.0 499.0 772.0 70.0 Colloque des Eſtats: & ordonné que le gou

202.0 555.0 772.0 58.0 uernemẽt du Roy ſeroit entre les mains des

202.0 604.0 772.0 63.0 Ducs de Berry, & de Bourgongne: teſmoin

201.0 648.0 773.0 69.0 Froiſſard au 4.vol.cha.44. Et ſur ce ne faut

199.0 701.0 775.0 64.0 oublier ce que Papon au 5. liure des Areſts.

199.0 753.0 775.0 63.0 tit.1o. art.4. dit auoir eſté allegué en la Cour

198.0 801.0 776.0 64.0 de Parlement, lors que le Roy François

201.0 852.0 770.0 62.0 premier de nom, voulut aliener vne partie

198.0 899.0 773.0 64.0 de ſon domaine: aſcauoir que pareilles alie

198.0 952.0 772.0 63.0 nations faites par les Roys precedens, a¬

200.0 996.0 772.0 67.0 uoyent eſté annullees, à raiſon de ce que les

199.0 1049.0 774.0 64.0 Eſtats ny auoyent point conſenty. Le ſixie¬

196.0 1097.0 777.0 64.0 me exemple aduint l’an 1426. à l’occaſion de

197.0 1148.0 772.0 64.0 Philippes Due de Bourgongne, & Hanfroy

196.0 1199.0 773.0 64.0 Duc de Cloceſtre, qui auoyent long temps

194.0 1247.0 778.0 65.0 hourry inimitié mortelle l’vn contre l’autre

195.0 1299.0 776.0 62.0 au grand dommage de la Republique, mais

197.0 1348.0 775.0 60.0 à la fin ils s’accorderent entre eux de demeſ

195.0 1395.0 777.0 65.0 ler leur querele par vn combat d’homme à

196.0 1445.0 775.0 66.0 homme en champ clos. Mais le Colloque

200.0 1497.0 770.0 82.0 dés Eſtats ſe mit entre deux: & ordonna que

893.0 1554.0 77.0 61.0 l’vn
