1023 1853
24 105 767 68 I’vn & l’autre poſeroit les armes, & feroyent

25 148 769 79 arbitrer & decider leur different par l’auto¬

25 197 769 75 rité des Eſtats, pluſtoſt que le vuider par

30 248 766 76 voye de faict. Ceſte hiſtoire eſt amplement

28 297 766 76 expoſee par Paradin en la Chron. de Bour¬

29 347 770 77 gongne, au 3.liure ſous l’an 1426. Le ſeptie¬

30 398 768 73 me exemple fut pratiqué l’an 1484. lors que

32 446 770 75 Loys onzieme venant à deceder, laiſſa ſon

32 494 768 75 fils Charles aagé de 13. ans. Car les Eſtats

32 544 768 74 ſurent aſſemblez à Tours, & ordonné que

35 596 766 74 la charge de la nourriture du ieune Roy ſe¬

35 645 765 73 roit donnee a ſa ſœur Anne: & l’adminiſtra¬

38 696 764 67 tion du Royaume commiſe à certains per¬

37 743 768 76 ſonnages eleus & deputez par le conſeil:

38 794 767 70 combienque Loys Duc d’Orleans proche

39 844 768 73 parent du Roy la demãdaſt. Et de cecy fout

39 889 767 78 foy les actes de ce Colloque des Eſtats, qui

40 944 767 71 ſont imprimez à Paris, & Iean Buchet au 4.

42 1000 322 59 liure, fueillet 167.

154 55 449 53 FRANCOISE.

729 48 58 52 171

101 1096 708 63 ¶ De l’autorité memorable de l’aſſem¬

118 1133 680 80 blee des Eſtats pratiquee contre le Roy

118 1201 289 57 Loys onzieme.

219 1252 429 85 CHAP. XVIII.

254 1360 565 59 Ous ces teſmoignages que nous

253 1400 569 66 auons alleguez, nous peuuent

253 1448 566 60 ſuffiſamment inſtruire, non ſeu¬

253 1494 567 90 lement que l’vſage des Eſtats

63 1488 167 111 T
