1023 1853
213.0 52.0 77.0 51.0 172

342.0 40.0 511.0 70.0 DE LA GAVLE

203.0 105.0 769.0 66.0 s’eſt auſsi ſouuent pratiquè par nos ance¬

202.0 155.0 776.0 62.0 ſtres, comme la neceſsité la requis, mais auſ

201.0 204.0 775.0 63.0 ſi que ceſte congregation-la à touſiours eſté

201.0 254.0 774.0 59.0 ſi venerable & a eu telle puiſſance & autori¬

200.0 301.0 774.0 66.0 té, qu’il a fallu que les Roys meſmes, qui dõ¬

199.0 355.0 774.0 57.0 nent loy aux autres, ſe laiſſaſſent gouuerner

200.0 401.0 773.0 64.0 par ſon aduis. Et puis que nous ſommes ſur

197.0 451.0 775.0 62.0 ceſte matiere, il eſt raiſonnable de ne point

199.0 502.0 772.0 62.0 paſſer icy ſous ſilence vn exemple de ceſte

196.0 552.0 775.0 63.0 autorité la, qui fut pratiqué de la memoire

196.0 603.0 774.0 59.0 de nos Peres à l’endroit du Roy Loys onzie¬

195.0 653.0 775.0 59.0 me, lequel on tient communémẽt auoir eſté

197.0 702.0 772.0 61.0 plus ſin & plus ruſé que tous ſes predeceſ¬

194.0 751.0 775.0 61.0 ſeurs. Car le Roy Loys gouuerna tellement

193.0 801.0 774.0 60.0 le Royaume, qu’en pluſieurs choſes il ſe de¬

194.0 851.0 774.0 57.0 uoya hors des termes de bõ Prince, & aimãt

192.0 899.0 776.0 62.0 ſes ſuiets, reculant & meſpriſant les Princes

193.0 950.0 774.0 60.0 du ſang & Seigneurs du Royaume, & eleuãt

192.0 997.0 773.0 64.0 des perſonnes de baſſe & vile qualité à grãs

191.0 1051.0 775.0 56.0 Eſtats, ſans en prendre ailleurs cõſeil qu’en

190.0 1096.0 776.0 63.0 ſa fantaſie. Cela enſeigna à la nobleſſe de

192.0 1149.0 773.0 60.0 Frãce & au peuple, de cercher & deſirer l’au

192.0 1202.0 772.0 54.0 torité des Eſtats, afin de prouuoir au bien

190.0 1247.0 774.0 61.0 public. Et pourautant qu’il eſtoit aiſé à voir

190.0 1299.0 773.0 56.0 qu’il ne s’y voudroit point ſoumettre, les

187.0 1351.0 776.0 58.0 Princes eſmeus par les continuelles plain¬

187.0 1400.0 773.0 62.0 tes & ſollicitations du peuple, deliberes

184.0 1448.0 777.0 64.0 rent de ſe mettre aux champs: afin de pro¬

186.0 1496.0 772.0 94.0 curer le bien public, & remonſtrer au Roy,

865.0 1555.0 93.0 54.0 com
