1023 1853
197.0 46.0 453.0 54.0 FRANCOISE.

733.0 37.0 60.0 66.0 173

19.0 124.0 780.0 44.0 comme l’adminiſtration de la choſe puoli¬

21.0 148.0 778.0 72.0 que eſtoit corrompue & gaſtee (ainſi com¬

18.0 201.0 782.0 64.0 me recite Philippe de Comines au liu.1.

22.0 248.0 780.0 71.0 chap.2) Car ils y vouloyent aller armez &

20.0 298.0 778.0 71.0 en equippage de guerre, aſin que ſi le Roy

19.0 348.0 784.0 68.0 refuſoit de prouuoir au bien public, & de

19.0 398.0 778.0 69.0 preſter l’oreille à bons & ſages conſeils, ils

19.0 447.0 783.0 68.0 le peuſſent mener par force à la raiſon: Ce

21.0 497.0 782.0 72.0 qui fut cauſe que ceſte guerre qui auoit eſté

20.0 550.0 782.0 65.0 entrepriſe pour le bien public du Royaume

19.0 600.0 785.0 65.0 en fut communement nommee la guerre du

20.0 646.0 782.0 69.0 Bten public. Les noms des Princes qui ſe de¬

19.0 700.0 782.0 63.0 clarerent, & qui en prindrent la conduite,

20.0 748.0 782.0 65.0 ainſi comme de Comines, Gilles & Lamar¬

20.0 798.0 783.0 63.0 che l’ont laiſſé par eſcrit, eſtoyent: le Duc

21.0 847.0 780.0 65.0 de Bourbon, le Duc de Berry frere du Roy,

20.0 896.0 785.0 63.0 les Comtes de Dunois, de Neuers, d’Ar¬

21.0 945.0 782.0 64.0 mignac, & d’Albret, & le Duc de Charro¬

22.0 997.0 780.0 65.0 lois qui en eſtoit le Chef, & qui comman¬

22.0 1047.0 782.0 62.0 doit ſouuerainement à toute l’armee. Si fai¬

23.0 1094.0 779.0 72.0 ſoyent publier & ſignifier hautement par

22.0 1150.0 782.0 64.0 tout où ils paſſoyent, qu’ils entreprenoyent

22.0 1198.0 781.0 65.0 celle guerre pour le bien public, promettãs

22.0 1244.0 782.0 65.0 au peuple affranchiſſement & immunité de

23.0 1297.0 780.0 64.0 tailles & impoſts (ce ſont les propres mots

24.0 1348.0 781.0 62.0 de Gilles au 4. liu. fueil. 152) & enuoyerent

25.0 1394.0 778.0 61.0 Ambaſſadeurs & lettres à Paris, à la Cour

24.0 1444.0 777.0 66.0 de Parlement, aux Eccleſiaſtiques, & au Re¬

26.0 1495.0 774.0 71.0 cteur de l’vniuerſité, les priant de ne penſer
