1023 1853
216.0 61.0 81.0 45.0 174

363.0 46.0 492.0 53.0 DE LA GAVLE

215.0 129.0 774.0 35.0 point que ceſte armee ſe fuſt aſſẽblee pour

216.0 155.0 773.0 59.0 faire tort où violence à la perſonne du Roy:

212.0 206.0 777.0 57.0 mais afin de le ramener à la raiſon & à exer¬

213.0 255.0 778.0 58.0 cer l’office de bon Roy, ainſi comme la con

212.0 303.0 775.0 60.0 ſideration du bien public le demandoit. Voi

212.0 357.0 774.0 59.0 cy auſſi preſque les propres mots qui font

210.0 405.0 774.0 58.0 mention de cecy aux Anuales, qui ſont inti¬

210.0 456.0 776.0 57.0 tulez les Chroniques de Loys XI. & ſont

209.0 503.0 774.0 61.0 imprimez à Paris par Galliot, au fueil. 27.Le

212.0 553.0 770.0 59.0 premier & le principal article de leurs de¬

208.0 602.0 774.0 63.0 mandes eſtoit, Qu’on tinſt l’aſſemblee des

209.0 655.0 773.0 59.0 trois Eſtats: pource que de tout temps ç’a¬

210.0 703.0 771.0 60.0 uoit eſté le ſeul & propre expedient pour ob

209.0 755.0 772.0 55.0 uier à tous maux, & qui auoit eu touſiours

207.0 799.0 773.0 61.0 vertu & efficace de remedier à ſemblables

205.0 850.0 775.0 58.0 confuſions & troubles. Et derechef au 28.

205.0 900.0 775.0 60.0 fueil. il eſt recité, que audience publique fut

203.0 951.0 774.0 54.0 donnee aux Ambaſſadeurs des Princes à Pa

202.0 999.0 774.0 53.0 ris, en la maiſon de ville: là où ſe trouuerent

201.0 1049.0 776.0 61.0 les deputez de l’Vniuerſité, de la Cour de

202.0 1100.0 769.0 59.0 Parlement, & des Magiſtrats & renuoya-on

202.0 1150.0 775.0 58.0 les Ambaſſadeurs auec ceſte reſponſe, Que

200.0 1197.0 775.0 52.0 leur requeſte ſembloit eſtre raiſonnable: &

200.0 1245.0 776.0 61.0 ſur ce fut ſignifié le Colloque des Eſtats.

205.0 1295.0 770.0 59.0 Voila ce qu’en dit en ſubſtance ceſt Hiſto¬

199.0 1347.0 776.0 61.0 rien au 28. fueil. Par où il appert bien que

199.0 1401.0 776.0 57.0 ceſte anciene ſentence prononcee parM.An

199.0 1448.0 773.0 59.0 toine eſt bien veritable, Aſcauoir, que com¬

200.0 1496.0 772.0 71.0 bien que toutes ſeditions ſoyent touſiours

850.0 1549.0 121.0 64.0 dange
