1023 1853
233.0 88.0 767.0 61.0 de ſi peu de ſuffiſance comme moy, choſe

233.0 132.0 768.0 68.0 qui merite qu’on en face grand cas: mais au

227.0 186.0 770.0 63.0 moins eſpere-ie, que toutes gens de bon iu¬

233.0 235.0 767.0 63.0 gement, aymans le repos & ſoulagement de

230.0 285.0 767.0 60.0 leur pays & du mien, me ſcauront bon gré

231.0 331.0 767.0 66.0 du labeur que ie pren à cercher quelques re

230.0 381.0 767.0 64.0 medes à l’encõtre des calamitez publiques:

228.0 434.0 767.0 61.0 ainſi comme on ne peut honeſtement refu¬

229.0 481.0 766.0 64.0 ſer le ſecours & le deuoir de celuy qui porte

228.0 531.0 768.0 61.0 quelque ſeau d’eau pour eſteindre vn feu

228.0 577.0 768.0 67.0 embraſé, encore qu’il ſoit de baſſe & vile

227.0 633.0 767.0 57.0 condition. Il y a donques quelques mois,

228.0 682.0 771.0 63.0 qu’ayant l’entendemẽt tout fiſché ſur la con

226.0 735.0 770.0 56.0 ſideration de ces extremes calamitez & mi¬

226.0 781.0 770.0 59.0 ſeres communes, ie me pris à fueilleter tous

224.0 829.0 769.0 61.0 les hiſtoriens François & Alemans, qui ont

225.0 877.0 770.0 61.0 eſcrit de l’eſtat de noſtre France: & tiray de

224.0 928.0 771.0 62.0 leurs eſcrits ce petit recueil abbregé, conte¬

223.0 977.0 772.0 60.0 nant ſommairement l’eſtat & la police, la¬

226.0 1027.0 770.0 67.0 quelle ils teſmoignent auoir eu pied ferme

224.0 1076.0 770.0 66.0 en noſtre choſe publique, l’eſpace de plus

222.0 1130.0 773.0 62.0 de mille ans: en quoy autant ou plus qu’en

222.0 1179.0 772.0 60.0 autre choſe ſe monſtre notoirement, que

221.0 1230.0 773.0 57.0 nos anceſtres furent gens merueilleuſemẽt

221.0 1276.0 771.0 62.0 ſages & aduiſez à bien dreſſer le gouuerne¬

221.0 1326.0 772.0 62.0 mẽt politic d’icelle: de ſorte que ie tien pour

222.0 1375.0 771.0 64.0 choſe toute aſſeuree, que c’eſt là le ſeul &

224.0 1428.0 767.0 58.0 vray remede à tous nos maux, que de refor¬

223.0 1477.0 767.0 67.0 mer noſtre maniere de viure au moule des

926.0 1537.0 64.0 51.0 ver
