1023 1853
181.0 42.0 451.0 63.0 FRANCOISE.

723.0 60.0 66.0 48.0 175

24.0 121.0 772.0 46.0 dangereuſes, que neantmoins il y en a quel¬

23.0 159.0 775.0 58.0 quefois qui ſont iuſtes & preſque neceſſai¬

22.0 207.0 775.0 59.0 res:mais qu’il n’y en a point de ſi iuſtes, ny

24.0 258.0 777.0 59.0 de ſi neceſſaires, que quand le peuple foulé

23.0 307.0 776.0 59.0 & opprimé par la cruauté d’vn tyran, va de¬

22.0 360.0 779.0 52.0 mander ſecours à toute la congregation des

27.0 406.0 771.0 59.0 Citoyens legitimemẽt aſſemblee. Parquoy

23.0 456.0 776.0 58.0 fait bien à noter ce que dit Gaguin en la vie

25.0 504.0 776.0 58.0 du Roy Loys, où il recite la reſponſe que fit

29.0 554.0 771.0 57.0 Charles frere de Loys aux Ambaſſadeurs

26.0 606.0 771.0 55.0 qu’il auoit enuoyez vers luy: Charles, dit-il,

25.0 653.0 778.0 61.0 eſcouta les Ambaſſadeurs: mais il reſpondit

27.0 705.0 774.0 57.0 qu’il n’y auoit moyen plus propre pour faire

26.0 755.0 774.0 58.0 la paix, que de conuoquer l’aſſemblee gene¬

25.0 805.0 777.0 57.0 rale des Eſtats, qui eſtoit la droite voye qu’il

24.0 854.0 775.0 57.0 falloit tenir pour pacifier les troubles & re¬

25.0 902.0 775.0 60.0 unir les eſprits diuiſez les vns contre les au¬

25.0 954.0 776.0 57.0 tres. Dequoy les Ambaſſadeurs ayans aduer

25.0 1003.0 776.0 59.0 ty Loys par meſſagers expres, luy eſtimant

28.0 1052.0 775.0 58.0 que c’eſtoit le meilleut pour luy, d’vſer de

26.0 1101.0 775.0 61.0 delais & de remiſes, ſignifia le Concile ge¬

25.0 1150.0 777.0 60.0 neral à Tours au premier iour d’Auril, l’an

28.0 1200.0 774.0 63.0 1467. Et quand le temps de l’aſſignation fut

28.0 1250.0 772.0 60.0 venu, les Princes de tout le Royaume s’y

25.0 1301.0 775.0 60.0 trouuerent en perſonne, &c. Tout le meſme

26.0 1347.0 774.0 66.0 eſt recité ainſi en propres termes és Annales

28.0 1402.0 772.0 61.0 que nous auons alleguees au fueil. 64. & en

24.0 1447.0 776.0 64.0 la grande Chronique vol. 4. fueil.242. où il

27.0 1496.0 771.0 73.0 eſt meſmes adiouſté vne choſe qui eſt bien
