1023 1853
222.0 63.0 60.0 43.0 176

388.0 50.0 477.0 57.0 DE LA GAVLE

217.0 120.0 776.0 52.0 digne de memoire, aſcauor; qu’il fut ordon

216.0 154.0 779.0 65.0 né en ce Concile des Eſtats, qu’on choiſiroit

216.0 212.0 779.0 56.0 certains perſonnages de chacun eſtat, ver¬

217.0 259.0 777.0 60.0 tueux, graues, & de bon entendement, auſ¬

219.0 311.0 773.0 57.0 quels on donneroit la charge d’eſtablir le

218.0 361.0 775.0 61.0 gouuernement de la choſe publique qui s’en

216.0 410.0 776.0 58.0 alloit perdue, & qui prouueuſſent au fait du

216.0 460.0 773.0 55.0 droict & de la iuſtice. N. Gilles en dit enco¬

215.0 508.0 776.0 63.0 re dauantage en ce paſſage que nous auons

216.0 560.0 769.0 56.0 cotté. Apres la bataille de Mõtlhery, dit il,

215.0 608.0 774.0 62.0 furent choiſis & deputez pluſieurs perſonna

218.0 660.0 769.0 59.0 ges de bonne reputation, à raiſon de leur

217.0 711.0 772.0 56.0 vertu & prudence, pour auoir la charge &

217.0 756.0 773.0 61.0 procuration du bien public, ainſi comme il

214.0 808.0 775.0 53.0 auoit eſté accordé entre le Roy & les Prin¬

214.0 858.0 776.0 57.0 ces: & le premier de ce nombre-la fut le

216.0 910.0 774.0 56.0 Comte de Dunois, qui auoit eſté le princi¬

212.0 958.0 777.0 60.0 pal auteur de ceſte ligue. Or eſtoit-ce vne

210.0 1008.0 776.0 58.0 anciene couſtume, depuis que l’autorité &

211.0 1060.0 778.0 56.0 puiſſance des Eccleſiaſtiques fut accreuë en

208.0 1106.0 776.0 60.0 telle grandeur que l’on la voit auiourd’huy,

209.0 1160.0 776.0 58.0 que tout le peuple eſtoit departy en trois E¬

207.0 1207.0 780.0 58.0 ſtats, dont les Eccleſiaſtiques en faiſoyent

208.0 1254.0 778.0 57.0 I’vn: & quand on eſtabliſſoit des Procureurs

206.0 1304.0 778.0 52.0 gadminiſtrateurs extraordinaires de la cho

208.0 1354.0 777.0 60.0 ſe publique, d’en elire douze de chacũ eſtat.

205.0 1407.0 781.0 58.0 Partant en ce Concile-la, il fut cõclu qu’on

201.0 1454.0 780.0 62.0 eliroit 36. Procureurs de la choſe publique,

207.0 1505.0 777.0 69.0 leſquels par vn cõmun conſeil donneroyent

867.0 1563.0 116.0 54.0 ordre
