1023 1853
157.0 43.0 448.0 55.0 FRANCOISE.

706.0 52.0 74.0 51.0 177

18.0 100.0 763.0 68.0 ordre & remede aux calamitez publiques.

18.0 146.0 764.0 68.0 Dequoy Monſtrellet au vol.4. fueil. 150. eſ¬

18.0 196.0 761.0 65.0 crit auſſi en ceſte ſorte: Premieremẽt, dit-il,

16.0 248.0 767.0 64.0 il fut ordonné que pour raccouſtrer &regler

18.0 295.0 767.0 64.0 I'eſtat de la choſe publ. &ſoulager le peuple

18.0 344.0 769.0 65.0 de tributs & de dommages ſeroyent choiſis

20.0 395.0 769.0 66.0 36 hõmes par l’autorité du Roy, douze du

17.0 443.0 771.0 66.0 clergé, douze de la nobleſſe & autãt de la iu

18.0 494.0 771.0 63.0 ſtice: & que commiſsion & puiſſance leur ſe¬

18.0 543.0 770.0 61.0 roit donnee de regarder de quelles maladies

19.0 593.0 771.0 64.0 & quels vices le Royaume eſtoit aſſiegé &

21.0 642.0 766.0 69.0 gaſté, & d’y appliquer le remede: & le Roy

21.0 694.0 768.0 65.0 promit en parole de Roy qu’il tiẽdroit pour

21.0 741.0 770.0 66.0 bon & feroit obſeruer, tout ce que ces 38.hõ

20.0 791.0 771.0 63.0 mes auroyẽt arreſté entre eux. Voila ce qu’ẽ

19.0 841.0 773.0 62.0 recite Monſtrellet, auquel Oliuier de la Mar

21.0 890.0 770.0 63.0 che au 35. ch. de ſon hiſtoire s’accorde & ra¬

22.0 939.0 768.0 62.0 cõte les meſmes choſes de poinct en poinct,

21.0 988.0 771.0 65.0 ſpecifiant le meſme nombre des 36 deputez:

22.0 1038.0 768.0 65.0 & fi adiouſte encore dauantage, que le Roy

21.0 1091.0 774.0 63.0 ne tint pas ſa promeſſe, ains rompit & viola

23.0 1140.0 773.0 61.0 la foy qu’il auoit ſolennellement iuree, dont

21.0 1189.0 774.0 59.0 il ſourdit & s’alluma vne groſſe & calamiteu

23.0 1237.0 770.0 65.0 ſe guerre en France, laquelle dura pres de 13.

25.0 1289.0 771.0 59.0 ans. Parainſi toute l’infamie de ce periure re

25.0 1338.0 769.0 61.0 tourna ſur le Roy, & le dommage ſur le po¬

25.0 1386.0 771.0 64.0 ure peuple qui n’en pouuoit mais. Mais cõ¬

25.0 1436.0 773.0 62.0 ment que ce ſoit, il eſt bien tout euidẽt, qu’il

27.0 1484.0 769.0 74.0 ny a pas encore cẽt ans accomplis, que la li¬

604.0 1547.0 55.0 45.0 m
