1023 1853
209.0 38.0 84.0 49.0 178

362.0 30.0 501.0 67.0 DE LA GAVLE

205.0 107.0 777.0 49.0 berté de Frãce & l’autorité des Eſtats eſtoit

205.0 145.0 776.0 62.0 encore en ſa vigueur: & ſe pratiquoit à l’en¬

205.0 195.0 775.0 63.0 contre d’vn Roy qui n’auoit faute ny d’aage

203.0 242.0 777.0 66.0 ny d’eſprit pour ſe gouuerner: ains qui eſtoit

203.0 292.0 776.0 64.0 deſia plus aagé de quarãte ans, & ſi auoit l’e¬

203.0 342.0 777.0 65.0 ſprit plus grand & plus vif que Roy qui ait

203.0 395.0 776.0 60.0 iamais regné en Frãce. Pour concluſiõ, nous

205.0 441.0 772.0 67.0 voyõs que l’Eſtat de noſtre choſe publique

202.0 491.0 773.0 62.0 s’eſt maintenu en ſa liberté, ſur laquelle il e¬

203.0 538.0 767.0 70.0 ſtoit fondé, l’eſpace de plus d’onze cens ans,

205.0 591.0 770.0 58.0 & meſmes la quelquefois defendue par ar¬

203.0 641.0 772.0 61.0 mes à l’encõtre de la puiſſance des tyrãs. Par

202.0 692.0 775.0 59.0 tãt icy veux-ie vn peu arreſter le ſil de mon

206.0 743.0 767.0 60.0 propos, pour conſiderer ce que dit Philippe

202.0 786.0 769.0 67.0 de Comines hiſtoriẽ ſingulier, ſur cecy au 18.

201.0 837.0 770.0 67.0 cha du5.liu, de ſon hiſtoire: Parquoy, dit-il,

205.0 893.0 768.0 62.0 pour ſuyure au propos que nous auions cõ¬

202.0 939.0 771.0 60.0 mẽcé, qui eſt le Roy ou le Prince en ce mõ¬

201.0 987.0 773.0 66.0 de, qui ait droit d’impoſer tribut d’vne mail

200.0 1038.0 771.0 62.0 le ſur ſes ſuiets ſans leur cõſentement &vo¬

200.0 1085.0 773.0 66.0 lõté? ſinon qu’il vueille vſer de violẽce & de

200.0 1140.0 774.0 56.0 tyrannie. Voire mais (ce dira quelcun) il peut

200.0 1187.0 773.0 61.0 eſcheoir tel tẽps qu’il ne faut pas attendre le

202.0 1236.0 769.0 65.0 Cõcile des Eſtats: & l’affaire ne permet pas

199.0 1287.0 771.0 61.0 vn ſi long delay. Mais quand on entreprẽd v¬

199.0 1335.0 769.0 65.0 ne guerre, il n’eſt pas beſoin de ſe haſter tãt:

199.0 1385.0 771.0 64.0 ily a aſſez de tẽps pour vaquer à cela. Et ſi ie

199.0 1435.0 770.0 64.0 dy encore dauantage que les Roys & Princes

201.0 1486.0 768.0 75.0 qui entreprenẽt vne guerre du cõſentement

910.0 1537.0 58.0 55.0 de
