1023 1853
197.0 45.0 440.0 58.0 FRANCOISE.

732.0 60.0 68.0 53.0 179

37.0 122.0 768.0 40.0 de leurs ſuiets & de leur peuple, en ſõt beau

37.0 155.0 767.0 59.0 coup plus puiſſans & plus redoutables à

35.0 203.0 770.0 62.0 leurs ennemis. Et vn peu plus auant: Il ny a

35.0 253.0 765.0 59.0 Prince qui doyue moins vſer de ces paroles.

36.0 302.0 769.0 59.0 I’ay puiſſance d’exiger de mes ſuiets, autant

35.0 354.0 770.0 58.0 comme il me plaiſt. Car ny luy, ny autre

38.0 399.0 767.0 62.0 qui qu’il ſoit n’a ceſte puiſſance-la. Et meſ¬

35.0 451.0 771.0 61.0 me ceux qui tienẽt ces propos-la ne luy font

38.0 498.0 769.0 64.0 point d’hõneur: & ſi n’accroiſſent point ſon

36.0 550.0 771.0 59.0 autorité & ſa reputation vers les nations e¬

35.0 598.0 773.0 59.0 ſtrangeres. Mais au contraire, ils la rendent

39.0 648.0 769.0 62.0 pluſtoſt eſpouuãtable aux voiſins, qui ne vou

37.0 700.0 772.0 59.0 droyent pour choſe du monde eſtre en ſa ſu

35.0 745.0 772.0 64.0 ietion. Mais ſi noſtre Roy, &ceux qui exaltẽt

35.0 796.0 771.0 61.0 & louent hautement ſa puiſſance, parloyẽt

35.0 844.0 768.0 64.0 ainſi: I’ay des ſuiets ſi humbles & ſi obeiſſãs,

38.0 896.0 768.0 61.0 que ie ne leur commande rien qu’ils ne le fa

36.0 947.0 771.0 60.0 cent, & ny a Prince qui ait des ſuiets ſi aiſez à

36.0 997.0 769.0 62.0 gouuerner que les miẽs, ne qui oubliẽt pluſ¬

36.0 1046.0 768.0 62.0 toſt leurs incommoditez: adõc ce propos-la

35.0 1095.0 770.0 62.0 luy tourneroit à grand honneur & à grande

36.0 1141.0 768.0 67.0 louange, Mais ceſtuy-cy ne ſied point à vn

36.0 1194.0 768.0 59.0 Roy: Ie leue tant de tailles comme ie veux

37.0 1243.0 768.0 61.0 & i’ay la puiſſãce de ce faire, laquelle ie veux

36.0 1294.0 765.0 60.0 maintenir. Le Roy Charles quint ne parloit

37.0 1341.0 769.0 63.0 pas ainſi. Auſſi n’ay ie, à dire la verité, ouy te

35.0 1391.0 763.0 63.0 nir ce langage à pas vn de nos Roys: mais à

36.0 1442.0 760.0 59.0 quelques vns de leurs ſeruiteurs & miniſtres

39.0 1491.0 756.0 69.0 qui veulent faire des bons valets, & penſent

563.0 1553.0 103.0 46.0 m 2
