<?xml version="1.0" encoding="UTF-8"?>
<alto xmlns:xsi="http://www.w3.org/2001/XMLSchema-instance"
      xmlns="http://www.loc.gov/standards/alto/ns-v4#"
      xsi:schemaLocation="http://www.loc.gov/standards/alto/ns-v4# http://www.loc.gov/standards/alto/v4/alto-4-2.xsd">
  <Description>
    <MeasurementUnit>pixel</MeasurementUnit>
    <sourceImageInformation>
      <fileName>205_90b34_default.jpg</fileName>
      <fileIdentifier>mets//0_4c28e_default.zip/205_90b34_default.jpg</fileIdentifier>
    </sourceImageInformation>
  </Description>
  <Tags>
    <OtherTag ID="BT7" LABEL="CustomZone" DESCRIPTION="block type CustomZone"/><OtherTag ID="BT8" LABEL="DamageZone" DESCRIPTION="block type DamageZone"/><OtherTag ID="BT9" LABEL="DigitizationArtefactZone" DESCRIPTION="block type DigitizationArtefactZone"/><OtherTag ID="BT10" LABEL="DropCapitalZone" DESCRIPTION="block type DropCapitalZone"/><OtherTag ID="BT11" LABEL="GraphicZone" DESCRIPTION="block type GraphicZone"/><OtherTag ID="BT12" LABEL="MainZone" DESCRIPTION="block type MainZone"/><OtherTag ID="BT13" LABEL="MarginTextZone" DESCRIPTION="block type MarginTextZone"/><OtherTag ID="BT14" LABEL="MusicZone" DESCRIPTION="block type MusicZone"/><OtherTag ID="BT15" LABEL="NumberingZone" DESCRIPTION="block type NumberingZone"/><OtherTag ID="BT17" LABEL="QuireMarksZone" DESCRIPTION="block type QuireMarksZone"/><OtherTag ID="BT18" LABEL="RunningTitleZone" DESCRIPTION="block type RunningTitleZone"/><OtherTag ID="BT19" LABEL="SealZone" DESCRIPTION="block type SealZone"/><OtherTag ID="BT20" LABEL="StampZone" DESCRIPTION="block type StampZone"/><OtherTag ID="BT21" LABEL="TableZone" DESCRIPTION="block type TableZone"/><OtherTag ID="BT22" LABEL="TitlePageZone" DESCRIPTION="block type TitlePageZone"/><OtherTag ID="BT100001" LABEL="MainZone-Head" DESCRIPTION="block type MainZone-Head"/><OtherTag ID="BT100005" LABEL="MainZone-P" DESCRIPTION="block type MainZone-P"/><OtherTag ID="BT100006" LABEL="MainZone-Continued" DESCRIPTION="block type MainZone-Continued"/><OtherTag ID="BT100002" LABEL="MainZone-Lg" DESCRIPTION="block type MainZone-Lg"/><OtherTag ID="BT100007" LABEL="MarginTextZone-ManuscriptAddendum" DESCRIPTION="block type MarginTextZone-ManuscriptAddendum"/><OtherTag ID="BT100003" LABEL="MainZone-Signature" DESCRIPTION="block type MainZone-Signature"/><OtherTag ID="BT100012" LABEL="TitlePageZone-Index" DESCRIPTION="block type TitlePageZone-Index"/>
    <OtherTag ID="LT7" LABEL="CustomLine" DESCRIPTION="line type CustomLine"/><OtherTag ID="LT8" LABEL="DefaultLine" DESCRIPTION="line type DefaultLine"/><OtherTag ID="LT9" LABEL="DropCapitalLine" DESCRIPTION="line type DropCapitalLine"/><OtherTag ID="LT10" LABEL="HeadingLine" DESCRIPTION="line type HeadingLine"/><OtherTag ID="LT11" LABEL="InterlinearLine" DESCRIPTION="line type InterlinearLine"/><OtherTag ID="LT12" LABEL="MusicLine" DESCRIPTION="line type MusicLine"/><OtherTag ID="LT766" LABEL="default" DESCRIPTION="line type default"/>
  </Tags>
  <Layout>
    <Page WIDTH="1023"
          HEIGHT="1853"
          PHYSICAL_IMG_NR="205"
          ID="eSc_dummypage_">
      <PrintSpace HPOS="0"
                  VPOS="0"
                  WIDTH="1023"
                  HEIGHT="1853">
        <TextBlock HPOS="212"
                   VPOS="60"
                   WIDTH="68"
                   HEIGHT="44"
                   ID="block_4"
                   TAGREFS="BT15">
          <Shape><Polygon POINTS="280 60 280 104 212 104 212 61"/></Shape>
          <TextLine ID="line_0"
                    TAGREFS="LT8"
                    BASELINE="209 93 290 91" 
                    HPOS="208"
                    VPOS="62"
                    WIDTH="82"
                    HEIGHT="50">
            <Shape><Polygon POINTS="259 62 249 62 239 62 229 62 227 62 218 84 215 66 208 68 209 93 209 106 247 112 248 112 249 112 290 100 290 91 289 70 264 62 259 62"/></Shape>
	    <String CONTENT="180"
                    HPOS="208"
                    VPOS="62"
                    WIDTH="82"
                    HEIGHT="50"
                    WC="0.9999957084655762"></String>
          </TextLine>
        </TextBlock>
        <TextBlock HPOS="195.0"
                   VPOS="117.0"
                   WIDTH="787.0"
                   HEIGHT="1393.0"
                   ID="block_1"
                   TAGREFS="BT100006">
          <Shape><Polygon POINTS="982 128 981 1505 195 1510 197 117 529 122"/></Shape>
          <TextLine ID="line_2"
                    TAGREFS="LT8"
                    BASELINE="203 151 598 149 973 155" 
                    HPOS="202"
                    VPOS="132"
                    WIDTH="771"
                    HEIGHT="39">
            <Shape><Polygon POINTS="965 132 955 132 944 132 934 132 924 132 913 132 903 132 893 132 882 132 872 132 862 132 851 132 841 132 831 132 738 134 735 132 728 132 718 132 707 132 697 132 687 132 676 132 666 132 656 132 645 132 635 132 631 132 628 135 575 135 536 132 532 132 522 132 512 132 501 132 491 132 481 132 470 132 467 134 366 134 312 132 305 132 295 132 285 132 275 132 264 132 254 132 244 132 233 132 223 132 213 132 203 132 203 151 202 159 260 167 261 167 358 163 364 168 365 168 366 168 367 168 417 167 418 167 419 167 428 161 429 160 434 161 451 165 452 165 453 165 454 165 464 161 468 160 566 160 570 162 583 168 584 168 585 168 586 168 605 162 610 161 649 161 651 162 655 166 656 166 657 166 658 166 719 163 757 161 778 163 835 170 836 171 882 171 882 170 883 170 884 170 892 164 894 163 971 164 973 155 971 132 965 132"/></Shape>
	    <String CONTENT="bien gratiſier à leurs maiſtres. Mais à mon"
                    HPOS="202"
                    VPOS="132"
                    WIDTH="771"
                    HEIGHT="39"
                    WC="0.989913617240058"></String>
          </TextLine>
          <TextLine ID="line_3"
                    TAGREFS="LT8"
                    BASELINE="203 200 594 198 771 203 973 202" 
                    HPOS="202"
                    VPOS="162"
                    WIDTH="771"
                    HEIGHT="59">
            <Shape><Polygon POINTS="203 200 203 211 245 220 246 221 270 221 270 220 271 220 288 212 293 210 359 210 362 212 366 216 367 216 368 216 369 216 370 216 378 213 384 210 464 210 469 213 473 216 474 216 475 216 476 216 521 214 581 210 588 214 597 220 598 220 599 220 600 220 601 220 620 214 633 210 713 210 732 215 749 220 751 220 752 220 781 215 796 213 802 215 812 220 813 220 814 220 972 216 973 202 970 167 904 171 896 167 888 163 887 163 885 163 884 163 870 167 860 171 794 171 788 168 781 164 780 164 779 164 744 163 743 163 742 163 730 168 723 172 660 172 655 169 640 162 639 162 508 162 507 162 463 170 453 162 452 162 451 162 394 162 393 162 392 162 370 171 366 171 268 166 267 166 202 172 203 200"/></Shape>
	    <String CONTENT="iugement ils leur faiſoyẽt tort: &amp;ne parloyẽt"
                    HPOS="202"
                    VPOS="162"
                    WIDTH="771"
                    HEIGHT="59"
                    WC="0.9869637869774027"></String>
          </TextLine>
          <TextLine ID="line_4"
                    TAGREFS="LT8"
                    BASELINE="205 251 616 250 975 255" 
                    HPOS="203"
                    VPOS="211"
                    WIDTH="772"
                    HEIGHT="59">
            <Shape><Polygon POINTS="205 251 203 259 246 267 247 268 326 268 326 267 327 267 328 267 336 261 360 268 361 268 362 268 363 268 385 261 387 261 469 261 472 262 484 267 485 267 486 267 487 267 500 262 503 261 506 262 520 268 521 268 522 268 568 263 576 262 578 263 586 269 587 269 588 269 589 269 590 269 605 264 631 269 632 269 633 269 634 269 642 263 645 262 664 262 667 264 674 269 675 269 676 269 677 270 709 270 709 269 710 269 722 264 727 262 733 264 747 269 748 269 749 269 751 269 752 269 759 265 760 264 763 265 780 269 781 269 782 269 783 269 785 269 791 265 792 264 800 265 831 269 900 270 901 270 902 270 914 266 925 263 973 266 975 255 974 223 933 214 932 214 931 214 930 214 919 222 918 224 891 224 887 222 850 214 849 214 848 214 847 214 838 222 836 224 822 224 816 222 787 214 786 214 785 214 783 214 782 214 772 222 770 223 764 222 730 216 729 216 728 216 715 222 714 223 620 223 618 222 593 213 592 213 591 213 556 217 543 212 542 212 475 212 474 212 473 212 455 221 454 221 415 215 414 215 347 221 339 221 326 221 321 221 307 211 305 211 304 211 303 211 275 212 274 212 273 212 261 221 205 221 205 251"/></Shape>
	    <String CONTENT="ainſi pour autre choſe, que pour les flater &amp;"
                    HPOS="203"
                    VPOS="211"
                    WIDTH="772"
                    HEIGHT="59"
                    WC="0.9915455460548401"></String>
          </TextLine>
          <TextLine ID="line_5"
                    TAGREFS="LT8"
                    BASELINE="206 300 591 298 972 302" 
                    HPOS="206"
                    VPOS="262"
                    WIDTH="766"
                    HEIGHT="56">
            <Shape><Polygon POINTS="206 300 206 316 254 309 332 309 346 316 348 316 349 316 350 316 355 315 382 309 523 309 531 313 532 315 533 315 534 315 535 315 546 313 582 309 588 313 592 317 593 317 594 317 595 318 666 318 666 317 667 317 668 317 673 312 677 310 686 312 698 317 699 317 700 318 771 318 771 317 772 317 773 317 778 312 778 311 779 312 789 317 790 317 791 318 946 318 946 317 971 310 972 302 971 273 906 273 906 272 884 263 883 263 772 263 771 263 770 263 769 263 761 268 722 263 721 263 720 263 719 263 704 272 680 272 602 272 582 271 564 271 552 262 551 262 550 262 521 262 520 262 519 262 501 271 488 264 487 264 486 264 413 271 410 271 408 271 395 262 394 262 393 262 392 262 352 271 349 271 206 271 206 300"/></Shape>
	    <String CONTENT="pour s’inſinuer en leur grace: ſans bien con¬"
                    HPOS="206"
                    VPOS="262"
                    WIDTH="766"
                    HEIGHT="56"
                    WC="0.9991709311803182"></String>
          </TextLine>
          <TextLine ID="line_6"
                    TAGREFS="LT8"
                    BASELINE="202 347 973 354" 
                    HPOS="201"
                    VPOS="305"
                    WIDTH="772"
                    HEIGHT="64">
            <Shape><Polygon POINTS="202 347 201 359 221 365 222 365 223 365 343 360 365 360 368 361 382 366 383 366 384 366 420 361 437 359 456 361 476 364 478 364 514 362 544 360 550 362 561 367 562 367 563 367 564 367 578 362 587 360 616 363 641 365 642 365 655 363 666 361 680 363 717 369 718 369 972 365 973 354 973 319 939 310 938 310 937 310 915 318 908 321 903 318 888 310 887 310 885 310 884 310 856 318 847 321 781 321 767 318 740 311 739 311 738 311 727 318 723 320 715 318 687 308 686 308 685 308 664 309 663 309 662 309 651 318 645 321 594 321 587 318 560 307 559 307 499 307 498 307 497 307 496 307 489 312 459 306 458 306 410 308 408 308 407 308 395 317 393 318 266 318 264 317 247 305 246 305 245 305 244 305 243 305 202 316 202 347"/></Shape>
	    <String CONTENT="ſiderer ce qu’ils diſoyent. Et pour parler de"
                    HPOS="201"
                    VPOS="305"
                    WIDTH="772"
                    HEIGHT="64"
                    WC="0.9925532380739848"></String>
          </TextLine>
          <TextLine ID="line_7"
                    TAGREFS="LT8"
                    BASELINE="201 398 533 397 969 403" 
                    HPOS="201"
                    VPOS="357"
                    WIDTH="768"
                    HEIGHT="61">
            <Shape><Polygon POINTS="201 398 201 412 326 408 370 414 377 414 378 414 384 414 434 407 463 414 464 414 465 414 466 414 467 414 476 408 574 408 690 410 702 416 705 417 706 417 707 417 708 417 709 417 710 416 721 410 740 416 744 417 745 417 746 417 761 416 811 412 838 417 847 418 848 418 858 417 891 411 967 417 969 403 967 362 856 367 835 362 834 362 833 362 832 362 831 362 830 362 819 371 776 371 758 363 757 363 756 363 755 363 732 369 704 363 696 361 695 361 694 361 690 363 680 368 670 363 663 359 662 359 618 359 617 359 616 359 606 363 592 369 544 369 537 363 531 358 530 358 529 358 528 358 461 362 421 357 420 357 419 357 418 357 410 364 405 367 236 367 234 365 226 358 225 358 224 358 223 358 222 358 201 364 201 398"/></Shape>
	    <String CONTENT="l’experience de la bonté des Frãçois, ne faut"
                    HPOS="201"
                    VPOS="357"
                    WIDTH="768"
                    HEIGHT="61"
                    WC="0.9905646704137325"></String>
          </TextLine>
          <TextLine ID="line_8"
                    TAGREFS="LT8"
                    BASELINE="201 446 968 452" 
                    HPOS="201"
                    VPOS="408"
                    WIDTH="767"
                    HEIGHT="61">
            <Shape><Polygon POINTS="201 446 201 462 423 459 439 464 440 464 441 464 449 464 544 460 571 465 585 467 586 467 600 465 621 462 640 465 651 467 652 467 653 467 657 465 669 461 675 466 676 467 677 467 678 467 679 467 680 467 684 466 695 461 758 462 763 466 765 468 766 468 767 468 768 468 769 468 774 466 786 462 794 466 796 467 797 467 798 467 806 466 835 463 839 467 841 468 841 469 842 469 843 469 844 469 862 467 889 463 898 467 900 468 901 468 902 468 903 468 904 468 905 467 912 463 966 467 968 452 967 424 906 413 865 413 864 413 863 413 843 423 841 423 832 422 783 417 782 417 731 422 723 422 721 422 707 411 706 411 705 411 704 411 662 421 660 421 592 421 586 421 561 410 560 410 460 410 459 410 415 418 414 418 395 409 394 409 373 409 372 409 371 409 370 409 361 417 291 417 263 417 262 417 244 408 243 408 242 408 241 408 224 417 201 417 201 446"/></Shape>
	    <String CONTENT="alleguer de noſtre tẽps, que les trois Eſtats"
                    HPOS="201"
                    VPOS="408"
                    WIDTH="767"
                    HEIGHT="61"
                    WC="0.9971915807413019"></String>
          </TextLine>
          <TextLine ID="line_9"
                    TAGREFS="LT8"
                    BASELINE="200 497 973 501" 
                    HPOS="199"
                    VPOS="460"
                    WIDTH="774"
                    HEIGHT="52">
            <Shape><Polygon POINTS="200 497 199 507 971 512 973 501 973 471 911 463 890 463 889 463 888 463 887 463 876 470 875 471 871 470 846 463 845 463 844 463 792 468 768 462 767 462 766 462 734 469 730 471 653 471 649 469 629 462 628 462 627 462 626 462 610 469 607 470 604 469 588 461 587 461 586 461 535 468 528 470 439 470 435 468 417 461 416 461 415 461 414 461 395 467 388 461 388 460 387 460 386 460 313 460 312 460 311 460 310 460 300 467 298 469 231 469 228 467 220 462 219 462 218 462 217 462 216 462 200 466 200 497"/></Shape>
	    <String CONTENT="tenus à Tours, apres le deces de noſtre bon"
                    HPOS="199"
                    VPOS="460"
                    WIDTH="774"
                    HEIGHT="52"
                    WC="0.9992072961547158"></String>
          </TextLine>
          <TextLine ID="line_10"
                    TAGREFS="LT8"
                    BASELINE="199 546 973 550" 
                    HPOS="198"
                    VPOS="507"
                    WIDTH="775"
                    HEIGHT="62">
            <Shape><Polygon POINTS="199 546 198 557 298 565 299 565 300 565 325 558 334 556 392 556 399 558 420 566 421 566 422 567 467 567 467 566 468 566 469 566 479 558 481 557 520 557 522 558 530 566 531 566 532 566 533 566 534 566 559 558 566 557 598 560 693 565 694 565 695 565 707 560 710 558 719 560 780 568 781 569 864 569 864 568 865 568 878 563 963 568 964 568 965 568 966 568 972 561 973 550 973 522 938 521 924 510 923 510 922 510 845 510 844 510 843 510 824 518 799 510 798 510 797 510 796 510 764 520 723 520 702 509 701 509 700 509 699 509 698 509 679 520 586 520 586 519 490 508 431 508 430 508 429 508 428 508 422 513 398 508 397 508 396 508 379 515 354 507 353 507 352 507 351 507 350 507 336 517 266 507 265 507 264 507 263 507 247 518 199 518 199 546"/></Shape>
	    <String CONTENT="maiſtre le Roy Loys onzieſme, qui fut l’an"
                    HPOS="198"
                    VPOS="507"
                    WIDTH="775"
                    HEIGHT="62"
                    WC="0.9984848910853976"></String>
          </TextLine>
          <TextLine ID="line_11"
                    TAGREFS="LT8"
                    BASELINE="199 598 971 602" 
                    HPOS="198"
                    VPOS="557"
                    WIDTH="773"
                    HEIGHT="61">
            <Shape><Polygon POINTS="198 608 286 614 287 614 288 614 298 609 302 607 311 609 326 613 327 613 328 613 365 609 381 608 384 609 390 615 391 615 392 615 393 616 437 616 437 615 438 615 451 610 455 608 460 610 468 613 469 613 470 613 551 610 596 609 610 611 649 616 650 616 673 611 684 609 785 610 787 612 795 617 796 617 797 617 798 618 844 618 844 617 845 617 857 612 862 610 871 612 890 616 891 616 970 612 971 602 971 569 955 561 953 561 952 561 919 569 903 572 764 572 753 567 732 560 731 560 730 560 697 567 678 571 665 567 644 560 643 560 588 560 587 560 586 560 585 560 575 566 568 570 461 569 454 565 437 558 436 558 435 558 434 558 412 565 393 570 374 565 349 557 348 557 347 557 299 558 298 558 287 564 277 569 267 564 256 557 255 557 254 557 253 557 235 564 219 569 200 564 199 598 198 608"/></Shape>
	    <String CONTENT="1483. L’on pouuoit eſtimer lors que ceſte"
                    HPOS="198"
                    VPOS="557"
                    WIDTH="773"
                    HEIGHT="61"
                    WC="0.9985411138069339"></String>
          </TextLine>
          <TextLine ID="line_12"
                    TAGREFS="LT8"
                    BASELINE="197 646 972 651" 
                    HPOS="197"
                    VPOS="607"
                    WIDTH="775"
                    HEIGHT="59">
            <Shape><Polygon POINTS="197 646 197 661 351 656 397 662 405 663 406 663 407 663 410 662 425 657 441 662 442 662 444 662 498 657 537 663 548 665 549 665 555 663 577 658 607 663 615 665 616 665 627 663 665 659 689 663 699 666 700 666 711 663 740 659 765 665 769 665 770 666 971 666 972 651 971 620 937 619 922 611 921 611 919 611 918 611 893 618 881 611 880 611 879 611 878 611 838 612 837 612 836 612 827 618 826 619 819 618 770 610 735 610 734 610 733 610 732 610 722 617 720 618 646 618 644 617 622 609 621 609 620 609 619 609 593 616 589 618 549 618 546 616 535 609 534 609 533 609 532 609 460 615 456 615 455 615 447 608 446 608 445 608 406 608 405 608 404 608 403 608 396 614 393 616 386 614 351 607 350 607 349 607 326 614 321 616 279 616 275 613 264 608 263 608 262 608 261 608 242 613 233 615 228 613 217 608 216 608 215 608 214 608 197 612 197 646"/></Shape>
	    <String CONTENT="bõne aſſemblee eſtoit dãgereuſe: &amp; diſoyent"
                    HPOS="197"
                    VPOS="607"
                    WIDTH="775"
                    HEIGHT="59"
                    WC="0.9909383177757263"></String>
          </TextLine>
          <TextLine ID="line_13"
                    TAGREFS="LT8"
                    BASELINE="197 697 968 702" 
                    HPOS="196"
                    VPOS="657"
                    WIDTH="772"
                    HEIGHT="60">
            <Shape><Polygon POINTS="197 697 196 708 270 714 271 714 315 710 347 707 366 710 390 715 391 715 392 715 408 711 422 708 514 708 539 712 550 714 551 714 552 714 553 714 555 713 564 708 652 708 662 714 663 714 664 714 665 714 667 714 694 709 704 714 704 715 705 715 706 715 707 715 708 715 709 714 719 710 724 715 725 716 726 716 727 716 778 717 779 717 843 716 868 715 869 715 870 715 877 710 966 717 968 702 965 662 942 672 821 672 810 665 809 665 808 665 807 665 775 671 749 671 739 663 733 659 732 659 731 659 655 659 654 659 653 659 640 665 628 670 620 665 612 659 611 659 610 659 522 658 521 658 520 658 499 666 492 668 485 666 466 658 465 658 428 658 427 658 426 658 425 658 414 666 412 668 370 668 367 666 350 657 349 657 348 657 347 657 317 667 313 668 311 667 304 661 303 661 302 661 301 661 197 667 197 697"/></Shape>
	    <String CONTENT="aucuns de petite cõdition &amp; de petite vertu,"
                    HPOS="196"
                    VPOS="657"
                    WIDTH="772"
                    HEIGHT="60"
                    WC="0.9926009694735209"></String>
          </TextLine>
          <TextLine ID="line_14"
                    TAGREFS="LT8"
                    BASELINE="196 746 967 751" 
                    HPOS="195"
                    VPOS="707"
                    WIDTH="772"
                    HEIGHT="59">
            <Shape><Polygon POINTS="196 746 195 754 262 762 263 762 293 756 315 762 316 762 317 762 349 758 368 764 369 764 370 764 408 757 410 757 441 764 442 764 444 764 466 757 468 757 473 757 519 764 520 764 555 758 559 758 629 758 631 759 636 763 637 763 638 763 639 763 640 763 656 759 658 759 660 759 677 766 678 766 679 766 966 762 967 751 966 717 891 711 890 711 889 711 888 711 879 716 876 719 873 716 869 713 868 713 867 713 866 713 865 713 856 716 848 720 723 720 719 716 711 710 710 710 709 710 685 710 684 710 683 710 666 716 658 719 642 716 606 709 605 709 604 709 588 716 587 716 570 710 569 710 568 710 567 710 546 716 538 718 536 716 527 709 526 709 525 709 524 709 491 716 486 717 483 716 466 708 465 708 464 708 463 708 440 716 436 718 357 718 355 716 345 707 344 707 343 707 342 707 341 707 318 716 317 717 287 717 286 716 267 707 266 707 225 707 224 707 223 707 196 715 196 746"/></Shape>
	    <String CONTENT="&amp; ont dit par pluſieurs fois depuis, que c’eſt"
                    HPOS="195"
                    VPOS="707"
                    WIDTH="772"
                    HEIGHT="59"
                    WC="0.9915732650653176"></String>
          </TextLine>
          <TextLine ID="line_15"
                    TAGREFS="LT8"
                    BASELINE="195 796 970 799" 
                    HPOS="194"
                    VPOS="755"
                    WIDTH="776"
                    HEIGHT="61">
            <Shape><Polygon POINTS="195 796 194 805 263 813 264 813 303 806 308 806 309 806 316 811 317 811 318 811 319 811 448 807 478 807 482 808 503 814 504 814 505 815 552 815 552 814 553 814 566 808 567 808 578 814 580 814 581 814 610 809 615 808 616 809 621 813 622 813 623 813 675 814 676 814 677 814 696 809 707 807 721 810 749 815 751 816 799 816 799 815 800 815 801 815 806 810 807 810 813 810 856 814 857 814 858 814 865 811 871 808 968 811 970 799 970 763 960 757 959 757 958 757 957 757 956 757 928 764 924 765 922 764 907 757 906 757 905 757 904 757 887 763 873 757 872 757 871 757 835 764 825 766 807 764 776 761 775 761 774 761 773 761 768 764 764 767 729 764 699 762 698 762 665 764 639 766 635 764 619 756 618 756 475 756 474 756 473 756 454 763 441 755 440 755 439 755 391 755 390 755 389 755 368 765 366 766 348 766 346 765 332 756 331 756 330 756 329 756 273 765 267 765 265 765 237 755 236 755 235 755 195 764 195 796"/></Shape>
	    <String CONTENT="crime de Leſe-Maieſté, que de parler d’aſ¬"
                    HPOS="194"
                    VPOS="755"
                    WIDTH="776"
                    HEIGHT="61"
                    WC="0.9854419370030247"></String>
          </TextLine>
          <TextLine ID="line_16"
                    TAGREFS="LT8"
                    BASELINE="195 847 966 850" 
                    HPOS="194"
                    VPOS="806"
                    WIDTH="772"
                    HEIGHT="58">
            <Shape><Polygon POINTS="195 847 194 855 232 862 233 862 361 857 378 857 380 857 392 862 393 862 394 862 583 859 707 858 731 861 754 864 755 864 778 862 804 859 964 863 966 850 966 814 959 808 958 808 957 808 956 808 919 814 856 808 855 808 854 808 839 814 832 818 766 818 754 813 738 808 737 808 736 808 735 808 725 813 722 814 718 813 707 809 706 809 705 809 704 809 693 812 680 817 634 817 627 812 625 810 624 810 623 810 622 810 614 811 593 816 566 811 551 808 550 808 535 810 506 816 490 810 487 809 486 809 426 806 425 806 424 806 417 809 404 816 376 816 365 808 364 807 363 807 362 807 361 807 353 808 323 815 309 808 304 806 303 806 280 806 279 806 278 806 277 806 276 807 263 816 240 816 228 807 227 806 226 806 225 806 224 806 195 806 195 847"/></Shape>
	    <String CONTENT="ſembler les Eſtats, &amp; que c’eſt pour dimi¬"
                    HPOS="194"
                    VPOS="806"
                    WIDTH="772"
                    HEIGHT="58"
                    WC="0.9922756112757183"></String>
          </TextLine>
          <TextLine ID="line_17"
                    TAGREFS="LT8"
                    BASELINE="194 896 967 899" 
                    HPOS="193"
                    VPOS="856"
                    WIDTH="774"
                    HEIGHT="58">
            <Shape><Polygon POINTS="194 896 193 904 203 912 205 912 206 912 207 912 247 905 270 912 271 912 273 912 303 905 348 912 349 912 350 912 351 912 361 905 480 911 481 911 502 906 533 913 534 913 535 913 553 906 569 913 570 913 571 913 600 906 601 906 697 906 705 907 753 914 754 914 966 908 967 899 965 867 927 867 926 866 915 858 914 858 913 858 897 858 896 858 895 858 868 866 862 869 709 869 703 866 677 857 676 857 623 857 622 857 621 857 602 866 600 868 564 868 561 866 542 858 541 858 451 856 450 856 381 860 380 860 379 860 370 866 368 866 333 856 332 856 286 856 285 856 284 856 283 856 269 866 267 866 194 866 194 896"/></Shape>
	    <String CONTENT="nuer l’autorité du Roy. Mais ceux qui deba¬"
                    HPOS="193"
                    VPOS="856"
                    WIDTH="774"
                    HEIGHT="58"
                    WC="0.9907530735839497"></String>
          </TextLine>
          <TextLine ID="line_18"
                    TAGREFS="LT8"
                    BASELINE="193 946 967 950" 
                    HPOS="192"
                    VPOS="907"
                    WIDTH="775"
                    HEIGHT="55">
            <Shape><Polygon POINTS="193 946 192 959 965 962 967 950 964 913 948 918 930 913 923 911 922 911 921 911 919 911 913 913 893 920 872 915 871 915 870 915 869 915 868 915 860 921 779 921 759 914 758 914 757 914 756 914 742 920 642 920 608 914 568 908 567 908 566 908 553 915 548 918 436 918 422 915 386 907 263 907 262 907 261 907 260 907 247 916 245 917 193 917 193 946"/></Shape>
	    <String CONTENT="tent cèla, ſont eux-meſmes qui commettent"
                    HPOS="192"
                    VPOS="907"
                    WIDTH="775"
                    HEIGHT="55"
                    WC="0.9948819435778118"></String>
          </TextLine>
          <TextLine ID="line_19"
                    TAGREFS="LT8"
                    BASELINE="192 994 967 998" 
                    HPOS="191"
                    VPOS="957"
                    WIDTH="776"
                    HEIGHT="57">
            <Shape><Polygon POINTS="192 994 191 1005 244 1010 245 1010 246 1010 257 1006 261 1004 382 1004 389 1006 408 1011 410 1011 411 1011 450 1006 452 1006 454 1006 497 1011 498 1011 542 1006 555 1005 571 1006 645 1012 646 1012 739 1006 748 1006 749 1006 764 1012 765 1012 880 1014 881 1014 966 1006 967 998 966 970 912 959 798 959 797 959 796 959 780 967 771 959 771 958 770 958 769 958 726 958 725 958 724 958 698 968 698 969 673 969 672 968 653 958 652 958 578 957 558 957 557 957 556 957 555 957 540 967 502 962 501 962 500 962 482 967 468 957 467 957 466 957 446 957 445 957 444 957 442 957 428 967 427 967 192 966 192 994"/></Shape>
	    <String CONTENT="crime enuers Dieu &amp; le Roy &amp; la choſe pu¬"
                    HPOS="191"
                    VPOS="957"
                    WIDTH="776"
                    HEIGHT="57"
                    WC="0.9811054264626852"></String>
          </TextLine>
          <TextLine ID="line_20"
                    TAGREFS="LT8"
                    BASELINE="192 1044 966 1050" 
                    HPOS="191"
                    VPOS="1005"
                    WIDTH="775"
                    HEIGHT="64">
            <Shape><Polygon POINTS="192 1044 191 1058 289 1064 290 1064 291 1064 303 1059 312 1055 348 1059 390 1063 391 1063 428 1059 452 1056 457 1059 466 1065 467 1065 468 1065 469 1065 470 1065 492 1059 501 1056 512 1059 536 1066 537 1066 538 1067 572 1067 572 1066 605 1059 616 1057 634 1059 662 1062 663 1062 755 1059 795 1058 798 1059 816 1068 817 1068 819 1068 867 1059 870 1059 871 1059 891 1068 892 1068 893 1069 939 1069 939 1068 940 1068 965 1059 966 1050 966 1018 950 1009 949 1009 948 1009 915 1017 870 1011 869 1011 822 1016 811 1017 807 1016 779 1008 778 1008 754 1008 753 1008 752 1008 751 1008 742 1016 741 1017 657 1017 652 1015 632 1007 631 1007 630 1007 629 1007 609 1014 605 1016 519 1016 515 1012 501 1006 500 1006 464 1006 463 1006 462 1006 461 1006 454 1011 452 1014 447 1011 436 1008 435 1008 434 1008 408 1011 390 1014 376 1011 347 1005 346 1005 323 1010 313 1012 282 1010 230 1005 229 1005 192 1008 192 1044"/></Shape>
	    <String CONTENT="blique. Car telles paroles ne ſeruent qu’à"
                    HPOS="191"
                    VPOS="1005"
                    WIDTH="775"
                    HEIGHT="64"
                    WC="0.9923897565797318"></String>
          </TextLine>
          <TextLine ID="line_21"
                    TAGREFS="LT8"
                    BASELINE="192 1095 966 1098" 
                    HPOS="192"
                    VPOS="1057"
                    WIDTH="774"
                    HEIGHT="55">
            <Shape><Polygon POINTS="192 1095 192 1109 377 1105 416 1109 433 1110 434 1110 435 1110 439 1109 450 1105 462 1108 471 1111 472 1111 473 1112 588 1112 588 1111 665 1108 707 1106 720 1107 749 1112 751 1112 848 1107 856 1107 859 1107 895 1112 896 1112 965 1106 966 1098 965 1066 924 1062 923 1062 922 1062 921 1062 916 1066 913 1069 888 1069 883 1066 874 1059 873 1059 872 1059 799 1059 798 1059 763 1066 749 1068 743 1066 738 1063 737 1063 736 1063 713 1066 706 1066 704 1066 688 1058 687 1058 616 1058 615 1058 614 1058 612 1058 601 1066 598 1067 593 1066 575 1060 574 1060 573 1060 572 1060 571 1060 564 1066 562 1067 503 1067 494 1066 455 1058 454 1058 419 1066 416 1066 413 1066 380 1057 379 1057 378 1057 377 1057 376 1057 363 1066 361 1067 266 1067 264 1066 257 1061 256 1061 255 1061 254 1061 192 1065 192 1095"/></Shape>
	    <String CONTENT="ceux qui ſont en autorité &amp; credit, ſans en"
                    HPOS="192"
                    VPOS="1057"
                    WIDTH="774"
                    HEIGHT="55"
                    WC="0.9914751852100546"></String>
          </TextLine>
          <TextLine ID="line_22"
                    TAGREFS="LT8"
                    BASELINE="189 1144 962 1148" 
                    HPOS="188"
                    VPOS="1104"
                    WIDTH="774"
                    HEIGHT="57">
            <Shape><Polygon POINTS="189 1144 188 1157 960 1161 962 1148 962 1119 905 1110 904 1110 879 1113 864 1107 863 1107 862 1107 804 1116 753 1106 752 1106 709 1116 601 1116 574 1105 573 1105 572 1105 410 1114 390 1105 389 1105 342 1104 341 1104 339 1104 318 1113 299 1104 298 1104 297 1104 296 1104 260 1113 213 1104 212 1104 211 1104 189 1113 189 1144"/></Shape>
	    <String CONTENT="rien l’auoir merité, &amp; qui ne ſont propres"
                    HPOS="188"
                    VPOS="1104"
                    WIDTH="774"
                    HEIGHT="57"
                    WC="0.994831380455993"></String>
          </TextLine>
          <TextLine ID="line_23"
                    TAGREFS="LT8"
                    BASELINE="192 1195 960 1198" 
                    HPOS="191"
                    VPOS="1155"
                    WIDTH="769"
                    HEIGHT="56">
            <Shape><Polygon POINTS="192 1195 191 1205 958 1211 960 1198 959 1157 940 1157 939 1157 938 1157 918 1167 849 1158 848 1158 847 1158 830 1164 802 1160 801 1160 748 1167 709 1157 704 1156 703 1156 702 1156 701 1156 698 1157 680 1167 634 1167 621 1157 620 1156 619 1156 618 1156 617 1156 616 1156 610 1157 580 1167 467 1167 454 1158 450 1155 449 1155 448 1155 447 1155 362 1156 361 1156 360 1156 358 1158 348 1166 321 1166 308 1158 302 1155 301 1155 300 1155 299 1155 298 1155 289 1158 269 1166 247 1166 233 1158 226 1155 225 1155 224 1155 192 1158 192 1195"/></Shape>
	    <String CONTENT="d’y eſtre, &amp; n’ont accouſtumé que de flageol"
                    HPOS="191"
                    VPOS="1155"
                    WIDTH="769"
                    HEIGHT="56"
                    WC="0.979837006992764"></String>
          </TextLine>
          <TextLine ID="line_24"
                    TAGREFS="LT8"
                    BASELINE="192 1244 961 1247" 
                    HPOS="191"
                    VPOS="1203"
                    WIDTH="770"
                    HEIGHT="61">
            <Shape><Polygon POINTS="192 1244 191 1261 298 1262 299 1262 300 1262 304 1261 330 1253 442 1253 452 1260 454 1262 455 1262 456 1262 491 1263 492 1264 538 1264 538 1263 539 1263 540 1263 543 1260 550 1255 571 1260 585 1262 586 1262 587 1262 591 1260 600 1254 650 1260 676 1262 677 1262 678 1262 684 1260 689 1256 723 1259 771 1263 772 1263 809 1259 838 1255 851 1259 874 1264 875 1264 960 1257 961 1247 959 1215 919 1215 916 1214 907 1207 906 1207 905 1207 904 1207 903 1207 887 1213 884 1214 883 1213 871 1206 870 1206 869 1206 776 1206 775 1206 774 1206 761 1211 754 1215 673 1215 665 1210 655 1205 654 1205 653 1205 627 1209 616 1211 604 1209 585 1205 584 1205 583 1205 582 1205 576 1209 569 1213 563 1208 562 1207 561 1207 560 1207 517 1205 516 1205 497 1207 449 1214 436 1206 433 1204 432 1204 431 1204 401 1204 400 1204 399 1204 395 1206 378 1214 350 1214 326 1205 324 1204 323 1204 322 1204 321 1204 319 1204 296 1214 227 1214 215 1204 214 1204 213 1204 192 1203 192 1244"/></Shape>
	    <String CONTENT="ler en l’oreille, &amp; parler des choſes de peu"
                    HPOS="191"
                    VPOS="1203"
                    WIDTH="770"
                    HEIGHT="61"
                    WC="0.9885848340663043"></String>
          </TextLine>
          <TextLine ID="line_25"
                    TAGREFS="LT8"
                    BASELINE="258 1294 895 1296" 
                    HPOS="258"
                    VPOS="1257"
                    WIDTH="637"
                    HEIGHT="53">
            <Shape><Polygon POINTS="258 1294 258 1310 894 1310 895 1296 895 1267 865 1259 864 1259 863 1259 811 1264 763 1259 762 1259 761 1259 748 1265 746 1267 710 1267 708 1265 703 1260 703 1259 702 1259 701 1259 700 1259 699 1259 678 1264 670 1266 493 1266 488 1262 482 1257 481 1257 480 1257 479 1257 450 1262 422 1266 383 1266 377 1261 373 1257 372 1257 371 1257 370 1257 354 1261 328 1265 321 1260 320 1259 319 1259 318 1259 317 1259 258 1259 258 1294"/></Shape>
	    <String CONTENT="de valeur: &amp; craignent les grandes"
                    HPOS="258"
                    VPOS="1257"
                    WIDTH="637"
                    HEIGHT="53"
                    WC="0.9993498921394348"></String>
          </TextLine>
          <TextLine ID="line_26"
                    TAGREFS="LT8"
                    BASELINE="299 1342 853 1344" 
                    HPOS="298"
                    VPOS="1306"
                    WIDTH="555"
                    HEIGHT="55">
            <Shape><Polygon POINTS="298 1356 304 1360 305 1360 307 1360 308 1360 357 1355 427 1360 428 1360 429 1360 430 1360 438 1354 445 1360 446 1360 447 1360 448 1360 476 1355 481 1354 486 1355 509 1360 510 1360 512 1360 527 1355 531 1354 583 1354 585 1356 591 1361 592 1361 593 1361 594 1361 595 1361 616 1356 617 1356 623 1361 624 1361 625 1361 626 1361 669 1357 678 1356 690 1357 733 1361 734 1361 735 1361 736 1361 740 1357 743 1355 850 1358 853 1344 850 1314 820 1317 811 1313 804 1310 803 1310 802 1310 801 1310 790 1313 779 1316 769 1313 752 1307 751 1307 749 1307 710 1313 678 1317 667 1312 656 1307 655 1307 654 1307 653 1307 652 1307 652 1308 646 1312 640 1318 577 1318 571 1311 565 1307 565 1306 564 1306 563 1306 550 1306 549 1306 548 1306 530 1311 514 1316 502 1311 498 1309 497 1309 496 1309 495 1309 491 1311 484 1314 471 1311 453 1306 452 1306 403 1306 402 1306 401 1306 393 1310 382 1316 377 1310 374 1309 374 1308 373 1308 372 1308 329 1306 328 1306 327 1306 320 1310 309 1316 301 1310 299 1342 298 1356"/></Shape>
	    <String CONTENT="aſſemblees, de peur qu’ils ne"
                    HPOS="298"
                    VPOS="1306"
                    WIDTH="555"
                    HEIGHT="55"
                    WC="0.9996725999075791"></String>
          </TextLine>
          <TextLine ID="line_27"
                    TAGREFS="LT8"
                    BASELINE="342 1391 806 1394" 
                    HPOS="341"
                    VPOS="1355"
                    WIDTH="465"
                    HEIGHT="60">
            <Shape><Polygon POINTS="342 1391 341 1405 403 1413 404 1413 405 1413 406 1413 419 1405 421 1404 450 1404 461 1405 509 1414 510 1414 542 1407 578 1413 580 1413 615 1405 618 1405 621 1405 650 1415 651 1415 652 1415 706 1406 805 1406 806 1394 805 1364 717 1357 715 1357 714 1357 713 1357 713 1358 708 1362 703 1367 685 1362 679 1361 678 1361 677 1361 674 1362 659 1367 654 1362 651 1359 650 1359 649 1359 648 1359 630 1361 604 1366 451 1366 442 1360 434 1355 433 1355 432 1355 431 1355 342 1359 342 1391"/></Shape>
	    <String CONTENT="ſoyẽt cognus, ou que leurs"
                    HPOS="341"
                    VPOS="1355"
                    WIDTH="465"
                    HEIGHT="60"
                    WC="0.9924326848100733"></String>
          </TextLine>
          <TextLine ID="line_28"
                    TAGREFS="LT8"
                    BASELINE="405 1441 734 1445" 
                    HPOS="404"
                    VPOS="1414"
                    WIDTH="330"
                    HEIGHT="51">
            <Shape><Polygon POINTS="405 1441 404 1460 447 1462 448 1462 449 1462 454 1461 478 1454 533 1454 538 1459 538 1460 539 1460 540 1460 541 1460 542 1460 560 1455 590 1461 601 1463 602 1463 603 1463 604 1463 607 1461 616 1456 635 1461 651 1465 652 1465 653 1465 654 1465 663 1461 673 1457 683 1461 690 1465 691 1465 692 1465 733 1461 734 1445 733 1414 405 1414 405 1441"/></Shape>
	    <String CONTENT="œuures ne ſoyent"
                    HPOS="404"
                    VPOS="1414"
                    WIDTH="330"
                    HEIGHT="51"
                    WC="0.9776553437113762"></String>
          </TextLine>
          <TextLine ID="line_29"
                    TAGREFS="LT8"
                    BASELINE="485 1491 667 1493" 
                    HPOS="484"
                    VPOS="1448"
                    WIDTH="183"
                    HEIGHT="60">
            <Shape><Polygon POINTS="485 1491 484 1508 666 1504 667 1493 665 1457 614 1458 598 1455 569 1448 568 1448 485 1451 485 1491"/></Shape>
	    <String CONTENT="blaſmees."
                    HPOS="484"
                    VPOS="1448"
                    WIDTH="183"
                    HEIGHT="60"
                    WC="0.9997027119000753"></String>
          </TextLine>
        </TextBlock>
        <TextBlock HPOS="363"
                   VPOS="52"
                   WIDTH="481"
                   HEIGHT="51"
                   ID="block_0"
                   TAGREFS="BT18">
          <Shape><Polygon POINTS="844 52 844 103 363 103 364 53"/></Shape>
          <TextLine ID="line_1"
                    TAGREFS="LT10"
                    BASELINE="358 92 840 89" 
                    HPOS="357"
                    VPOS="47"
                    WIDTH="483"
                    HEIGHT="59">
            <Shape><Polygon POINTS="821 53 810 53 800 53 790 53 779 53 769 53 759 53 748 53 738 53 728 53 718 53 707 53 697 53 687 53 676 53 666 53 656 53 645 53 635 53 625 53 620 53 614 57 564 57 561 54 559 53 553 53 542 53 532 53 522 53 519 53 517 55 517 56 516 55 513 53 512 53 501 53 491 53 481 53 470 53 460 53 450 53 439 53 429 53 419 53 408 53 398 53 388 53 378 53 376 47 374 47 373 47 357 56 358 92 358 106 839 98 840 89 837 53 831 53"/></Shape>
	    <String CONTENT="DE LA GAVLE"
                    HPOS="357"
                    VPOS="47"
                    WIDTH="483"
                    HEIGHT="59"
                    WC="0.996385931968689"></String>
          </TextLine>
        </TextBlock>
        <TextBlock HPOS="786"
                   VPOS="1509"
                   WIDTH="171"
                   HEIGHT="49"
                   ID="block_2"
                   TAGREFS="BT17">
          <Shape><Polygon POINTS="957 1510 957 1558 786 1557 787 1509"/></Shape>
          <TextLine ID="line_30"
                    TAGREFS="LT8"
                    BASELINE="781 1545 956 1545" 
                    HPOS="781"
                    VPOS="1497"
                    WIDTH="175"
                    HEIGHT="68">
            <Shape><Polygon POINTS="781 1545 781 1565 956 1558 956 1545 953 1501 945 1506 925 1502 894 1497 893 1497 892 1497 891 1497 883 1504 880 1507 861 1507 857 1505 846 1497 845 1497 844 1497 822 1497 821 1497 781 1506 781 1545"/></Shape>
	    <String CONTENT="Aſcauoir"
                    HPOS="781"
                    VPOS="1497"
                    WIDTH="175"
                    HEIGHT="68"
                    WC="0.9997837617993355"></String>
          </TextLine>
        </TextBlock>
      </PrintSpace>
    </Page>
  </Layout>
</alto>
