1023 1853
97 115 704 55 ¶ Aſcauoir ſi les femmes ſont forcloſes

117 160 686 60 par les ſtatus & couſtumes de Frãce, de

115 212 686 56 l’adminiſtration du Royaume, comme

117 260 508 56 elles le ſont de la ſucceſsion.

236 325 386 38 CHAP. XIX.

192 49 448 58 FRANCOISE.

38 486 187 89 P

260 358 543 58 Vis qu’ainſi eſt que ie ſuis entré

247 404 553 62 ſi auant en ceſte diſpute, qui eſt

249 461 552 52 touchant l’adminiſtration du

248 507 553 59 Royaume, & l’eſtat politique

32 558 767 58 d’iceluy, ie ne laiſſeray point icy paſſer vne

31 606 768 60 belle queſtiõ qui s’offre ſans en dire quelque

30 654 770 60 choſe, qui eſt telle: Aſcauoir ſi les femmes

30 706 765 55 ſõt forcloſes du gouuernemẽt du Royaume,

30 755 770 59 auſſi biẽ cõme il ne leur eſt point permis de

31 807 777 57 venir à la couronne. Mais auant que d’y eu¬

29 855 775 60 trer, ie veux biẽ que chacũ ſache que ie n’ay

32 907 764 56 point entrepris icy de traiter du droict ny

28 954 770 61 des Romains, ny d’autre nation quelcõque,

27 1004 770 57 mais ſeulement des couſtumes de France.

28 1054 768 56 Car, cõme chacun ſcait, par les loix Romai¬

27 1105 770 57 nes, les femmes ſont en perpetuelle puiſſan¬

27 1150 770 56 ce de curateurs, à raiſõ de l’imbecillité de iu

29 1202 765 59 gement & de conſeil qui eſt en ce ſexe-la, &

26 1250 769 56 forcloſes non ſeulement de l’entremiſe des

27 1303 766 56 affaires publiques, mais auſsi de tous nego¬

27 1352 767 55 ces ciuils: mais à l’oppoſite il y a des nations

26 1397 765 62 où les femmes ſõt admiſes au gouuernemẽt

28 1453 764 54 du Royaume par leurs ancienes couſtumes:

28 1499 763 71 ainſi comme Tacitus dit en la vie de Agric.

732 55 73 57 181

565 1567 96 54 m 3
