1023 1853
197.0 60.0 79.0 55.0 182

342.0 57.0 492.0 51.0 DE LA GAVLE

193.0 136.0 765.0 40.0 que les anciens habitans de Angleterre n'a¬

195.0 167.0 765.0 59.0 uoyent point d’eſgard au ſexe en fait de gou

194.0 217.0 767.0 51.0 uernement. Ce fondemẽt eſtant mis, ie vien

194.0 263.0 768.0 59.0 à la diſcuſsion de la queſtiõ preſente. La rai

194.0 312.0 767.0 55.0 ſon de douter & de mouuoir ceſte difficulté

196.0 362.0 778.0 61.0 eſt toute euidẽte: attẽdu qu’il appert par les

196.0 416.0 766.0 58.0 exẽples qui ont autrefois eſté pratiquez en

197.0 463.0 764.0 59.0 France, que le Royaume a eſté quelquefois

195.0 514.0 768.0 58.0 adminiſtré par les Roynes, & principalemẽt

197.0 566.0 768.0 55.0 par celles qui eſtoyẽt vefues & meres de ieu

195.0 613.0 770.0 55.0 nes Roys: Toutefois il ſemble que la raiſon

195.0 661.0 769.0 59.0 cõbate à l’encontre, & que celle la qui n’eſt

195.0 713.0 764.0 59.0 point receue à eſtre Royne & heritiere legi¬

193.0 760.0 771.0 59.0 time de la Courõne, né doyue nõ plus eſtre

193.0 812.0 774.0 57.0 admiſe à la regence & au gouuernement du

194.0 860.0 771.0 60.0 Royaume. Or qu’il ſoit vray qu’vne fẽme ne

196.0 910.0 764.0 57.0 puiſſe eſtre Royne à raiſon d’elle meſmes,

193.0 957.0 771.0 60.0 ny que la ſucceſſiõ du Royaume ne ſe puiſſe

194.0 1008.0 773.0 56.0 tranſporter à elle ou à ſes enfans: mais que ſi

193.0 1058.0 772.0 59.0 les femmes ſont Roynes, ce n’eſt pas propre

192.0 1109.0 775.0 57.0 ment, ains par accidẽt, cõme on dit, & à cau¬

192.0 1157.0 774.0 58.0 ſe de leurs maris qui ſont Roys, ie l’ay deſia

193.0 1207.0 771.0 58.0 ſuffiſammẽt mõſtrè cy deſſus, & prouué par

194.0 1257.0 774.0 58.0 exẽples pratiquez l’eſpace de mille & deux

193.0 1306.0 775.0 51.0 cens ans. Et faut ſe reduire en memoire ce

195.0 1354.0 773.0 61.0 qui fait biẽ à ce propos, & qui a auſſi eſté de¬

197.0 1409.0 772.0 53.0 duit, que tout ainſi comme le Concile des

196.0 1454.0 771.0 59.0 Eſtats auoit toute puiſſance d’elire & de¬

196.0 1507.0 771.0 64.0 mettre les Roys, auſſi auoit-il plein pouuoir

829.0 1550.0 136.0 64.0 de defe
