1023 1853
211 55 441 53 FRANCOISE.

745 59 71 55 183

49 117 773 51 de deſerer l’admnimitratiõ du Royaume à qui

49 163 773 65 bon luy ſembloit, pendant la minorite des

50 214 765 59 Roys, ou pour autres occaſiõs. Qui plus eſt,

53 263 769 55 que meſme apres l’electiõ des Roys, le Cõci

50 310 770 55 le ſe reſeruoit encore & retenoit par deuers

50 360 771 58 ſoy la ſouueraine autorité du gouuernemẽt

52 408 767 61 des affaires du Royaume: & ſi ny a pas enco¬

55 462 768 57 re cent ans paſſez, que du regne de Loys XI.

56 510 766 57 quoy que ce fuſt vn Prince cauteleux, l’aſſem

54 558 769 55 blec des Eſtats eſtablit 36. Procureurs & ad

55 607 764 59 miniſtrateurs de la choſe publique, cõme E¬

56 658 766 59 phores & Cõtrerolleurs, pour garder que le

54 710 770 53 Royaume ne tombaſt en vne domination

55 756 768 55 tyrãnique. Mais ſi nous voulõs entẽdre plus

55 808 768 55 auant comment ſe ſont gouuernez nos Ma¬

51 855 774 57 ieurs en ces occurrences, liſons ce qu’en dit

56 902 769 57 Aimoi. au li.4.cha.1.où il parle de la Royne

55 952 769 58 Brunechilde. Parce, dit-il, qu’il ſembloit que

55 1002 770 54 Brunechilde vouloit retenir entre ſes mains

55 1055 770 56 tout le gouuernement du Royaume, & d’au¬

53 1101 773 57 tre coſté les Seigneurs de Frãce ſe faſchoyẽt

57 1152 768 57 d’eſtre ſi long temps ſuiets à la domination

59 1201 768 56 d’vne femme, &c. Et pour certain cela eſt ad

57 1251 770 58 uenu bien ſouuẽt que quand les femmes ont

58 1302 767 51 eu d’aduenture le maniement en main, elles

60 1349 765 57 ont eſté cauſe d’emouuoir de merueilleuſes

61 1397 763 61 tragœdies & confuſions au Royaume. De¬

65 1451 762 56 quoy il ne ſera point impertinẽt ſi i’en mets

64 1498 765 73 icy quelques exemples. La Royne Crotilde

599.0 1559.0 100.0 56.0 m 4
