1023 1853
208.0 49.0 80.0 60.0 184

372.0 49.0 468.0 61.0 DE LA GAVLE

197.0 109.0 771.0 54.0 mere des Roys ᑕhildebert & Clothaire eut

198.0 157.0 771.0 61.0 iadis la Regence: & ayant pris à nourrir & ele

198.0 208.0 772.0 59.0 uer deux des enfans d’vn ſiẽ autre fils qui e¬

198.0 257.0 771.0 58.0 ſtoit mort nommé Clodomer, les aimoit ſi

196.0 307.0 773.0 58.0 extremement qu’elle fit tout ſon effort que

197.0 358.0 773.0 57.0 ſes petits fils fuſſent eleuez en degré de digni

195.0 406.0 775.0 59.0 té Royale, & ſes autres enfãs oſtez. Au moyẽ

196.0 459.0 772.0 53.0 dequoy elle nourriſſoit leurs cheueux auec

194.0 504.0 771.0 63.0 toute la ſolicitude qui luy eſtoit poſſible, ſuy

194.0 557.0 772.0 56.0 uant l’anciene couſtume, dont nous auons

197.0 606.0 770.0 60.0 parlé. Dequoy les deux freres Roys aduertis

194.0 658.0 776.0 58.0 luy enuoyerẽt ſur le chãp vn Arcadius, auec

192.0 708.0 775.0 54.0 commiſſiõ de luy preſenter vne eſpee toute

192.0 755.0 776.0 54.0 nue & des ciſeaux de barbier, & luy dõner le

191.0 809.0 777.0 54.0 choix lequel des deux elle aimoit mieux e¬

189.0 853.0 779.0 57.0 ſtre mis ſur la teſte des enfans. Mais elle, dit

191.0 902.0 775.0 60.0 Gregoire de Tours, toute troublee de cho¬

190.0 954.0 778.0 57.0 lere, meſmement lors qu’elle vit l’eſpee trai

189.0 1004.0 778.0 57.0 te & les ciſeaux de barbier, s’en aigrit & ſe

187.0 1054.0 780.0 57.0 deſpita ſi ameremẽt qu’elle luy reſpõdit ain

186.0 1102.0 781.0 59.0 ſi : Il me vaut donc mieux, dit-elle, s’ils ne ſõt

188.0 1155.0 778.0 57.0 point eleuez au Royaume, les voir morts que

188.0 1205.0 777.0 48.0 tondus. Par ainſi furẽt les deux enfans tous

186.0 1253.0 779.0 57.0 deux tuez en ſa preſence: teſmoin le meſme

189.0 1302.0 774.0 53.0 Greg.au3.li. ch.18.là où il adiouſte que ceſte

188.0 1352.0 777.0 59.0 Royne acquit la bien-vueillance du peuple

188.0 1401.0 776.0 60.0 par le moyẽ des fondatiõs d’Abbayes, & par

186.0 1451.0 777.0 57.0 les donations qu’elle fit aux moines & aux

189.0 1500.0 771.0 70.0 preſtres. Si ſemble biẽ à ce propos que Catõ

895.0 1549.0 67.0 53.0 fut
