1023 1853
30.0 92.0 761.0 59.0 vertus de ces grans perſonnages là: & de re¬

30.0 134.0 762.0 69.0 duire noſtre Eſtat corrompu, comme vne

30.0 181.0 765.0 75.0 Muſique deſaccordee, à ce bel anciẽ accord

31.0 232.0 761.0 74.0 qui fut du temps de nos Peres. Si me ſem¬

31.0 280.0 764.0 72.0 ble bien, quand ie conſidere & recerche de

33.0 332.0 763.0 70.0 pres la cauſe de ces calamitez & confuſions

33.0 386.0 762.0 66.0 qui regnẽt, que tout ainſi comme nos corps

35.0 430.0 762.0 67.0 vienẽt à ſe diſſoudre & à ſe deffaire, ou quãd

35.0 480.0 761.0 73.0 ils ſont attaints exterieuremẽt par quelque

36.0 530.0 759.0 62.0 violence exceſsiue de coups, ou de bleſſu¬

35.0 583.0 761.0 65.0 res mortelles, ou bien quand les humeurs,

35.0 628.0 761.0 76.0 dont ils ſont compoſez s’alterent, & ſe cor¬

35.0 678.0 765.0 71.0 rompent au dedans, ou quand ils ſont abba¬

37.0 726.0 766.0 79.0 rus & caſſez de vieilleſſe: ainſi que l’Eſtat

38.0 779.0 764.0 77.0 des choſes publiques ſe ruine par diuers

38.0 829.0 763.0 73.0 accidens: & que les vnes ſont deſtruites par

38.0 879.0 765.0 74.0 calamitez de guerres, les autres ſont diſsi¬

41.0 929.0 763.0 75.0 pees par troubles inteſtins & diſſenſions ci¬

39.0 980.0 767.0 74.0 uiles, les autres ſont minees par le temps, &

40.0 1030.0 764.0 73.0 ayans acheué le terme prefix de leur duree,

41.0 1078.0 766.0 72.0 comme vne perſonne qui eſt auant ſur l’aa¬

43.0 1132.0 764.0 68.0 ge, prenent fin. Or quant aux maux que no¬

41.0 1176.0 768.0 75.0 ſtre choſe publique a ſoufferts, combié que

41.0 1228.0 770.0 69.0 communement lon en attribue la cauſe aux

42.0 1279.0 764.0 72.0 partialitez & diuiſions domeſtiques, toute¬

42.0 1327.0 759.0 69.0 fois quant à moy, ie croy qu’ils en ſont plu

42.0 1375.0 764.0 72.0 toſt le commencemẽt & le principal effect,

44.0 1424.0 765.0 70.0 que la ſemẽce & la cauſe: qui ſont deux cho¬

43.0 1473.0 764.0 89.0 ſes bien differentes l’vne de l’autre, ainſi cõ¬
