1023 1853
185.0 47.0 441.0 62.0 FRANCOISE.

738.0 47.0 62.0 62.0 185

30.0 124.0 777.0 46.0 fut vn homme bien ſage, quand il remonſtra

31.0 158.0 769.0 62.0 aux Romains, qu’il falloit retenir les fem¬

33.0 207.0 770.0 62.0 mes au meſnage, ſans qu’elles euſſent loy de

32.0 259.0 769.0 60.0 venir parler en public, ny de commãder aux

30.0 305.0 770.0 62.0 hommes. Laſchez, diſoit-il, la bride à ceſte

28.0 359.0 772.0 59.0 nature qui ne ſe peut gouuerner ſoy-meſ¬

28.0 405.0 775.0 61.0 me, & à ceſt animal rebours & farouche, &

31.0 459.0 777.0 59.0 puis attendez vous, qu’elles vſent reglément

27.0 505.0 774.0 60.0 & moderément de la liberté que vous leur

27.0 553.0 772.0 60.0 donnez. Car ne fut-ce point vn animal ſau¬

27.0 604.0 770.0 61.0 uage & deſnaturé, que ceſte Italiene, fille du

28.0 653.0 770.0 63.0 Roy Theodoric? Laquelle voyant, que ſa

27.0 708.0 768.0 55.0 mere auoit fait mourir vn ſien ſeruiteur,

28.0 752.0 770.0 60.0 qu’elle aimoit deſeſperément, en fut ſi aſpre

25.0 805.0 769.0 58.0 ment irritee, qu’elle reſolut, qu’il falloit ne¬

26.0 852.0 772.0 59.0 ceſſairement, que ſa mere ou elle mouruſ¬

25.0 901.0 773.0 60.0 ſent: mais au demeurant elle fit ſemblant de

25.0 954.0 771.0 56.0 n’en auoir point de deſpit ny de mal-talent

25.0 1000.0 772.0 58.0 cõtre elle: & pour faire croire qu’elle eſtoit

26.0 1053.0 770.0 57.0 du tout recõciliee, elle voulut bien commu¬

23.0 1102.0 770.0 57.0 niquer auec elle au Sacrement de la Cene:

24.0 1150.0 773.0 58.0 mais elle verſa du poiſon dedans le calice

24.0 1201.0 769.0 55.0 où deuoit boire ſa mere, & la fit mourir.

25.0 1247.0 768.0 63.0 Voicy comment le raconte Greg. de Tours

23.0 1300.0 770.0 56.0 au 3. liu. chap.33. en propres termes. Ils e¬

23.0 1347.0 771.0 60.0 ſtoyent, dit-il, de la ſecte d’Arius: & pourau¬

21.0 1399.0 768.0 58.0 tant que leur couſtume porte, que les Roys,

22.0 1448.0 772.0 58.0 venans à l’autel communiquent dedans vn

21.0 1497.0 770.0 71.0 calice à part, & le peuple dans vn autre, elle

559.0 1552.0 59.0 51.0 m 5
