1023 1853
213.0 55.0 86.0 54.0 186

344.0 51.0 493.0 59.0 DE LA GAVLE

213.0 126.0 765.0 45.0 verſa le poiſon dedans le calice, auquel ſa

210.0 160.0 766.0 62.0 mere deuoit boire: laquelle auſsi toſt qu’el¬

213.0 214.0 766.0 54.0 le eut beu, tomba toute roide morte. (Sur

213.0 263.0 766.0 59.0 quoy il faut noter en paſſant, la couſtume

213.0 312.0 768.0 58.0 de donner le calice au peuple.) Il y eut auſsi

211.0 360.0 770.0 56.0 autrefois vne Royne mere nommee Frede¬

213.0 407.0 766.0 63.0 gonde qui fut Regente, eſtant vefue du Roy

214.0 460.0 766.0 59.0 Chilperie premier. Ceſte-cy, du viuant de

213.0 509.0 767.0 58.0 ſon mary, ſe faiſoit ſecretement entretenir

214.0 558.0 768.0 60.0 par vn Landry: & s’eſtãt apperceue que ſon

213.0 611.0 768.0 51.0 mary en auoit ſenty le vẽt, le fit maſſacrer à

212.0 657.0 768.0 61.0 ſon adultere: & toſt apres prit le gouuerne¬

214.0 716.0 769.0 49.0 ment du Royaume comme Royne mere, au

213.0 756.0 769.0 58.0 nom de ſon fils Clothaire: & le tint l’eſpace

214.0 807.0 768.0 56.0 de 13. ans, durãt leſquels elle commit infinis

214.0 858.0 767.0 55.0 meurtres, & fut cauſe de grãs troubles. Car

215.0 906.0 768.0 59.0 premierement, elle fit mourir par poiſon

217.0 955.0 765.0 52.0 Childebert, l’oncle de ſon fils, & ſa femme:

213.0 1001.0 772.0 59.0 elle ſuſcita & fit ſouleuer les Huns à l’encon

214.0 1055.0 771.0 57.0 tre de ſes enfans: elle eſmeut vne groſſe guer

213.0 1103.0 774.0 55.0 re ciuile par tout le Royaume: brief ce fut

215.0 1151.0 772.0 58.0 elle qui alluma les troubles, dont la France

215.0 1201.0 774.0 60.0 fut trauaillee par pluſieurs annees: ainſi cõ¬

216.0 1250.0 771.0 61.0 me on le peut voir dans Aimoin. au 3. liure

217.0 1302.0 774.0 57.0 chap.36. & au 8.liu. chap.29. Enuiron ce meſ

218.0 1352.0 771.0 58.0 me temps, gouuerna auſsi la Royne Brune¬

218.0 1402.0 768.0 56.0 childe, mere de Childebert, vefue de Sige¬

219.0 1451.0 772.0 59.0 bert. Ceſte cy auoit pris en telle amour vn

220.0 1500.0 770.0 64.0 certain Italien nõmé Protadius, qu’elle ne

866.0 1550.0 124.0 57.0 faiſoit
