1023 1853
156.0 52.0 460.0 62.0 FRANCOISE.

712.0 52.0 74.0 58.0 187

26.0 123.0 763.0 48.0 faiſoit conte que de luy, & le portoit, fauori¬

29.0 164.0 766.0 62.0 ſoit & auançoit par deſſus tous les autres.

29.0 211.0 763.0 64.0 Elle meſmes nourrit ſi mal ſes propres en¬

29.0 261.0 763.0 61.0 fans Theodebert & Theodoric, & les ren¬

30.0 307.0 763.0 64.0 dit ſi vicieux & ſi mal conditionnez, qu’à

32.0 360.0 764.0 63.0 grand peine eſtoyent-ils entrez en leur ado¬

31.0 407.0 762.0 66.0 leſcence, qu’ils conceurent inimitié mortel¬

31.0 457.0 763.0 66.0 le l’vn contre l’autre, laquelle proceda ſi a¬

33.0 507.0 765.0 63.0 uant par effuſion de ſang, deſolation de guer

32.0 556.0 765.0 59.0 res & batailles ſanglantes, qu’eile ſe termina

33.0 606.0 764.0 59.0 ſinablement par la ruine de tous deux. Elle

35.0 657.0 758.0 59.0 tua encore depuis Merouee fils de Theode¬

35.0 705.0 761.0 65.0 bert de ſa propre main: & empoiſõna Theo

36.0 754.0 759.0 58.0 doric ſeul demeuré de reſte de ſes enfans.

37.0 803.0 761.0 65.0 Que peut-on dire dauantage? Laiſſez aller

37.0 853.0 763.0 65.0 la bride (diſoit Caton) à ceſte meſchante

37.0 902.0 759.0 64.0 nature qui ne peut eſtre maiſtreſſe de ſoy¬

39.0 956.0 762.0 54.0 meſme, & à ces mauuaiſes beſtes indomta¬

38.0 1003.0 764.0 62.0 bles, & puis attendez vous qu’elles en vſent

37.0 1053.0 767.0 61.0 reglémẽt & moderément. Brief elle fut cau

37.0 1103.0 765.0 62.0 ſe de la mort de dix Princes: & eſtãt vn iour

38.0 1151.0 767.0 61.0 tanſee par vn Eueſque, & admoneſtee de ve

39.0 1202.0 765.0 60.0 nir à repentance, elle le fit ietter dans l’eau:

36.0 1249.0 770.0 60.0 mais finablement elle fut miſe en iuſtice, &

38.0 1299.0 767.0 63.0 accuſee publiquement deuant l’aſſemblee

40.0 1350.0 765.0 62.0 des Eſtats de France, où eſtant conuaincue

40.0 1399.0 764.0 62.0 d’vne infinité de meurtres, elle fut condam¬

38.0 1451.0 769.0 59.0 nee à mourir, & attachee à la queue d’vn ieu

42.0 1498.0 760.0 72.0 ne poulain rebours & farouche, qui la trai¬
