1023 1853
168.0 50.0 448.0 59.0 FRANCOISE.

704.0 51.0 74.0 60.0 189

14.0 120.0 772.0 56.0 Pepin, lequel auoit la ſuperintendance de

15.0 160.0 768.0 61.0 tous les affaires, & autant d’autorité, que s’il

17.0 206.0 763.0 65.0 euſt eſté Roy luy-meſme, cependant que le

14.0 257.0 767.0 64.0 Roy Dagobert ſecond de ce nom, portoit

14.0 306.0 767.0 61.0 le titre de Roy ſans vertu ne puiſſance quel

17.0 354.0 763.0 64.0 cõque. Ceſte Plectrude icy eſtoit ſi deshon¬

15.0 403.0 764.0 67.0 tee & ſi abãdonnee à ſon plaiſir, que ſon ma

15.0 453.0 768.0 68.0 ry Pepin la repudia pour ſon impudicité &

16.0 506.0 765.0 61.0 pour ſon mauuais gouuernemẽt: mais apres

14.0 550.0 765.0 67.0 ſa mort, elle fut cauſe de ſeditions & de grãs

16.0 603.0 766.0 63.0 troubles en Frãce. Car elle cõtraignit Char

15.0 651.0 768.0 63.0 les Martel qui eſtoit Maiſtre du Palais, &

15.0 703.0 768.0 63.0 en ſuffiſance de gouuernement, & en vaillan

16.0 753.0 763.0 61.0 ce des armes, le premier hõme de ſon tẽps,

17.0 798.0 764.0 69.0 de quitter ſon Eſtat, & ſubſtitua en ſa place

18.0 852.0 762.0 62.0 vn autre vicieux & meſchant hõme nommé

19.0 899.0 764.0 59.0 Thibaud ou Theudouaud cõme d’autres le

13.0 950.0 769.0 59.0 nomment, & finablement ſuſcita & alluma

15.0 999.0 766.0 64.0 vne peſtilẽte & mortelle guerre ciuile entre

14.0 1050.0 769.0 62.0 les Frãçois, par laquelle peu s’ẽ fallut qu’ils

14.0 1100.0 767.0 60.0 ne ſe ruinaſſent de fond en comble les vns

14.0 1155.0 773.0 55.0 les autres, ainſi comme Aimoin. recite au 4.

13.0 1197.0 769.0 62.0 liu. chap.5o. & enſuyuants. Qui plus eſt, l’au

15.0 1247.0 763.0 66.0 teur du liure, qui eſt intitulé, l’Eſtat du Roy

14.0 1297.0 768.0 62.0 aume de France, à l’endroit où il fait mẽtion

15.0 1347.0 762.0 63.0 de Dagobert 2. en parle ainſi. Les François,

16.0 1397.0 762.0 64.0 dit il, ne pouuans plus ſupporter les façons

16.0 1445.0 761.0 62.0 de faire furieuſes & forcenees de ceſte fem¬

15.0 1495.0 766.0 76.0 me Plectrude, & voyant que c’eſtoit folie à
