1023 1853
230.0 55.0 84.0 57.0 190

372.0 45.0 494.0 61.0 DE LA GAVLE

231.0 131.0 765.0 33.0 eux de s attendre au Roy Dagobert, eleurẽt

232.0 158.0 763.0 58.0 Roy vn nommé Daniel, qui auoit eſté moi¬

228.0 207.0 762.0 58.0 ne, & luy impoſerent le nom de Chilperic,

229.0 256.0 765.0 59.0 laquelle hiſtoire nous auons touché en paſ¬

228.0 304.0 768.0 60.0 ſant en quelque endroit cy deſſus. Mais con¬

228.0 359.0 767.0 53.0 ſiderons encore les autres qui gouuernerent

229.0 404.0 763.0 58.0 depuis. Comme la vefue du Roy Loys ſur¬

228.0 453.0 765.0 59.0 nommé le Debonnaire, ou pluſtoſt le De¬

228.0 506.0 766.0 55.0 uot, nommee Iudith. Laquelle eſtoit mere

228.0 553.0 763.0 55.0 de Charles le Chauue, qui ne fut pas Roy

228.0 604.0 764.0 55.0 de France ſeulement, mais auſsi Empereur

228.0 650.0 766.0 61.0 d’Italie & d’Alemaigne. Ceſte cy ietta ſon

227.0 701.0 766.0 59.0 mary le Roy Loys & ſes enfans en vne treſ¬

228.0 749.0 766.0 63.0 dãgereuſe guerre: & de là proceda la malheu

227.0 802.0 765.0 58.0 reuſe conſpiration qu’ils firent contre leur

229.0 849.0 762.0 62.0 pere, laquelle tira ſi auant, qu’ils le contrai¬

228.0 898.0 764.0 61.0 gnirent de ſe demettre de ſon Empire, & de

225.0 950.0 768.0 55.0 leur quitter & reſigner ſa dignité Royale au

225.0 1000.0 767.0 61.0 grand dommage de tout l’Empire. Les hi¬

225.0 1049.0 769.0 51.0 ſtoriens mettent la coulpe de tous les maux

226.0 1099.0 767.0 58.0 qui en aduindrent ſur ceſte Royne mere Iu

224.0 1147.0 768.0 61.0 dith: dequoy ie puis alleguer pour teſmoins

226.0 1195.0 767.0 61.0 l’Abbé d’Vrſperg, Michel Rits, & Otton

224.0 1245.0 769.0 61.0 Friſing.au 34. chap. de ſa 5. Chron. Loys, dit

224.0 1294.0 768.0 62.0 il, fut dechaſſé de ſon Royaume par les ma¬

223.0 1346.0 770.0 55.0 licieuſes menees & vicieux deportemens de

223.0 1393.0 768.0 56.0 ſa femme Iudith. Et Rhegino en la Chron.

223.0 1444.0 766.0 60.0 de l’an 838. en eſcrit tout autant: Loys, dit¬

223.0 1491.0 766.0 75.0 il, fut demis de ſa dignité Imperiale par les

874.0 1546.0 109.0 59.0 ſiens,
