1023 1853
162.0 49.0 443.0 60.0 FRANCOISE.

718.0 57.0 65.0 61.0 191

15.0 121.0 768.0 48.0 ſiens, & mis en eſtroite priſon  & ſon fils Lo

17.0 159.0 769.0 58.0 thaire inueſty de ſon Royaume, par l’electiõ

17.0 210.0 770.0 59.0 des François. Ceſt abaiſſement & depoſi¬

18.0 260.0 771.0 58.0 tion luy aduint pour la plus part, à raiſon

18.0 308.0 770.0 57.0 des actes impudiques & diſſolutiõs de luxu¬

19.0 360.0 770.0 56.0 re, eſquelles ſe plongeoit ordinairement ſa

18.0 407.0 770.0 58.0 femme Iudith. Long temps apres eut la Re¬

22.0 459.0 765.0 55.0 gence, la Royne Blanche, mere du Roy

21.0 508.0 769.0 57.0 Sainct Loys, Heſpagnole de nation. Mais

20.0 556.0 769.0 57.0 auſsi toſt qu’elle eut pris le gouuernement

19.0 607.0 768.0 54.0 entre ſes mains, les Princes de France prin¬

22.0 655.0 767.0 58.0 drent les armes, ayans pour Chef Philippe

24.0 706.0 765.0 54.0 Comte de Bolongne, oncle du Roy: & (ainſi

21.0 756.0 769.0 53.0 comme l’a laiſſé par eſcrit Ian de Ionuille

20.0 801.0 770.0 61.0 auteur ſuffiſant, & digne de croire) diſoyent

20.0 853.0 771.0 57.0 hautement, que ce n’eſtoit point choſe qu’il

20.0 901.0 771.0 59.0 falluſt ſouffrir, que la grandeur du Royau¬

21.0 953.0 764.0 54.0 me de France fuſt gouuernee par vne fẽme,

23.0 1008.0 767.0 51.0 voire encore qui eſtoit eſtrangere. Au mo¬

25.0 1055.0 763.0 54.0 yen dequoy, les Princes ayans oſté celle au¬

22.0 1101.0 769.0 55.0 torité à la Royne Blanche, eleurent le Com

23.0 1151.0 768.0 58.0 te Philippe, Regent & adminiſtrateur du

24.0 1203.0 767.0 53.0 Royaume, pendant la minorité du Roy. Ce

21.0 1250.0 770.0 59.0 neantmoins tant s’en fallut, que Blãche vou

23.0 1301.0 766.0 55.0 luſt rien ceder de ceſte autorité, que pour

24.0 1350.0 766.0 57.0 s’y maintenir, elle entreprit de ſe munir &

22.0 1397.0 767.0 58.0 fortifier de ſecours & d’alliances eſtrange¬

22.0 1452.0 768.0 54.0 res, & nommément pratiqua d’auoir celle

25.0 1496.0 763.0 71.0 de Ferdinand Roy d’Heſpagne. De l’autre
