1023 1853
231.0 51.0 82.0 56.0 192

381.0 41.0 498.0 60.0 DE LA GAVLE

231.0 123.0 765.0 39.0 coſté auſsi le Duc de Bretaigne, & le Com¬

231.0 154.0 764.0 54.0 te d’York, ioignirent leurs forces auec cel¬

230.0 203.0 767.0 61.0 les du Comte Philippe, & ſurprindrẽt quel¬

230.0 257.0 768.0 55.0 ques villes au deſprouueu, & y mirent garni

227.0 304.0 769.0 57.0 ſons: ce que raconte Ionuille, au 5. chap. de

227.0 352.0 769.0 58.0 l’hiſt. de S. Loys: Ainſi pourautant qu’vne

228.0 403.0 769.0 57.0 Royne mere auoit lors vſurpé, & vouloit en

228.0 453.0 766.0 57.0 core retenir par force la Regence du Roy¬

227.0 503.0 768.0 57.0 aume, de là s’alluma vne grande guerre ci¬

229.0 551.0 765.0 58.0 uile en France. Si aduint lors, par cas d’ad¬

229.0 602.0 763.0 58.0 uenture, que le Roy vint iuſques à Eſtãpes,

228.0 652.0 763.0 59.0 où ſa mere l’auoit enuoyé pour voir ſon cãp

228.0 703.0 766.0 52.0 & s’accouſtumer à l’exercice des armes: de¬

231.0 752.0 763.0 53.0 quoy les Princes aduertis, tirerent tous la

228.0 799.0 766.0 60.0 part où eſtoit le Roy: non pas pour l’offen¬

227.0 852.0 767.0 55.0 ſer, ou pour luy faire violence aucune (dit

226.0 899.0 766.0 57.0 Ionuille) mais (cõme il aſſeure luy-meſme)

227.0 949.0 766.0 58.0 pour le tirer de la puiſſance & ſuiection de

223.0 999.0 770.0 58.0 ſa mere. Elle qui eſtoit demeuree à Paris,

224.0 1050.0 770.0 54.0 en ſcent les nouuelles, & ſoudain fit armer

223.0 1099.0 768.0 49.0 les Pariſiens, & leut commanda d’aller vers

224.0 1148.0 769.0 55.0 Eſtampes au ſecours du Roy. Mais à grand

225.0 1201.0 764.0 55.0 peine eſtoyent ils encore à Mont-lhery,

223.0 1248.0 768.0 59.0 que le Roy depeſtré de ceux qui le tenoyent

222.0 1297.0 771.0 54.0 aſsiegé, s’en vint vers eux, & s’en retourna

223.0 1348.0 769.0 58.0 quand & eux à Paris. Mais Philippe voyant

222.0 1396.0 770.0 59.0 que les forces qu’il auoit, n’eſtoyent point

221.0 1447.0 771.0 55.0 ſuffiſantes pour maintenir ſon droit, attira

221.0 1495.0 772.0 69.0 à ſon party la Royne de Cypre, qui auoit

821.0 1551.0 168.0 65.0 quelques
