1023 1853
161.0 39.0 455.0 60.0 FRANCOISE.

712.0 37.0 65.0 60.0 193

13.0 95.0 767.0 70.0 quelques affaires dãs le Royaume: laquelle

12.0 143.0 773.0 70.0 ſe iettãt dans la Champaigne, alla gaſtant &

18.0 191.0 767.0 68.0 deſtruiſant tout le plat pays. Nonobſtant

18.0 247.0 765.0 68.0 toutes ces calamitez, Blanche ne laiſſa pas

17.0 293.0 766.0 74.0 de perſiſter touſiours en ſon opinion. Par¬

21.0 340.0 767.0 73.0 quoy les Princes à la fin firent venir vn ſe¬

22.0 392.0 770.0 71.0 cours d’Anglois dedans le Royaume, qui

17.0 444.0 770.0 72.0 firent de grans maux par toute la Guien¬

18.0 495.0 771.0 66.0 ne & tout le long de celle coſte marine:

18.0 542.0 777.0 70.0 mais qu’il ſoit vray, que tous ces maux &

20.0 592.0 772.0 70.0 deſolations du Royaume, ne ſoyent adue¬

20.0 642.0 778.0 70.0 nues par autre moyen, que par l’ambition

21.0 692.0 775.0 69.0 & fiere opiniaſtreté de ceſte Royne mere¬

23.0 745.0 774.0 69.0 là, il appert par ce qu’en raconte bien au

23.0 791.0 776.0 70.0 long, le Sieur de Ionuille, au chapitre ſixie¬

24.0 841.0 783.0 69.0 me, ſeptieme, huictieme, neufuieme, & di¬

25.0 891.0 778.0 71.0 xieme. Mais pourautant que nos François

28.0 946.0 773.0 61.0 ont toute autre opinion que celle cy du na¬

30.0 991.0 772.0 66.0 turel & des conditions de ceſte Blanche, e¬

29.0 1040.0 778.0 68.0 ſtans deſia preoccupez (comme il eſt bien

31.0 1091.0 778.0 70.0 croyable) par les flateries & menſonges de

31.0 1142.0 778.0 68.0 ceux qui ont enregiſtré les hiſtoires de ce

35.0 1192.0 774.0 69.0 temps là (car tous les hiſtoriens preſque

35.0 1242.0 772.0 69.0 ont accouſtumé d’eſpargner les Roynes

35.0 1294.0 778.0 64.0 meres & de n’en parler que bien ſobremẽt

37.0 1344.0 776.0 67.0 & au plus loin de la verité qu’ils peuuent,

36.0 1393.0 776.0 65.0 ſoit qu’ils craignent d’encourir leur mau¬

39.0 1440.0 785.0 70.0 uaile grace, & d’en eſtre punis à la fin, ſoit

40.0 1491.0 773.0 79.0 qu’ils craignent de bleſſer la reputation des

642.0 1551.0 37.0 60.0 n
