1023 1853
211.0 48.0 73.0 49.0 194

376.0 35.0 472.0 64.0 DE LA GAVLE

207.0 126.0 772.0 41.0 Roys leurs fils ) tant y à qu’il ne faut point

205.0 147.0 773.0 68.0 icy oublier ce qu’en dit le meſme auteur de

205.0 196.0 775.0 69.0 Ionuille au trenteſixieme chapitre. Car il

202.0 248.0 775.0 63.0 recite, qu’elle maiſtriſoit ſi fort & tenoit en

202.0 295.0 774.0 72.0 ſi grande ſuiection ſon fils, que pour crain¬

202.0 348.0 774.0 65.0 te qu’il auoit d’elle, il ſe reſerroit iuſques

199.0 395.0 775.0 71.0 là, qu’il n’oſoit ſe trouuer que bien peu ſou¬

200.0 448.0 772.0 66.0 uent en la compagnie de ſa femme pour de¬

198.0 495.0 776.0 67.0 uiſer & paſſer le temps auec elle, à raiſon

197.0 548.0 775.0 65.0 de ce que ſa mere luy vouloit mal: Et quãd

196.0 597.0 768.0 69.0 il aduenoit, que le Roy alloit par les chãps,

194.0 645.0 777.0 65.0 ſa mere Blanche commãdoit au Mareſchal

195.0 695.0 773.0 68.0 des logis, de faire le logis de la Royne à

195.0 748.0 774.0 64.0 part, & ſeparé de celuy du Roy: de ſorte

195.0 796.0 775.0 66.0 que ſi le Roy vouloit aucunefois aller de

193.0 845.0 772.0 66.0 nuict voir ſa femme à la deſrobee, il fai¬

190.0 896.0 772.0 67.0 ſoit tenir les portiers au guet, & leur com¬

189.0 949.0 775.0 60.0 mandoit de batre leurs chiens atout vn ba¬

188.0 995.0 776.0 67.0 ſton, s’ils apperceuoyent venir ſa mere: afin

189.0 1044.0 775.0 68.0 qu’à leur cry il entendiſt qu’elle eſtoit là, &

188.0 1096.0 777.0 64.0 qu’il ſe falloit cacher. Mais cela n’eſtoit en¬

184.0 1146.0 775.0 65.0 core riẽ au pris de ce qu’elle luy ſit vn iour.

186.0 1196.0 773.0 64.0 Car il auint (ainſi que dit I. de Ionuille) que

184.0 1245.0 775.0 66.0 la Royne Marguerite, eſtant de nagueres

183.0 1299.0 774.0 59.0 accouchee, & n’eſtant encore releuee de

180.0 1344.0 775.0 70.0 ſa couche, le Roy pour l’amitié qu’il luy por

181.0 1397.0 777.0 63.0 toit, la vint voir, mais il ne fut pas ſi toſt

178.0 1448.0 775.0 65.0 entré, que voicy ſa mere apres luy. Le Roy

177.0 1497.0 770.0 80.0 aduerty par le cry des chiens qu’on battoit,

809.0 1555.0 135.0 56.0 ſe reti¬
