1023 1853
254.0 123.0 743.0 43.0 me Polybius auteur graue & de bon iuge

242.0 150.0 759.0 64.0 ment l’a pertinemment monſtré: Ainſi dõc

240.0 205.0 758.0 57.0 ie tien cecy pour vne choſe toute reſolue,

240.0 250.0 761.0 62.0 que la vraye cauſe & la premiere ſource

237.0 298.0 763.0 60.0 d’où tant de maux ſont iſſus, n’eſt autre cho

236.0 345.0 764.0 71.0 ſe que la profonde playe que luy fit il y a cẽt

234.0 402.0 763.0 62.0 ans ou enuiron, celuy qui entreprit le pre¬

234.0 447.0 763.0 64.0 mier de renuerſer les bonnes loix & ſtatuts

233.0 496.0 760.0 65.0 de nos anceſtres. Parquoy m’eſt bien aduis,

232.0 547.0 763.0 65.0 que tout ainſi comme, ſi nous auons heurté

228.0 595.0 765.0 70.0 rudement contre quelque pierre, & que

228.0 649.0 767.0 62.0 nous nous ſoyons offenſez au bras, ou à la

227.0 697.0 760.0 69.0 iambe, ou en quelque autre partie du corps,

225.0 753.0 766.0 59.0 nous ne pouuons eſtre guaris, que premie¬

225.0 793.0 765.0 64.0 rement les iointes des membres denouez &

224.0 840.0 768.0 63.0 deboitez ne ſoyent re miſes en leur natureſ:

223.0 891.0 769.0 69.0 ainſi auſsi pourrons nous lors eſperer, que

222.0 942.0 765.0 66.0 le gouuernement de noſtre choſe publique

222.0 990.0 770.0 69.0 ſe portera bien, quand il ſera remis en ſon

221.0 1043.0 766.0 63.0 ancien, & comme naturel eſtat par quél¬

221.0 1092.0 766.0 63.0 que ſinguliere grace & faueur de Dieu. Et

222.0 1140.0 767.0 67.0 pourautant que voſtre Excellencé s’eſt touſ

220.0 1193.0 766.0 59.0 iours monſtree gracieuſe & fauorable en¬

220.0 1241.0 765.0 63.0 uers noſtre patrie, & les gens de noſtré na¬

220.0 1294.0 760.0 63.0 tion, i’ay penſé, que ie ne vous en ſcauroy

219.0 1338.0 767.0 70.0 faire meilleure ny plus aggreable recognoiſ

219.0 1394.0 762.0 60.0 ſance, qu’en vous preſentãt ce mien labeur,

218.0 1439.0 766.0 63.0 qui eſt en ſomme vn brief recueil de nos loix

219.0 1489.0 765.0 81.0 & couſtumes ancienés, & de ce qui eſt le

904.0 1550.0 80.0 70.0 plus
