1023 1853
166 59 450 55 FRANCOISE.

722.0 68.0 54.0 56.0 195

18.0 137.0 768.0 39.0 ſe retira habilement, ſe cacha en la ruelle

18.0 165.0 769.0 59.0 du lict, & s’enueloppa dẽs courtines. Elle

17.0 214.0 769.0 61.0 ſachant bien qu’il y eſtoit, le cercha par

19.0 266.0 767.0 55.0 tout, & l’ayant à la fin trouué à taſtons le

19.0 315.0 767.0 61.0 prit, & en la preſencé de tous ceux qui e¬

18.0 370.0 769.0 53.0 ſtoyent là, le mit hors de la chambre par les

20.0 414.0 766.0 59.0 eſpaules, en luy diſant vous n’auez que faire

18.0 464.0 767.0 54.0 icy, Deuant. L’accouchee ayant veu deuant

19.0 514.0 762.0 58.0 ſes yeux faire vne telle indignité à ſon ma¬

20.0 566.0 765.0 57.0 ry, & ne pouuant ſupporter vn ſi orgueil¬

23.0 615.0 762.0 53.0 leux meſpris, s’eſuanouit & tomba toute

21.0 662.0 762.0 58.0 paſmee entre les bras de ſes damoiſelles: de

20.0 713.0 765.0 57.0 ſorte que les Dames de chambre & autres

23.0 763.0 766.0 58.0 qui luy aſsiſtoyent, coururent viſtement

19.0 814.0 768.0 58.0 rappeller le Roy, lequel s’y en retourna: &

20.0 864.0 766.0 55.0 incontinent qu’il fut r’entré, la Royne re¬

24.0 913.0 763.0 56.0 prit ſes eſprits & ſe reuint de ceſte paſmoi¬

19.0 964.0 769.0 57.0 ſon. Voila proprement comme le raconte

20.0 1014.0 765.0 56.0 le Sieur de Ionuille au ſeptante & ſixieme

20.0 1060.0 767.0 61.0 chapitre de l’hiſtoire de la vie du Roy Loys

19.0 1112.0 764.0 54.0 neufuieme, ſurnommé Sainct Loys. Quel¬

21 1161 766 60 que temps apres, eut auſsi la Regence Iſa¬

20 1209 768 63 bel femme de Charles ſixieme, lors qu’il

19 1261 769 54 fut deuoyé de ſon entendement. Car auant

24 1311 763 58 que l’adminiſtration peuſt eſtre miſe en¬

21 1360 766 59 tre les mains de quelques deputez par l’au¬

22 1408 766 62 torité des Eſtats, il s’eſmeut, par lès menees

23 1459 766 62 & par l’ambition de quelques vns, de grans

23 1510 766 68 debats & de piteux troubles par tout le

570.0 1570.0 89.0 56.0 n 2
