1023 1853
212.0 52.0 71.0 53.0 196

349.0 43.0 496.0 67.0 DE LA GAVLE

203.0 129.0 775.0 44.0 Royaume, leſqueis furent appaiſez par ſix

202.0 156.0 774.0 65.0 fois, & par ſix fois recommencez. Finable¬

201.0 207.0 774.0 64.0 ment Iſabel eſtant chaſſee de Paris, ſe reti¬

202.0 257.0 773.0 65.0 ra à Chartres, où elle trouua tout à propos

203.0 305.0 772.0 69.0 vn Philippe de Moruilliers, homme exercé

198.0 360.0 774.0 63.0 aux ruſes & pratiques de la Cour, qui luy

195.0 407.0 778.0 64.0 ſeruoit de Cour de Parlement, de Lieute¬

195.0 457.0 777.0 65.0 nant & de Chancelier tout enſemble. Et

198.0 503.0 776.0 69.0 par ſon conſeil, fit faire vn contre-ſeel du

194.0 556.0 777.0 66.0 Roy, & y fit engrauer ſon effigie toute droi¬

192.0 608.0 776.0 66.0 te, ayant les bras tendus contre terre. Et

190.0 657.0 779.0 66.0 aux letres patentes qui s’expedioyent en

188.0 705.0 780.0 68.0 ſon nom, elle vſoit de ce titre: Iſabel, par la

190.0 757.0 777.0 68.0 grace de Dieu Royne de France: ayant l’ad¬

186.0 809.0 778.0 63.0 miniſtration & gouuernement de ce Roy¬

185.0 857.0 781.0 64.0 aume, à cauſe de l’indiſpoſition de Mon¬

185.0 905.0 778.0 65.0 ſeigneur le Roy. Mais les affaires de Fran¬

184.0 958.0 776.0 58.0 ce, eſtans tombees en vne extreme confu¬

179.0 1005.0 780.0 68.0 ſion, & l’eſtat de la choſe publique preſque

179.0 1056.0 783.0 64.0 tout gaſté & perdu, La Regente Iſabel fut

178.0 1104.0 780.0 67.0 enuoyee à Tours par l’aduis des Eſtats, &

178.0 1161.0 774.0 59.0 quatre Curateurs furent ordonnez pour re¬

176.0 1205.0 776.0 63.0 tenir ceſte mauuaiſe beſte recluſe & cachee

175.0 1254.0 775.0 65.0 à la maiſon, & prendre garde qu’elle ne

176.0 1306.0 769.0 62.0 peuſt auoir le maniement d’aucun affaire,

172.0 1354.0 777.0 64.0 ny eſcrire vn ſeul mot de letre ſans leur con

175.0 1407.0 769.0 60.0 gé. L’hiſtoire de tout cecy ſe treuue dedui¬

169.0 1455.0 773.0 70.0 teau long par Monſtrellet aux chapitres 161.

171.0 1501.0 423.0 75.0 & 168. de ſa Chronique.

829.0 1565.0 109.0 73.0 ¶ Des
