1023 1853
86.0 108.0 709.0 56.0 ¶ Des Parlemens & ſieges iudiciaux de

165.0 150.0 149.0 61.0 France.

188.0 37.0 447.0 57.0 FRANCOISE.

32 491 188 71 S

732.0 49.0 60.0 48.0 197

241.0 240.0 324.0 70.0 CHAP. XX.

249.0 336.0 549.0 70.0 OVS le meſme Regne des de¬

246.0 394.0 554.0 61.0 ſcendans de Hugues Capet, il

244.0 441.0 556.0 66.0 s’eſt eleué vn Eſtat incognu à

245.0 491.0 558.0 66.0 nos anceſtres, qu’õ ne ſcauroit

29.0 542.0 772.0 64.0 mieux appeller qu’vn Royaume de Plaide¬

30.0 592.0 771.0 62.0 rie, qui ne merite pas que ie l’oublie icy, à

31.0 642.0 772.0 61.0 raiſon de l’incroyable ſubtilité & ſinguliere

31.0 690.0 770.0 63.0 induſtrie des ſuppoſts artiſans de ce meſtier

31.0 743.0 771.0 59.0 là, & des bons ouuriers qui s’en meſſent, &

35.0 794.0 769.0 61.0 qui eſt telle, que les ſiecles precedens n’ont

32.0 843.0 772.0 57.0 rien veu ny entendu de ſemblable. Il y a don

35.0 892.0 768.0 61.0 ques auiourdhuy vne ne ſcay quelle maniere

35.0 942.0 764.0 63.0 de gens, qui a la vogue par toute la France,

35.0 990.0 766.0 64.0 que les vns appellent gens de Iuſtice, les au¬

35.0 1040.0 766.0 62.0 tres Praticiens: leſquels depuis trois cens

35.0 1092.0 767.0 60.0 ans en ça ou enuiron, ont ſi bien ſceu iouer

37.0 1136.0 764.0 69.0 leur perſonnage, & ont fait tant de bons

38.0 1190.0 765.0 64.0 tours d’habilité & de ſouppleſſe, qu’ils ont

36.0 1238.0 764.0 67.0 non ſeulement mis ſous leurs pieds & ſup¬

38.0 1287.0 764.0 68.0 planté toute l’autorité du Concile des E¬

37.0 1337.0 768.0 66.0 ſtats (telle qu’elle a eſté declaree cy deſſus)

38.0 1388.0 769.0 60.0 mais auſsi ont contraint tous les Princes

40.0 1439.0 770.0 63.0 du Royaume, voire meſmes la Maieſté

45.0 1485.0 760.0 79.0 du Roy de paſſer ſous leur main, & de s’hu¬

599.0 1556.0 79.0 54.0 n 3
