1023 1853
211.0 30.0 75.0 61.0 198

346.0 26.0 496.0 65.0 DE LA GAVLE

206.0 94.0 764.0 64.0 milier ſous leur grandeur. Au moyen de¬

208.0 143.0 763.0 59.0 quoy on voit que preſque la tierce part des

205.0 191.0 765.0 59.0 citoyens & habitans des villes, où ce Royau

205.0 240.0 764.0 63.0 me icy de Proces a planté ſon ſiege, affrian¬

203.0 290.0 765.0 62.0 dee par l’emorche du grand profit qui en re

203.0 341.0 766.0 62.0 uient, ne s’adonne à autre eſtude ne vacatiõ

206.0 387.0 762.0 69.0 qu’à ce bel art de chicanerie; dequoy le Pa¬

202.0 438.0 761.0 65.0 lais de Paris peut fournir preuue ſuffiſante,

203.0 493.0 764.0 58.0 qui emporte le prix de cela ſur toutes les au

198.0 539.0 770.0 65.0 tres villes. Car ſi vous demeurez ſeulement

200.0 591.0 764.0 61.0 trois iours dans Paris, vous iugerez inconti¬

198.0 639.0 762.0 66.0 nent que plus de la tierce part des habitãs,

197.0 689.0 767.0 64.0 ne ſe meſle d’autre meſtier que de pratique

197.0 738.0 768.0 63.0 & de proces. Auſsi voit-on que l’aſſemblee

197.0 786.0 767.0 68.0 & le Conſeil de ces Praticiens & Plaideurs

207.0 837.0 758.0 64.0 (qu’on appelle la Cour ſouueraine de Par¬

196.0 886.0 767.0 66.0 lement) a acquis telle autorité & s’eſt ſi ex¬

195.0 937.0 768.0 66.0 ceſſiuement accreuë, qu’on ne iugeroit pas

196.0 988.0 768.0 64.0 que ce fuſt vn Senat & vne congregation de

197.0 1036.0 766.0 62.0 Conſeillers, mais, comme diſoit Cineas

194.0 1082.0 768.0 70.0 ambaſſadeur du Roy Pyrrus, parlant du Se¬

193.0 1136.0 770.0 66.0 nat Romain, qu’elle ſemble proprement à

196.0 1183.0 763.0 69.0 la voir vn Conſiſtoire de pluſieurs Roys,

195.0 1238.0 766.0 65.0 ou de pluſieurs Satrapes. Car ceux qui y

195.0 1285.0 767.0 66.0 ſont vne fois receus, quoy qu’ils ſoyent iſſus

196.0 1334.0 766.0 66.0 de petit lieu, depuis qu’ils y ont vne fois mis

196.0 1388.0 766.0 59.0 le pied, en moins de quatre ou cinq ans, a¬

196.0 1434.0 762.0 61.0 maſſent tant de biens & tant de richeſſes,

199.0 1480.0 760.0 95.0 qu’ils deuienent comme de petits Roys. Les

835.0 1553.0 123.0 46.0 autres
