1023 1853
180.0 39.0 447.0 54.0 FRANCOISE.

710.0 40.0 78.0 50.0 199

27.0 110.0 769.0 44.0 autres villes enuieuſes & ialouſes de ceſt

24.0 137.0 771.0 65.0 accroiſſement, ont fait tout leur effort d’a¬

26.0 188.0 769.0 69.0 uoir de ſemblables ſieges de Iuſtice: de ſor¬

27.0 240.0 768.0 67.0 te que deſia on conte ſept de ces Cours ſou¬

29.0 290.0 768.0 65.0 ueraines & Parlemens erigez en France, és

28.0 339.0 768.0 63.0 villes de Paris, de Thoulouſe, de Rouen, de

29.0 391.0 769.0 62.0 Grenoble, de Bourdeaux, d’Aix, & Diion:

31.0 437.0 766.0 65.0 qui ſont tous arreſtez & ſedentaires. Et le

29.0 490.0 764.0 62.0 huictieme qui eſt mobile & ambulatoire,

30.0 537.0 765.0 70.0 n’ayãt point de ſiege arreſté en certaine vil¬

28.0 586.0 770.0 69.0 le, qu’on appelle le Grand Conſeil. Voila

28.0 638.0 770.0 66.0 les principaux ſieges & gouuernemens de

28.0 686.0 768.0 68.0 ce Royaume de Plaiderie, au deſſous deſ¬

31.0 740.0 768.0 59.0 quels il y en a encore d’autres moindres,

31.0 786.0 766.0 66.0 qui taſchent bien autant, qu’il leur eſt poſ¬

26.0 834.0 772.0 67.0 ſible, d’attaindre à la grandeur & hauteſſe

31.0 888.0 767.0 66.0 de ces premiers: & les appelle on com¬

28.0 936.0 771.0 65.0 munement Sieges preſidiaux. Brief l’in¬

30.0 986.0 770.0 63.0 fection & la contagion de ceſte maladie

35.0 1036.0 761.0 64.0 peſtilente eſt ſi auant fichee & enracinee,

31.0 1087.0 767.0 63.0 & ſi largement eſpandue par tout le corps

32.0 1135.0 768.0 63.0 de ce Royaume, que tout ainſi comme la

33.0 1184.0 768.0 65.0 plus part des Aegyptiens eſtoit contrain¬

32.0 1236.0 771.0 62.0 te de s’occuper à eleuer des Pyramides, &

32.0 1286.0 772.0 61.0 autres baſtimens d’enorme & d’exceſsiue

32.0 1336.0 767.0 65.0 grandeur pour le plaiſir de leurs Tyrans,

31.0 1383.0 771.0 69.0 auſsi auiourdhuy la plus grande partie du

38.0 1437.0 762.0 61.0 peuple de France, ne s’employe à autre

33.0 1486.0 758.0 78.0 meilleure occupation, qu’à mener proces

581.0 1550.0 85.0 57.0 n 4
