1023 1853
218.0 29.0 84.0 59.0 200

365.0 35.0 505.0 60.0 DE LA GAVLE

213.0 113.0 780.0 47.0 dreſſer calomnies, & gratter le papier.

217.0 141.0 774.0 67.0 Quant à ce mot de Parlement qu’on a don¬

214.0 191.0 771.0 70.0 né à ces principaux ſieges de Iudicature,

213.0 247.0 776.0 59.0 en noſtre ancien langage François, il ne ſi¬

213.0 291.0 776.0 68.0 gnifie autre choſe, qu’vn colloque & con¬

211.0 342.0 776.0 67.0 ference de pluſieurs perſonnes aſſemblees

210.0 394.0 775.0 64.0 & amaſſees en vn certain lieu, pour trai¬

209.0 441.0 778.0 64.0 ter & conſulter enſemble d’affaires publi¬

211.0 492.0 772.0 68.0 ques: de ſorte que les vieilles Chroniques

209.0 543.0 775.0 67.0 appellent touſiours Parlement vn Collo¬

209.0 593.0 773.0 67.0 que & vn pour parler qui eſt ſignifié & pro¬

208.0 642.0 773.0 69.0 mis de la part de deux Princes ou de deux

211.0 691.0 770.0 67.0 Chefs de guerre, quand ils veulent traiter

205.0 741.0 779.0 68.0 & capituler quelque paix enſemble. Et

202.0 791.0 781.0 65.0 auſsi par meſme raiſon, le Concile general

202.0 838.0 778.0 72.0 des Eſtats en vieux François s’appelloit Par

202.0 890.0 778.0 68.0 lement, qui auoit telle puiſſance & au¬

202.0 939.0 779.0 66.0 torite, comme il a eſté monſtré. Mais les

198.0 989.0 781.0 69.0 Roys de la maiſon de Capet, pour la faire

200.0 1045.0 780.0 61.0 fener peu à peu, & à la fin la faire per¬

198.0 1090.0 782.0 66.0 dre du tout, ſubſtituerẽt, vn certain nombre

197.0 1141.0 781.0 60.0 de Cõſeillers au lieu de ceſte aſſemblee d’E¬

198.0 1191.0 779.0 63.0 ſtats, & luy oſterent ce nom venerable de

195.0 1241.0 781.0 65.0 Parlement, pout le donner à ce cõſeil qu’ils

195.0 1291.0 783.0 64.0 auoyent fait à leur poſte: & au demeurãt l’en

194.0 1341.0 783.0 62.0 uironnerent d’vne merueilleuſe autorité, &

195.0 1389.0 780.0 70.0 luy donnerent de grandes prerogatiues. Car

197.0 1444.0 776.0 65.0 premierement ils ordonnerent, qu’il ny au¬

192.0 1491.0 780.0 77.0 roit loy ny ordõnance Royale qui fuſt vala¬

888.0 1549.0 80.0 69.0 ble,
