1023 1853
194.0 43.0 450.0 54.0 FRANCOISE.

732.0 43.0 70.0 54.0 201

29.0 98.0 771.0 61.0 ble, que premierement elle n’euſt eite ap¬

31.0 151.0 773.0 56.0 prouuee, verifiee & autoriſee par ces Con¬

29.0 197.0 775.0 63.0 ſeillers icy: ſecondement qu’il ny auroit Ma

31.0 248.0 771.0 59.0 giſtrat en toute la France ny ciuil ny mili¬

28.0 296.0 773.0 56.0 taire, qu’il ne falluſt qu’il fuſt inſtallé & mis

28.0 346.0 778.0 62.0 en poſſeſſion de ſon Eſtat par ceſte Cour &

31.0 399.0 771.0 56.0 qui ne preſtaſt ſerment entre leurs mains:

29.0 444.0 774.0 64.0 puis qu’il ne fuſt loiſible d’appeller de leurs

26.0 499.0 777.0 56.0 iugemens & ſentences: mais que leurs areſts

26.0 545.0 776.0 60.0 fuſſent fermes & irreuocables. Finablement

26.0 604.0 776.0 56.0 toute la prerogatiue, toute la puiſſance &au

26.0 649.0 774.0 56.0 torité dont auoit iouy par tant d’annees le

30.0 695.0 768.0 58.0 Concile des Eſtats, ainſi qu’il a eſté mõſtré,

27.0 747.0 772.0 56.0 ce Parlement ſuppoſé l’a toute tiree & vſur

27.0 796.0 771.0 60.0 pee à ſoy: & pour s’y maintenir a donné or¬

26.0 845.0 771.0 60.0 dre que les Roys fuſſent de la compagnie,

25.0 896.0 774.0 57.0 au moins ceux qu’ils ont eſtimez ne deuoir

25.0 945.0 774.0 57.0 eſtre contraires à leurs deſſeins. Parquoy ar

24.0 994.0 775.0 55.0 reſtons-nous vn peu icy & conſiderõs quels

24.0 1045.0 773.0 58.0 en ont eſté les premiers fondemens & les

24.0 1093.0 773.0 61.0 moyens par leſquels il eſt paruenu à la puiſ¬

24.0 1146.0 774.0 58.0 ſance & grandeur où il ſe trouue maintenãt.

23.0 1195.0 775.0 57.0 Premierement donques fut baſty vn Palais

23.0 1243.0 775.0 61.0 Royal à Paris ſuperbe en magniſicẽce & ſom

25.0 1296.0 776.0 56.0 ptuoſité, par le commandement, comme di

23.0 1345.0 777.0 55.0 ſent aucuns, du Roy Loys Hutin ( nom qui

23.0 1393.0 777.0 59.0 ſignifie en vieux Frãçois mutin & quereleux

23.0 1445.0 774.0 60.0 & qui eſtoit tout propre à celuy qui le pre¬

23.0 1492.0 769.0 74.0 mier fit baſtir ce ſiege de proces & de quere¬

565.0 1559.0 101.0 62.0 n 5
