1023 1853
191.0 59.0 89.0 42.0 202

346.0 44.0 489.0 58.0 DE LA GAVLE

196.0 123.0 769.0 42.0 les)ou comme tienent d’autres, du Roy Phi¬

197.0 161.0 769.0 55.0 li ppe le Bel, enuiron l’an 1314. par l’entremi¬

196.0 207.0 769.0 57.0 ſe & conduite d’Enguerrant de Marigny

198.0 258.0 770.0 59.0 Conte de Longueuille, lequel quelque tẽps

195.0 306.0 773.0 57.0 depuis fut pendu au gibet, par arreſt du

196.0 356.0 772.0 56.0 Parlement, pour auoir deſrobé l’argent du

196.0 404.0 768.0 60.0 Roy. Mais comment que ce ſoit, ainſi com¬

196.0 455.0 767.0 58.0 me l’on raconte des anciens Roys d’AEgy¬

197.0 505.0 770.0 59.0 pte qu’ils employoyent leurs ſuiets à baſtir

196.0 556.0 771.0 55.0 & eleuer des Pyramides: & entre autres d’vn

193.0 603.0 773.0 58.0 nommé Chemnis, lequel aſſembla 360. mil¬

196.0 655.0 772.0 55.0 Ie ouuriers pour dreſſer vne Pyramide: auſſi

196.0 706.0 772.0 50.0 en peut-on autant dire des Roys de France

195.0 753.0 772.0 58.0 qui eſtoyẽt lors, qu’ils mirẽt en ſi grand hon

196.0 805.0 765.0 55.0 neur & reputation le meſtier de plaiderie,

197.0 854.0 769.0 57.0 que perſonne ne ſe voulut plus meſler d’au¬

196.0 905.0 772.0 55.0 tre choſe. Au demeurant voicy ce qu’en dit

198.0 952.0 767.0 57.0 Gaguin en la vie de Loys Hutin. Ceſluy

195.0 999.0 770.0 56.0 Loys Hutin, dit il, eſtablit & arreſta la Cour

197.0 1052.0 767.0 58.0 de Parlement à Paris pour y eſtre perpetuel¬

194.0 1100.0 771.0 61.0 le, afin que les plaideurs ne fuſſent plus diſcõ

194.0 1152.0 774.0 52.0 modez de changer ainſi ſouuent de lieu. Voi

197.0 1202.0 768.0 58.0 la ce qu’en dit Gaguin. Car quant à l’opiniõ

196.0 1251.0 770.0 58.0 de ceux qui rapportent l’introductiõ du Par

196.0 1300.0 769.0 56.0 lement ſtable & arreſté à Pepin ou à Char¬

197.0 1348.0 768.0 62.0 lemaigne, il ſera bien aiſé à iuger par ce que

196.0 1403.0 770.0 51.0 nous dirons maintenant, combien elle eſt

197.0 1450.0 767.0 55.0 impertinente. Car meſmes il y a encore au¬

198.0 1501.0 768.0 63.0 iourdhuy pluſieurs loiz & ordonnances fai¬

899.0 1557.0 64.0 49.0 tes
