1023 1853
155.0 40.0 446.0 62.0 FRANCOISE.

726.0 50.0 68.0 57.0 203

23.0 113.0 769.0 50.0 tes par Charlemaigne, où il n’eſt fait men¬

24.0 151.0 766.0 59.0 tion en ſorte que ce ſoit, ny de Parlement ny

25.0 199.0 769.0 63.0 de Cour ſouueraine: mais ſeulemẽt y eſt or¬

26.0 250.0 768.0 59.0 donné que les officiers de Iuſtice tienẽt les

28.0 298.0 771.0 64.0 plaids en certains lieux, & qu’il ſe face des aſ

25.0 348.0 771.0 62.0 ſemblees generales, qu’il appelle (Placita) à

25.0 401.0 769.0 59.0 la mode de ce temps-la:comme au 35. chap.

26.0 448.0 770.0 61.0 du 4. liu, de la loy Francique, où il y a ces

26.0 500.0 770.0 60.0 mots. Qu’il face tenir ſeulement trois gene¬

26.0 546.0 772.0 61.0 rales aſſemblees l’annee:ſinon que d’auentu

26.0 600.0 770.0 59.0 re quelcun ſoit accuſé, ou que quelcun accu¬

26.0 648.0 770.0 58.0 ſe vn autre, ou quelcun ſoit appellé pour rẽ¬

28.0 697.0 770.0 61.0 dre teſmoignage, &c. Ily a encore pluſieurs

27.0 746.0 770.0 59.0 autres loix de ce meſme Roy qui ſont de pa¬

27.0 794.0 771.0 62.0 reille ſubſtance: & dont on peut aiſément

28.0 849.0 770.0 56.0 iuger qu’il ny auoit pas telle quantité de pro

27.0 896.0 772.0 60.0 ces qu’il y a auiourdhuy. De moy ie tiẽ pour

27.0 946.0 773.0 60.0 choſe aſſeuree, ce que quelques vns ont deſia

27.0 995.0 772.0 59.0 eſcrit, que le premier qui a eſclos vne ſi grã¬

27.0 1043.0 776.0 62.0 de couuee de proces, de calomnies, & de chi

28.0 1094.0 773.0 56.0 caneries fut le Pape Clement V.qui du tẽps

28.0 1140.0 774.0 67.0 de Philippe le Bel tranſporta le ſiege Papal

28.0 1195.0 772.0 59.0 en Auignon: & pourautant que les prati¬

28.0 1243.0 775.0 61.0 ciens de la Cour du Pape frequentoyent fort

28.0 1294.0 772.0 49.0 & ſe meſloyent auec ceux de noſtre nation,

28.0 1340.0 774.0 57.0 ils luy enſeignerẽt ceſt art de chicanerie Ro

27.0 1392.0 776.0 56.0 maine, & corrompirent les mœurs de Fran

29.0 1444.0 774.0 54.0 ce, ne plus ne moins que perſonnes infectes

27.0 1490.0 775.0 82.0 de maladie contagieuſe. Mais n’allons pas ſi
