1023 1853
216.0 59.0 86.0 44.0 204

379.0 44.0 499.0 62.0 DE LA GAVLE

215.0 127.0 771.0 43.0 loin: le Roy Loys 9. appellé S. Loys, regnoit

212.0 156.0 774.0 61.0 enuiron l’an 123o. duquel la vie a eſté eſcrite

214.0 205.0 769.0 63.0 par le Sieur de Iõuille, qui eſtoit de ſon tẽps:

212.0 257.0 773.0 64.0 & peut-on apprendre par ſon hiſtoire, qu’il

211.0 305.0 772.0 65.0 n’y auoit pas beaucoup de proces en ce tẽps

212.0 356.0 771.0 58.0 la & meſmement de ce que bien ſouuent le

212.0 406.0 771.0 60.0 Roy Loys luy-meſme donnoit audiẽce aux

209.0 459.0 771.0 58.0 parties, ou biẽ bailloit la charge à ceux qu’il

211.0 507.0 771.0 59.0 quoit autour de luy. Car il en eſcrit ainſi au

211.0 554.0 769.0 58.0 94. cha. Il auoit de couſtume, dit-il, de nous

210.0 605.0 770.0 62.0 enuoyer les Sieurs de Neſle, de Soiſſons &

209.0 656.0 770.0 63.0 moy, aux plaids de la porte. Et puis il nous

211.0 708.0 768.0 58.0 enuoyoit querir & nous demandoit com¬

208.0 757.0 771.0 60.0 ment tout ſe portoit, & s’il y auoit aucun

209.0 807.0 770.0 61.0 qu’on ne peuſt depeſcher ſãs luy: & pluſieurs

207.0 855.0 770.0 65.0 fois ſelon noſtre rapport il enuoyoit querir

209.0 904.0 770.0 62.0 les plaidoyans, & les contenoit, les mettant

210.0 956.0 768.0 60.0 à raiſon & droiture. Et bien ſouuent s’alloit

209.0 1004.0 768.0 60.0 esbatre au bois de Vincenne, & ſe ſeoit au

211.0 1055.0 766.0 58.0 pied d’vn cheſne ſur l’herbe verte, & nous

208.0 1104.0 769.0 64.0 faiſoit ſeoir aupres de luy, & preſtoit audiẽ¬

209.0 1156.0 768.0 54.0 ce libre à chacun qui auoit affaire à luy, ſans

208.0 1206.0 769.0 58.0 aucun trouble ou empeſchement. Et meſ¬

210.0 1255.0 767.0 59.0 mes demandoit à haute voix, s’il y auoit au¬

209.0 1304.0 768.0 64.0 cun qui euſt proces & partie, & s’il ſe preſen

210.0 1358.0 765.0 56.0 toit aucun, l’eſcoutoit incontinent, & apres

210.0 1404.0 769.0 61.0 auoir entendu les parties, prononçoit la

209.0 1456.0 769.0 62.0 ſentence ſelon le droit & l’equité. Quelque

211.0 1508.0 766.0 73.0 fois il donnoit chatge à Pierre Fontaine, &

826.0 1556.0 146.0 63.0 à Geof¬
