1023 1853
168.0 49.0 461.0 62.0 FRANCOISE.

718.0 58.0 63.0 56.0 205

13.0 118.0 773.0 56.0 à Geoffroy Vilette d’ouir les parties, & de

14.0 162.0 775.0 59.0 vuider les proces. I’ay veu meſme quelque

12.0 213.0 776.0 55.0 fois, que ce bon Roy s’alloit promener en

13.0 261.0 775.0 59.0 vn iardin aux ſaux bourgs de Paris, bien ſim

12.0 309.0 776.0 62.0 plement veſtu: & qu’eſtant là il faiſoit met¬

12.0 362.0 776.0 55.0 tre vn tapis ſur vne table. Puis ſilence eſtant

9.0 410.0 778.0 60.0 faict, il faiſoit appeller les plaidoyans, & leur

12.0 463.0 775.0 53.0 commandoit de deduire leurs cauſes: & leur

8.0 509.0 780.0 54.0 faiſoit iuſtice à l’heure meſme. Voila ce

15.0 561.0 773.0 59.0 qu’en a eſcrit de Ionuille. A quoy on peut

11.0 613.0 776.0 54.0 voir clairement, combien il y auoit peu de

10.0 659.0 777.0 59.0 proces & de plaideurs en ce temps-la & cõ¬

12.0 710.0 777.0 60.0 bien ces Roys. la eſtoyent ſoigneux de tirer

9.0 759.0 781.0 57.0 leurs ſuiets hors des faſcheries & des eſpi¬

9.0 811.0 782.0 56.0 nes de proces. Car meſmes entre les ordon

9.0 857.0 781.0 57.0 nances de Charlemaigne, il s’en trouue vne

6.0 906.0 783.0 63.0 telle. Que nos Commis, dit-il, facent ſcauoir

5.0 960.0 785.0 58.0 aux Comtes & au peuple que nous voulons

6.0 1007.0 784.0 60.0 tenir ſiege vn iour de la ſepmaine pour va¬

9.0 1057.0 780.0 60.0 quer à ouir les cauſes. Ily a vn ſemblable teſ

4.0 1109.0 782.0 61.0 moignage produit par Monſieur Budé (per¬

2.0 1159.0 783.0 58.0 ſonnage excellent & ornement ſingulier de

4.0 1207.0 778.0 59.0 noſtre France) en ſes Annotations ſur les

3.0 1255.0 777.0 61.0 Pandectes, où il traite ceſte meſme matiere,

2.0 1307.0 785.0 61.0 & ſe courrouce aſprement contre ce Royau

2.0 1354.0 779.0 64.0 me de Plaideurs. Car là il recite qu’il auoit

6.0 1407.0 771.0 62.0 trouué dedans des Regiſtres Royaux, fort

15.0 1456.0 758.0 61.0 vieux (dont il pouuoit auſſi aiſément finer

24.0 1505.0 747.0 71.0 qu’homme du monde à raiſon de ſon Eſtat)
