1023 1853
211.0 63.0 71.0 49.0 206

375.0 58.0 474.0 53.0 DE LA GAVLE

208.0 136.0 777.0 42.0 que du temps de ce meſme Roy Loys il s’ef

207.0 167.0 775.0 53.0 meut vn different entre le Roy & le Comte

207.0 217.0 775.0 61.0 de Bretaigne, & que pour en iuger, furent aſ

205.0 265.0 772.0 60.0 ſemblez certains perſonnages au cãp de En¬

205.0 313.0 773.0 63.0 ceny (il faut preſuppoſer que ce fut par le

206.0 367.0 770.0 56.0 conſentement des deux parties) mais au de¬

205.0 414.0 775.0 60.0 meurant qu’entre tous ces Iuges-la, il ny eut

205.0 465.0 775.0 56.0 ny aduocat ny docteur en loix, ains ſeulemẽt

203.0 515.0 775.0 60.0 des Eueſques, Cõtes & Barõs: & que par leur

205.0 566.0 770.0 56.0 ſentence le Breton fut condamné, & ordon¬

203.0 614.0 773.0 58.0 né que les habitans ſeroyent abſous du ſer¬

203.0 666.0 775.0 57.0 ment & de la foy qu’ils luy auoyent iuree.

205.0 712.0 773.0 59.0 Derechef que l’an 1258. le Cõté de Clermõt

202.0 764.0 772.0 59.0 eſtant contentieux entre ce Roy la meſmes,

203.0 815.0 771.0 56.0 & les Cõtes de Poitou & d’Aniou: ceux qui

203.0 864.0 771.0 56.0 aſſiſterent & eurent voix deliberatiue en ce

201.0 913.0 770.0 60.0 iugement-là furent gens de meſme qualité,

202.0 964.0 772.0 56.0 comine Eueſques, Abbez, le Grand maiſtre

202.0 1012.0 772.0 61.0 des freres preſcheurs, le Coneſtable, des Ba

203.0 1065.0 770.0 57.0 rons & Pairs de France, & quelques perſon¬

201.0 1114.0 774.0 59.0 nages laics. Et puis il adiouſte cõſequẽment

201.0 1173.0 772.0 43.0 ainſi. Toutefois on tenoit deux Parlemens

201.0 1212.0 774.0 55.0 tous les ans: ceſt à ſcauoir, à Noel, & à la Chã

201.0 1264.0 770.0 55.0 deleuſe & deux Eſchiquiers en Normandie,

200.0 1311.0 774.0 59.0 à Paſque & à la S. Michel. Voila ce qu’en a

199.0 1361.0 775.0 56.0 eſcrit monſieur Budé, conformèmẽt à ce qui

199.0 1413.0 774.0 52.0 ſe trouue dedans vn vieil liure touchant l’in

199.0 1462.0 772.0 58.0 ſtitution des Parlemens. Car entre les or¬

200.0 1514.0 768.0 67.0 donnances du Roy Philippe quatrieme ſur¬

815.0 1565.0 152.0 55.0 nommé
