1023 1853
172.0 49.0 443.0 59.0 FRANCOISE.

718.0 63.0 77.0 57.0 207

17.0 136.0 779.0 30.0 nommé le Bel on lit vn article de telle ſub¬

17.0 162.0 779.0 59.0 ſtance, de l’an 1302. Dauantage pour la com

16.0 211.0 779.0 58.0 modité de nos ſuiets & l’expedition des cau

17.0 260.0 779.0 58.0 ſes nous auons deliberé d’ordonner qu’il ſe

15.0 308.0 780.0 59.0 tiene deux Parlemens à Paris & deux Eſchi¬

21.0 359.0 772.0 61.0 quiers à Rouen: les iours de Troyes ſe tien¬

18.0 410.0 773.0 60.0 dront auſii deux fois l’an: & vn Parlement

15.0 457.0 778.0 62.0 à Thoulouſe, cõme il auoit accouſtumé de

14.0 507.0 774.0 64.0 ſe teuir autrefois, ſi le peuple de la terre s’y

15.0 558.0 776.0 63.0 accorde. Item pource qu’il y a pluſieurs cau

14.0 607.0 773.0 62.0 ſes qui ſe plaident en noſtre Parlement en¬

14.0 659.0 777.0 62.0 tre grandes & notables perſonnes, nous vou

16.0 708.0 774.0 60.0 lons & ordonnons, qu’il y ait deux Prelats

14.0 754.0 767.0 63.0 & deux autres perſonnes ſufſiſantes, lai¬

22.0 809.0 765.0 58.0 ques, de noſtre conſeil, ou à tout le moins

17.0 855.0 769.0 62.0 vn Prelat, & vne perſonne laique, qui aſii¬

13.0 905.0 772.0 62.0 ſtent continuellemẽt en nos Parlemẽs pour

14.0 954.0 773.0 64.0 diliberer, & pour ouir leſdites cauſes. En

22.0 1008.0 763.0 65.0 quoy on peut bien remarquer quelques

14.0 1058.0 772.0 63.0 points notables: à ſcauoir, premieremẽt que

14.0 1105.0 774.0 64.0 les proces & les iugemens n’eſtoyẽt pas fort

10.0 1156.0 772.0 62.0 frequents en ce temps-la, & puis qu’il ny a¬

14.0 1209.0 771.0 58.0 uoit pas vn grand nombre de iuges aſſis en

11.0 1255.0 770.0 61.0 ce Parlement. Car quant aux autres iuriſdi¬

13.0 1304.0 767.0 63.0 ctions & Bailliages du Royaume, il y en a

10.0 1352.0 771.0 67.0 vne ordounance du Roy Philippe le Bel,

13.0 1405.0 764.0 60.0 en ce meſme liure de l’an mille trois cens &

14.0 1451.0 762.0 64.0 deux, qui eſt couchee en ces termes. Nous

14.0 1504.0 759.0 78.0 enioignons d’auũtage que nos Seneſchaux &
