1023 1853
213 47 82 64 208

383 58 483 56 DE LA GAVLE

213 133 776 40 & Baillifs tienent leurs aſsiſes dedans le cir¬

212 164 778 60 cuit & enceiute de leurs Senechauſſees &

213 214 778 60 Bailliages ſommairement, de deux mois en

213 263 776 60 deux mois pour le moins. Qui plus eſt mon¬

212 316 782 58 ſieur Budé eſcrit au meſme paſſage que nous

212 364 775 60 auons cotté cy deſſus, que l’an 1293.il fut or¬

213 412 776 63 donné par le Roy Philippe le Bel, que le Par

214 463 777 60 lement fuſt compoſé de perſonnes de trois

215 512 775 62 qualitez: à ſcauoir de Prelats, de Barons, &

214 564 777 59 de Clercs meſlez auec des gens laics, & que

216 611 774 63 les laics fuſſent pris en partie de la Nobleſ¬

215 663 775 61 ſe & en partie du commun peuple. Item que

217 713 774 57 les Prelats & Barons aduiſaſſent entre les

217 761 775 66 perſonnes de ceſte troiſieme qualité, celles

216 813 776 62 qui ſeroyent les plus propres à exercer chaſ¬

216 861 776 66 que iuriſdiction: & qu’ils en choiſiſſent trois

218 914 775 62 pour enuoyer és prouinces qui vſoyent de

216 961 779 60 droict eſcrit pour leur adminiſtrer iuſtice: &

217 1009 777 64 s’il aduenoit qu’il falluſt conſulter ſur quel¬

216 1063 778 64 que matiere criminelle, qu’ils appellaſſent

217 1112 776 62 les mieux letrez & plus ſcauans perſonnages

217 1163 778 55 qui ſe trouueroyẽt afin d’en auoir leur aduis

217 1208 775 67 & conſeil. La deſſus Budé ſe prend à deplo¬

217 1262 778 60 rer hautement la piteuſe corruption de ce

217 1310 775 62 temps, & les abus qui ſe commettent en Iu¬

217 1360 761 66 ſtice, en recitant ce vers du poete Iuuenal.

303 1410 657 60 Ainſi viuoyent les hommes de iadis.

265 1458 732 67 Et puis continuant le fil de ſon propos, il

220 1517 778 70 adiouſte tout d’vne ſuyte, Ainſi m’a-il pris

889 1559 108 59 enuie
