1023 1853
29 128 778 39 enuie maintenant de m’eſcrier tout de meſ¬

29 160 777 60 mes: quand ie voy qu’en ce bon vieux temps

30 208 778 57 eſtant toutefois ce Royaume auſſi riche &

29 259 778 56 floriſſant qu’il fut iamais (comme on peut iu

31 307 777 62 ger à voir les belles pieces de fin or qu’on

30 357 775 60 trouue encore de ce tẽps-la) la façon de ren¬

30 405 777 55 dre le droict aux parties eſtoit ſimple & ai¬

30 457 777 60 ſee, les proces ny eſtoyent ne frequents ne ſi

30 503 776 63 lõgs qu’ils duraſſent autãt que la vie d’vn hõ

30 555 777 60 me, cõme ils fõt auiourd’huy: lors que ceſte

30 606 778 56 canaille d’Interpretes & repetaſſeurs du

30 654 775 60 Droict, n’auoit point encore mis le pied de

30 704 776 59 dans la choſe publique: & qu’on ne ſcauoir

31 754 775 59 point encore que la ſcience des loix fuſt vne

29 799 778 63 choſe ſi lõgue, ſi malaiſee ne tant infinie cõ¬

30 856 777 56 me on la fait: mais lors que l’equité, & bõne

27 903 777 59 cõſcience, & vn iuge prudent, garny d’inno¬

28 956 778 50 cence & d’integrité, ſeruoyẽt autant que cẽt

28 1001 776 60 mille volumes & bouquins de loix. Mais

26 1051 783 58 maintenant chacun voit biẽ où nous en ſom

27 1101 781 61 mes venus, mais il n’y a perſonne qui l’oſe di

27 1151 780 56 re. Voila cõment les traite Budé en ceſt en¬

28 1200 782 57 droit là, ſe mõſtrant ailleurs par tout auſſi aſ

29 1250 778 59 pre & rigoureux ennemi de ce meſtier de

30 1300 773 62 plaiderie qu’il en fut onques. Mais pour re¬

29 1350 776 57 tourner au fil de noſtre hiſtoire, & declarer

29 1401 779 57 par quel artifice & ſur quels fondemens a e¬

26 1449 779 57 ſté baſty ce beau Royaume de Proces: faut

26 1500 776 71 noter que tout ainſi comme Ciceron eſcrit,

193 50 441 56 FRANCOISE.

725 61 84 53 209

581 1567 29 52 o
