1023 1853
209.0 55.0 80.0 50.0 210

364.0 45.0 497.0 62.0 DE LA GAVLE

207.0 130.0 770.0 39.0 que les Pontifes anciens ne pouuans fournir

202.0 160.0 774.0 54.0 à la multitude des beſtes qu’on immoloit,

203.0 208.0 775.0 55.0 inſtituerẽt encore d’autres preſtres & mini¬

201.0 257.0 778.0 61.0 niſtres des ſacrifices, qu’ils adiouſterent au

205.0 305.0 773.0 62.0 nombre anciẽ de leur College, combiẽ que

202.0 356.0 774.0 60.0 le Roy Numa les euſt ordonnez eux-meſ¬

201.0 406.0 775.0 63.0 mes pour auoir la charge & la ſuperinten¬

202.0 455.0 772.0 61.0 dance des ſacriñces & des feſtins qui ſe fai¬

200.0 504.0 775.0 59.0 ſoyent aux feſtes &ſolennitez de leurs dieux:

199.0 558.0 776.0 59.0 ainſi ceux cy ſõt allez touſiours en s’augmẽ¬

201.0 607.0 773.0 59.0 tant à meſure que les proces ſe ſont multi¬

198.0 657.0 778.0 63.0 pliez: & de ce petit nombre de trois ou qua¬

197.0 709.0 778.0 57.0 tre Iuges qui eſtoyent aſſis en ces premiers

198.0 754.0 775.0 64.0 parlemens, il en eſt ſorty vne grãde fourmil

196.0 806.0 776.0 55.0 liere de Iuges & de Confeillers. Au demeu¬

194.0 854.0 779.0 61.0 tant pour ſes loger dignement, il leur fallut

196.0 907.0 777.0 60.0 premierement edifier (comme nous auions

194.0 954.0 778.0 58.0 commencé à dite tantoſt) vn beau Palais ſu

196.0 1003.0 774.0 64.0 perbe, ſomptueux & magnifique, qui fut ba¬

190.0 1055.0 782.0 58.0 ſty par le commandemẽt de Loys Hutin ou

190.0 1104.0 778.0 60.0 de Phil le Bel: & puis au lieu de ce premier

190.0 1154.0 776.0 58.0 & petit nombre de iuges, il ſe fit vn departe

190.0 1202.0 776.0 58.0 ment en trois chambres, la grãd Chãbre, la

192.0 1252.0 772.0 55.0 Cout des Enqueſtes & la Chambre des Re¬

189.0 1302.0 775.0 62.0 queſtes, duquel partage Budé fait mention

190.0 1353.0 770.0 61.0 au paſſage que nous auõs allegue, mais plus

191.0 1404.0 762.0 55.0 amplement Gaguin en la vie de Loys Hu¬

188.0 1453.0 771.0 58.0 tin. Sur quoy ne faut oublier ce que l’vn &

189.0 1499.0 770.0 72.0 l’autre en a laiſſé par eſcrit, pour dõner à en

890.0 1554.0 76.0 75.0 ten
