1023 1853
208.0 43.0 442.0 56.0 FRANCOISE.

739.0 49.0 66.0 57.0 211

37.0 103.0 772.0 61.0 tẽdre que ces aſſemblees de iuſtice n’eſtoyẽt

37.0 155.0 772.0 60.0 ny perpetuelles ny certaines cõme elles ſont

37.0 203.0 772.0 63.0 à preſent: & ne ſe tenoyẽt ſinon quãd le Prin

38.0 252.0 770.0 59.0 ce le cõmãdoit & ſelõ que les affaires ſe pre

38.0 304.0 771.0 60.0 ſentoyent: aſcauoir que tous les ans au mois

38.0 348.0 770.0 63.0 de Nouẽbre, il faut que l’Edict Roy ſoit re¬

37.0 399.0 773.0 63.0 freſchy, afin qu’il ſoit loiſible de renouueller

40.0 449.0 764.0 64.0 le Parlemẽt. Et afin qu’on ſache (dit Gaguin)

41.0 500.0 768.0 61.0 que le Roy eſt auteur de ceſte aſſemblee on

41.0 549.0 768.0 55.0 prononce tous les ans les Edits du Roy, par

40.0 600.0 771.0 57.0 leſquels eſt donnee autorité aux Iuges de re

40.0 649.0 770.0 58.0 nouueller l’exercice du Parlement à la feſte

41.0 696.0 770.0 56.0 S. Martin, c’eſt à dire le 12. de Nouembre. Et

43.0 749.0 766.0 59.0 pour monſtrer de combien ce Royaume &

41.0 799.0 767.0 58.0 autorité iudiciale s’eſt augmenté en peu de

43.0 847.0 764.0 63.0 tẽps, on peut alleguer l’ordonnance du Roy

45.0 897.0 764.0 60.0 Charles 7. qui fut publiee l’an 1453. enuiron

42.0 948.0 767.0 56.0 cent aus apres que le Parlement tut eſtably à

43.0 994.0 765.0 61.0 Paris dont la ſubſtance eſt telle. Apres la fe

42.0 1044.0 767.0 60.0 ſte de Paſque iuſques à la fin du Parlement

43.0 1094.0 770.0 61.0 les Preſidens & Conſeillers doyuẽt eſtre aſ

42.0 1142.0 767.0 58.0 ſemblez en leurs chãbres à ſix heures du ma

43.0 1194.0 768.0 58.0 tin. Depuis la feſte S. Martin, apres l’heure

42.0 1244.0 771.0 59.0 ſuſdite. Et vn peu apres: Il eſt tres-neceſſaire

44.0 1295.0 768.0 58.0 que les Preſidens & Conſeillers de la Cour

47.0 1345.0 764.0 57.0 vienẽt apres diſner au Parlemẽt pour iuger

45.0 1393.0 770.0 60.0 & pour expedier les cauſes. Voila l’ordõnan

44.0 1444.0 771.0 58.0 ce qu’en fit Charles 7.Mais ſi on veut mõter

50.0 1492.0 764.0 76.0 plus haut & conſiderer l’Eſtat du temps de

605.0 1556.0 84.0 54.0 o 2
