1023 1853
211.0 46.0 71.0 48.0 212

358.0 37.0 497.0 59.0 DE LA GAVLE

210.0 96.0 769.0 61.0 Charlemaigne, on trouuera que les Eſtats

206.0 150.0 774.0 56.0 de iudicature eſtoyẽt tout autres, & que l’ad

206.0 197.0 773.0 59.0 miniſtratiõ de la Iuſtice auoit tout autre for

206.0 254.0 773.0 54.0 me qu’elle n’a auiourd’huy, cõme on le peut

207.0 299.0 772.0 57.0 voir par ſes ordonnances & nommémẽt du

205.0 344.0 774.0 62.0 ch.74. du li.4 de la loy Frãcique, où eſt ceſt

205.0 398.0 774.0 59.0 article, Que le Comte ne tiene point ſon ſie

208.0 449.0 769.0 58.0 ge, ſinon à ieun, &c. Et quãt à ce nom de Par

203.0 498.0 777.0 56.0 lement, pour iuger en quel honneur il eſt

205.0 548.0 773.0 58.0 mõté en peu de temps, on peut prẽdre pour

205.0 598.0 774.0 57.0 argumẽt certain le priuilege que dõna Loys

203.0 646.0 774.0 60.0 XI. à ceux du Dauphiné. Car au lieu qu’il y

205.0 700.0 774.0 54.0 auoit pour le Dauphiné vne compagnie de

205.0 745.0 773.0 52.0 Preſidens & Cõſeillers eſtablie à Grenoble

203.0 797.0 776.0 52.0 auec autorité de Cour ſouueraine en ſon reſ

202.0 845.0 774.0 59.0 ſort, qu’on appelloit le Conſeil du Dauphi¬

203.0 895.0 773.0 58.0 né, Loys XI.eſtant Dauphin de Vienne, a¬

205.0 945.0 772.0 55.0 bolit ce nom de Conſeil, & voulut que deſor

202.0 993.0 773.0 60.0 mais on l’appellaſt Parlement, s’eſtudiãt par

205.0 1046.0 771.0 54.0 là de recompenſer les honneurs & ſeruices

206.0 1092.0 771.0 62.0 qu’il auoit receus des Dauphinois, combien

205.0 1143.0 772.0 58.0 qu’au demeurant il n’adiouſtaſt rien de nou

203.0 1192.0 776.0 55.0 ueau à l’autorité de ce Cõſeil: ainſi que le teſ

202.0 1241.0 774.0 57.0 moigne Guid. Pap. Conſeiller de Grenoble

202.0 1292.0 775.0 65.0 en la queſtion 43. & derechef en la queſtion

207.0 1351.0 70.0 55.0 554

499.0 1439.0 148.0 65.0 FIN.
