1023 1853
33 100 747 110 LA GAVLE

63 205 697 65 FRANCOISE DE FRAN.

195 258 422 69 Hotoman Iuriſconſulte.

83 356 711 72 ¶ De l’eſtar de la Gaule, auant qu'elle fuſt

148 413 645 63 reduite en forme de prouince par les

144 476 189 45 Romains.

275 589 292 28 CHAP. I.

63 781 193 133 A

311 648 488 60 Yant propoſé d’eſcrire des

302 698 499 61 couſtumes, & de la police de

301 748 500 59 noſtre France Gauloiſe, au¬

303 799 500 53 tant comme il pourra ſeruir

305 848 499 60 pour l’vſage de noſtre choſe

42 899 762 58 publique, & pour la commodité du temps

41 947 764 58 d’auiourdhuy il me ſemble qu’il ſera bon de

38 998 767 56 commencer à deduire, quel fut l’ancien e¬

40 1042 766 63 ſtat de la Gaule, auant qu’elle fuſt aſſuiet¬

39 1096 768 58 tie, & reduite en forme de Prouince par les

43 1141 761 64 Romains. Car quant à ce que Cæſar, Poly¬

41 1196 767 57 bius, Strabo, Ammianus, & autres anciens

42 1242 768 60 auteurs, nous ont laiſſé par eſerit, touchant

44 1290 766 63 l’origine & ancieneté des Gaulois, de leur

44 1343 764 58 vaillance, prouëſſe & ſuffiſance aux armes

45 1390 765 61 de l’aſsiette & qualité du pays, des mœurs

46 1441 762 52 & maniere de viure des habitans des Gau¬

49 1487 758 71 les, il n’y a, ce croy-ie, perſonne qui ne le ſa¬

648 1549 29 49 a
