1023 1853
257.0 57.0 26.0 39.0 2

377.0 45.0 497.0 65.0 DE LA GAVLE

251.0 132.0 753.0 44.0 che, au moins de ceux qui ont tant ſoit per

250.0 159.0 745.0 60.0 verſé aux hiſtoires. Il faut donc entendre, a

245.0 211.0 764.0 64.0 uant que paſſer plus outre, que pour lors la

247.0 259.0 760.0 64.0 Gaule n’eſtoit point toute entierement ſu¬

242.0 308.0 764.0 63.0 iette à la domination & autorité d’vn ſeul,

244.0 359.0 749.0 64.0 qui la gouuernaſt en titre de Roy, ny n’a

242.0 410.0 764.0 59.0 uoit auſsi chacune ville à part vne forme de

243.0 460.0 763.0 59.0 police purement populaire, c’eſt à dire, où

237.0 506.0 769.0 64.0 le peuple euſt ſouueraine puiſſance, ny ne

234.0 557.0 772.0 58.0 mettoit le gouuernement entre les mains

234.0 604.0 770.0 62.0 d’vn petit nombre des plus notables, & des

230.0 651.0 768.0 64.0 plus gens de bien mais toute la Gaule vni¬

232.0 703.0 770.0 62.0 uerſellement eſtoit departie en Citez, ou

231.0 750.0 770.0 68.0 Republiques, leſquelles ne ſe gouuernoyẽt

233.0 803.0 766.0 61.0 pas toutes d’vne meſme ſorte. Car les vnes

227.0 852.0 770.0 63.0 eſtoyent regies par vn conſeil compoſé des

225.0 903.0 770.0 57.0 plus apparens & des plus nobles, qui auoyẽt

219.0 951.0 774.0 59.0 la ſuperintendance des affaires, les autres e¬

224.0 1003.0 771.0 60.0 liſoyent des Roys: mais toutes generalemẽt

220.0 1049.0 773.0 62.0 s’accordoyent à obſeruer vne couſtume.

218.0 1099.0 774.0 58.0 C’eſt que tous les ans en certain temps de

221.0 1144.0 769.0 63.0 l’ãnee, elles tenoyẽt vne diette, & aſſemblee

223.0 1196.0 768.0 63.0 generale de tout le pays: où ſe deliberoyent

217.0 1245.0 772.0 61.0 les affaires d’eſtat, & concernans le bien vni¬

216.0 1294.0 774.0 63.0 uerſel de la choſe publique. Et de ces Citez

218.0 1344.0 769.0 63.0 là, c’eſt à dire, Regions ou Prouinces, cõme

217.0 1391.0 767.0 64.0 Cæſar le donne aſſez à entendre, Cornelius

221.0 1442.0 761.0 63.0 Tacitus en conte ſoixante & quatre au 3.

216.0 1487.0 770.0 78.0 lipre de ſon hiſtoite, leſquelles vſoyent d’vn

834.0 1550.0 142.0 52.0 meſme
