1023 1853
184.0 48.0 447.0 60.0 FRANCOISE.

755.0 64.0 43.0 59.0 3

19.0 138.0 768.0 34.0 meſme langage, de meſmes ſtatuts, loix, &

19.0 159.0 766.0 62.0 couſtumes, & qui plus eſt, de meſmes Magi¬

17.0 211.0 768.0 59.0 ſtrats: & remarque ſpecialement entre au¬

18.0 260.0 768.0 57.0 tres celle des Aeduiens, celle des Auuer¬

19.0 307.0 767.0 62.0 gnats, & celle des Rhemiens, dont la ville de

17.0 358.0 765.0 60.0 Rheims porte encore le nom. De là proce¬

18.0 405.0 765.0 62.0 doit, ce que recite Cæſar en ſes Commen¬

16.0 457.0 765.0 62.0 taires, liure 5. chap.3. Que lors qu’il fit tuer

15.0 505.0 767.0 57.0 Dumnorix Aeduien, il ſe mit en defenſe, &

17.0 554.0 761.0 63.0 appellant ceux du pays à ſon ſecours, il rei¬

16.0 603.0 771.0 63.0 tera ſouuent ces mots, Qu’il eſtoit libre, &

15.0 649.0 767.0 67.0 d’vne Cité libre & franche. Et ce que Stra¬

14.0 704.0 766.0 62.0 bo en dit au 4.liu. ſe rapporte bien à cela: La

15.0 753.0 762.0 62.0 plus part, dit-il, de ces Citez-là eſtoyent po¬

13.0 801.0 769.0 62.0 licees en forme d’Ariſtocratie, c’eſt àdire, où

15.0 852.0 763.0 60.0 les plus gens de bien ont ſouueraine autho¬

13.0 902.0 766.0 61.0 rité: & auoyent de couſtume ancienement

15.0 949.0 763.0 58.0 d’elire par chacun an vn Gouuerneur: & le

17.0 998.0 761.0 65.0 peuple ſemblablemẽt deſignoit par ſes voix

15.0 1049.0 763.0 65.0 & ſuffrages vn Capitaine general, & Chef

16.0 1099.0 761.0 63.0 d’armee, pour les affaires de guerre. Il faut

13.0 1147.0 763.0 62.0 auſsi ioindre à cela ce que Cæſar en eſcrit

14.0 1199.0 761.0 60.0 au liure 6. chap.4. de ſes Commentaires en

13.0 1246.0 762.0 65.0 telle ſubſtance, Les Citez, qui ont reputa¬

13.0 1297.0 762.0 64.0 tion d’eſtre les mieux reglees, & de mieux

14.0 1349.0 761.0 61.0 gouuerner leur choſe publique, ont certai¬

9.0 1392.0 770.0 69.0 nes loix, par leſquelles il eſt expreſſément

10.0 1444.0 769.0 68.0 ordonné, Que ſi quelqu’vn a receu quelque

9.0 1497.0 769.0 67.0 nouuelle, ou entendu quelque bruit de la

569.0 1562.0 67.0 52.0 a 2
