1023 1853
243.0 76.0 21.0 38.0 4

359.0 57.0 505.0 53.0 DE LA GAVLE

239.0 125.0 773.0 55.0 part des peuples voiſins qui concerne l’e

230.0 165.0 777.0 58.0 ſtat public, il le rapporte tout à l’inſtant au

230.0 210.0 777.0 64.0 Magiſtrat, & ne le cõmunique à autre quel

231.0 266.0 774.0 59.0 qui ſoit. Les gouuerneurs apres en eſtre in¬

227.0 317.0 777.0 57.0 formez, en retienent rieres eux, autant com¬

228.0 362.0 770.0 59.0 me bon leur ſemble: & le reſte, qu’il eſt be¬

228.0 410.0 775.0 60.0 ſoin que tout le monde ſache, ils le publiẽt,

228.0 461.0 778.0 61.0 & l’expoſent deuãt toute l’oſſem blee du peu

231.0 512.0 773.0 59.0 ple. Quant aux affaires d’eſtat, & qui con¬

229.0 558.0 776.0 60.0 cernent le bien vniuerſel de la Gaule, il n’eſt

234.0 609.0 766.0 62.0 pas loiſible d’en rien traiter ny reſoudre, ſi¬

235.0 658.0 764.0 62.0 non en l’aſſemblee generale du pays. Do¬

234.0 710.0 769.0 63.0 quoy Cæſar meſme nous pourra fournir

230.0 759.0 773.0 59.0 quelques exemples. Car au premier liure

229.0 808.0 771.0 61.0 chap. 12. il recite comme les ambaſſadeurs

230.0 857.0 773.0 63.0 des Citez de la Gaule, le prierent, que ſon

232.0 907.0 767.0 61.0 plaiſir fuſt de leur permettre de conuoquer

231.0 957.0 771.0 59.0 à certain iour prefix, vne diette & aſſemblee

234.0 1006.0 765.0 57.0 generale de toute la Gaule. Ittm au liu.7.

229.0 1054.0 769.0 62.0 chap. 12. La diette de toure la Gaule, dit-il,

230.0 1104.0 771.0 60.0 fut ſignifiee à Bibracte, & s’y aſſembla vne

233.0 1156.0 768.0 61.0 grande multitude de peuple, qui y accourut

232.0 1204.0 763.0 60.0 de toutes parts. Et au liu 6. chap.1. Cæſar,

231.0 1254.0 768.0 54.0 (dit-il, parlant de ſoy-meſme) ayant indit &

228.0 1302.0 770.0 59.0 ſignifié la iournee de la Gaule, au commen¬

229.0 1353.0 769.0 59.0 cement du Prim-temps, (comme il auoit de

227.0 1402.0 771.0 58.0 couſtume) & s’y eſtans trouuez tous les de¬

231.0 1451.0 762.0 59.0 putez des Prouinces, exceptez les ambaſſa¬

230.0 1499.0 764.0 68.0 deurs de celles des Senonois, des Carnutes,

878.0 1555.0 117.0 60.0 & des
