1023 1853
184.0 45.0 460.0 57.0 FRANCOISE.

775.0 39.0 18.0 61.0 5

24.0 99.0 778.0 68.0 & des Treuires, il changea le lieu de l’aſſem

21.0 150.0 779.0 65.0 blee, & la tranſporta à Paris. Et au 7.liure

24.0 197.0 779.0 70.0 chap.6. où il parle de Vercingentorix. Il ſe

24.0 247.0 776.0 65.0 faiſoit fort, dit il, d’allier & de ioindre en v¬

24.0 299.0 773.0 67.0 ne ligue les Citez, leſquelles eſtoyent en pi¬

27.0 350.0 774.0 65.0 que les vnes contre los autres, & puis faire

25.0 396.0 778.0 66.0 tenir vne diette de toute la Gaule vniuerſel¬

23.0 445.0 777.0 66.0 lement, à laquelle tout le monde ne ſcauroit

26.0 497.0 773.0 64.0 reſiſter. Quant aux Roys qui gouuernoyent

27.0 544.0 774.0 70.0 quelques vnes de ces Citez, il y a auſsi preſ¬

29.0 597.0 772.0 63.0 que infinis paſſages dedãs le meſme auteur

29.0 644.0 774.0 66.0 qui en parlent: deſquels on peut retirer en¬

29.0 693.0 774.0 65.0 tre autres, vne choſe digne d’eſtre diligem¬

30.0 742.0 775.0 64.0 ment remarquee: C’eſt que les Romains ſe

26.0 791.0 781.0 67.0 ſeruirent bien d’eux, pour entreprendre ſur

28.0 841.0 777.0 64.0 la liberté des Gaulois. Car de tous ces Roy¬

27.0 889.0 781.0 67.0 telets icy, ceux qu’ils voyoiẽt eſtre les mieux

29.0 938.0 781.0 67.0 faits à leur poſte, & les plus accorts pour fai

31.0 991.0 774.0 61.0 re menees, ſemer quereles & diſſenſions en¬

33.0 1036.0 772.0 67.0 tre les Republiques, dreſſer ligues & factiõs

33.0 1090.0 774.0 58.0 contre les autres, ils ne failloyent iamais de

35.0 1139.0 767.0 63.0 ſe les ioindre par alliance & ſocieté, com¬

30.0 1186.0 774.0 67.0 ment que ce fuſt: & eux de leur coſté pre¬

35.0 1235.0 772.0 67.0 noyent cela à grand honneur, d’eſtre nom¬

36.0 1287.0 772.0 58.0 mez amis & alliez du peuple Romain auec

36.0 1335.0 772.0 66.0 les plus honorables decrets & priuileges

38.0 1383.0 773.0 68.0 qu’il eſtoit poſsible, voire ſans qu’il leur

36.0 1434.0 773.0 63.0 couſtaſt rien: attẽdu que pluſieurs grãs Roys

36.0 1482.0 774.0 76.0 & Princes eſtrangers achetoyent bien che¬

624.0 1543.0 49.0 55.0 a 3
