1023 1853
231.0 37.0 42.0 58.0 6

369.0 32.0 493.0 64.0 DE LA GAVLE

232.0 113.0 765.0 49.0 rement ce droit & ceſt honneur la des Sci¬

232.0 142.0 769.0 72.0 gneurs de Rome. Voila donc quels eſtoyent

231.0 188.0 766.0 73.0 ces Roys ou pluſtoſt ces Roitelets, comme

232.0 242.0 764.0 63.0 on les nommoit pour lors en Gaule: à ſauoir

231.0 290.0 765.0 70.0 ceux qui n’auoyent pas leur autorité limitee

230.0 347.0 768.0 63.0 à certain temps, comme les magiſtrats des

227.0 389.0 765.0 69.0 autres Citez, mais qui portoyent toute leur

230.0 435.0 763.0 76.0 vie le titre de dignité Royale, encore que

226.0 487.0 767.0 69.0 leur puiſſance ne s’eſtendiſt gueres auant, &

225.0 537.0 760.0 76.0 euſſent bien petit pays à gouuerner: & y a ap

225.0 591.0 764.0 67.0 parẽce que ce ſont ceux-la meſmes, que par

222.0 635.0 761.0 75.0 ſucceſsion de temps, qui a apporté change¬

222.0 688.0 762.0 66.0 ment de police & de couſtumes, on a appel¬

221.0 733.0 762.0 70.0 lez depuis Ducs, Contes, Barons, & Mar¬

223.0 785.0 761.0 71.0 quis. Mais, pour retourner au propos des Ci

220.0 836.0 760.0 67.0 tez de la Gaule, les vnes eſtoyent plus gran¬

219.0 885.0 762.0 68.0 des, & mieux fondees en puiſſance que les

218.0 935.0 757.0 67.0 autres: & les plus foibles ſe mettoyent vo¬

215.0 982.0 764.0 69.0 lontiers en la tutelle & ſauue-garde de cel¬

215.0 1028.0 762.0 74.0 les la: à raiſon dequoy, Cæſar les appelle ſu¬

212.0 1084.0 766.0 66.0 iettes & tributaires des autres: combien que

214.0 1130.0 762.0 69.0 le plus ſouuent, il die qu’elles ſont en leur

214.0 1179.0 763.0 68.0 protection & ſauue-garde. Titus Liuius au

217.0 1228.0 757.0 68.0 5.liure de ſes hiſtoires eſcrit, que lors que

218.0 1281.0 755.0 68.0 Tarquinius Priſcus regnoit à Rome, la Pro

210.0 1331.0 762.0 69.0 uince des Bituriges, qui ſont ceux du pays

208.0 1379.0 766.0 66.0 de Berry, commandoit à toute la nation des

210.0 1424.0 762.0 72.0 Celtes, & auoit la prerogatiue, & le droit

206.0 1473.0 768.0 103.0 d’elire le Roy de ſon corps. Mais lors que

865.0 1542.0 104.0 59.0 Iules
