1023 1853
196.0 27.0 451.0 73.0 FRANCOISE.

769.0 24.0 29.0 61.0 7

31.0 92.0 770.0 65.0 Iules Cæſar mit premierement le pied en

33.0 131.0 765.0 75.0 Giule (qui fut l’an dés la fondation de la vil¬

33.0 183.0 765.0 70.0 le de Rome ſix cents nonante & cinq) elle e¬

32.0 232.0 770.0 70.0 ſtoit diuiſee en deux ligues, à ſauoir celle

32.0 284.0 769.0 73.0 des Aeduiens, & celle des Auuergnats, qui

32.0 334.0 767.0 74.0 s’eſtoyent deſia longuement trauaillez par

32.0 388.0 772.0 69.0 guerres les vns les autres, pour ſauoir à qui

31.0 433.0 766.0 66.0 demeureroit le premier lieu de ſouueraine¬

31.0 477.0 771.0 75.0 té. Mais il y auoit principalemẽt vne choſe,

32.0 535.0 769.0 63.0 qui entretenoit ceſte diuiſion entre eux: c’e¬

32.0 578.0 771.0 74.0 ſtoit que ceux de Berry voiſins de l’Auuer¬

35.0 626.0 766.0 71.0 gne, eſtoyent ſous l’aile des Aeduiens: & à

35.0 677.0 764.0 75.0 l’oppoſite, les Sequaniens, prochains des

33.0 724.0 769.0 76.0 terres des Aeduiens, eſtoyẽt ſous la puiſſan

32.0 777.0 769.0 69.0 ce & ſouueraineté des Auuergnats: ainſi que

33.0 825.0 769.0 68.0 dit Ceſar au 1. liu.chap.12. & au 6.liu. chap.

38.0 875.0 763.0 69.0 4. D’autre coſtè les Romains, ſe ſeruans

35.0 922.0 766.0 70.0 treſ-bien de ceſte occaſion pour eſtendre

35.0 973.0 770.0 70.0 leurs ailes, allumoyent encore ce feu d’auan

37.0 1024.0 761.0 69.0 tage, pour touſiours nourrir les partialitez,

38.0 1070.0 764.0 69.0 & ancrer plus auant dedans les affaires de

38.0 1123.0 759.0 70.0 Giule. Au moyen dequoy ils firent premie¬

36.0 1172.0 761.0 69.0 rement eſtroite alliance auec les Aeduiens,

37.0 1219.0 764.0 68.0 & auec tout l’honneur, dont ils ſe peurent

38.0 1269.0 762.0 67.0 aduiſer, les nommerent leurs freres, leurs

38.0 1318.0 765.0 64.0 bons amis & alliez. En ce temps là, la Repu

38.0 1365.0 767.0 72.0 blique des Aeduiẽs eſtoit l’vne des plus flo¬

37.0 1419.0 767.0 69.0 riſſantes qui fuſſent és Gaules, & comman¬

38.0 1465.0 763.0 88.0 doit, & donnoit loy à d’autres, comme à cel¬

603.0 1524.0 79.0 59.0 a 4
