1023 1853
193.0 42.0 468.0 55.0 FRANCOISE.

772.0 55.0 40.0 40.0 9

49.0 102.0 765.0 58.0 de rien moindres que les Aeduiens, mais

49.0 148.0 762.0 57.0 meſmes vn peu auant la venue de Cæſur, ils

50.0 196.0 763.0 67.0 leur auoyent ſouſtrait la plus grande partie

51.0 248.0 769.0 61.0 de leurs ſuiets & vaſſaux: & ſe fioyent telle¬

52.0 298.0 769.0 62.0 ment en leurs forces, qu’ils oſerent bien en¬

51.0 346.0 772.0 64.0 treprendre la guerte contre Cæſar, dont fut

53.0 396.0 767.0 64.0 Capitaine en chef vn Vercingẽtorix, qui mit

52.0 446.0 768.0 61.0 en cãpagne vne armee de quatre cents mil¬

52.0 494.0 765.0 61.0 le hommes. Ainſi l’eſcrit Strabo, en ſon 4.

51.0 544.0 777.0 61.0 liure. Mais au demeurant, ils eſtoyent ſi fort

52.0 596.0 775.0 55.0 ialoux de leur liberté, qu’ils ne vouloyent

52.0 642.0 764.0 65.0 ouir parler en façon quelconque, ny de Roy

53.0 692.0 768.0 63.0 ny de domination Royale: de ſorte que quãd

55.0 744.0 769.0 58.0 vn Celtillus le pere de Vercingẽtorix, hom

54.0 793.0 767.0 60.0 me autrement honorable, & qui en reputa¬

55.0 844.0 769.0 58.0 tion & en grandeur n’auoit point ſon pareil,

53.0 889.0 766.0 58.0 à raiſon dequoy il auoit tous les affaires des

56.0 941.0 768.0 55.0 Gaules en ſa diſpoſition, comme vn Prince

55.0 989.0 771.0 55.0 abſolu: neantmoins lors qu’il voulut paſſer

56.0 1039.0 764.0 62.0 outre, & ſe faire declarer Roy il fut cõdam¬

56.0 1091.0 761.0 53.0 né à perdre la vie par la ſentence des eſtats

58.0 1139.0 763.0 56.0 d’Auuergne pour auoir attenté à vſurper v¬

56.0 1191.0 768.0 56.0 ne domination tyrannique ſur ſon pays Cæ

57.0 1240.0 770.0 58.0 ſar au 7.liure chap I. de ſes comm. le recite

57.0 1287.0 770.0 60.0 ainſi. Et à l’oppoſite au 1.liu.chap.2.il dit,

61.0 1339.0 762.0 60.0 Que les Sequaniẽs auoyent vn Roy nommé

61.0 1388.0 762.0 57.0 Catam ntaledes lequel auoit eu l’honneur

59.0 1436.0 765.0 58.0 d’eſtre appellé amy & allié du peuple Ro¬

60.0 1487.0 765.0 69.0 main.Les Sueſsioniens ſemblablement, qui

632.0 1553.0 60.0 57.0 a 5
