1023 1853
205.0 46.0 448.0 62.0 FRANCOISE.

768.0 69.0 38.0 39.0 11

41.0 138.0 769.0 35.0 en premier lieu, qu’ils n’eltoyent point ne¬

40.0 161.0 768.0 62.0 reditaires mais eſtoyent deferez par le peu¬

43.0 207.0 765.0 66.0 ple, à ceux qu’il luy ſembloit bon, pour la

41.0 260.0 768.0 61.0 bonne opinion qu’il auoit de leur iuſtice, &

41.0 307.0 764.0 66.0 legalité: dauãtage que ces Roys ainſi eleus,

39.0 360.0 772.0 60.0 n’auoyent point vne puiſſance abſolue &

39.0 410.0 768.0 60.0 infinie, ny ne pouuoyent faire tout ce qu’ils

40.0 457.0 768.0 61.0 vouloyent: ains au cõtraire reſſerree & limi¬

39.0 507.0 769.0 61.0 tee par certaines loix, de ſorte qu’ils eſtoyẽt

39.0 555.0 770.0 63.0 autant ſous la puiſſance & authorité du peu

41.0 608.0 763.0 60.0 ple, comme le peuple ſous la leur: au moyẽ

38.0 655.0 767.0 62.0 dequoy ces regnes, à dire vray, n’eſtoyent

37.0 709.0 767.0 58.0 autre choſe que magiſtrats perpetuels, car

40.0 755.0 766.0 62.0 Cæſar en nomme pluſieurs, qui de ſon tẽps

38.0 805.0 765.0 60.0 eſtoyent perſonnes priuees, deſquels toute¬

36.0 854.0 768.0 60.0 fois les peres & ayeuls auoyent eſté Roys:

37.0 905.0 772.0 55.0 comme entre les autres vn Caſticus fils de

39.0 954.0 768.0 57.0 Catamantaledes, duquel le pere auoit re¬

39.0 1001.0 765.0 64.0 gné long temps en la prouince des Sequa¬

35.0 1053.0 769.0 59.0 niens, au 1. liure chap.2. Et vn Piſo d’Aqui¬

37.0 1105.0 769.0 55.0 taine, au 4 liu chap.3. Et vn Taſgetius, dont

37.0 1154.0 769.0 54.0 les anceſtres auoyent autrefois regné en la

40.0 1202.0 765.0 58.0 Cité des Carnutes, au 5. liu.cha.8.Au reſte

37.0 1251.0 767.0 57.0 quãt aux bornes & à la meſure de la puiſſãce

36.0 1300.0 768.0 57.0 qui leur eſtoit limitee, Ambiorix Roy des

36.0 1348.0 769.0 60.0 Eburõs, ou Liegeois le declare aſſez luy meſ

35.0 1397.0 770.0 59.0 me au 5. liu. chap.8.des Com. de Cæſar: car

33.0 1448.0 770.0 59.0 il dit, qu’il eſtoit tellement Seigneur & Roy

38.0 1498.0 775.0 70.0 pour cõmãder, que cepẽdãt le peuple auoit
