1023 1853
220.0 58.0 47.0 53.0 12

329.0 50.0 497.0 56.0 DE LA GAVLE

209.0 108.0 759.0 64.0 autant d’authorité ſur luy, comme luy ſur

212.0 158.0 759.0 65.0 le peuple. Ainſi voit-on que Platon, Ariſto

211.0 204.0 759.0 68.0 te, Polybius, & Ciceron ont eſté fort ſages,

213.0 257.0 760.0 60.0 & qu’ils ont treſ-bien iugé, quand ils ont

213.0 306.0 758.0 66.0 dit, que c’eſtoit la plus parfaite, & la plus

211.0 358.0 762.0 60.0 ſeure forme de Police que celle-la: pourau¬

211.0 407.0 758.0 63.0 tant que la puiſſance Royale, ſi on ne luy

211.0 457.0 759.0 61.0 donne quelque mors, comme dit Platon,

213.0 504.0 760.0 67.0 qui la tiene vn petit en bride: & qu’on luy

212.0 553.0 762.0 65.0 ſouffre de s’eleuer iuſques en vn degré ſu¬

214.0 604.0 759.0 63.0 preme de ſouueraineté & de puiſſance ab¬

210.0 654.0 765.0 63.0 ſolue en toutes choſes: adonc ily a grand

210.0 706.0 764.0 64.0 danger qu’eſtant là, ne plus ne moins que

209.0 753.0 764.0 63.0 ſur vn precipice gliſſant, elle ne ſe laiſſe

209.0 805.0 765.0 60.0 choir en tyrannie. A raiſon dequoy, il eſt

212.0 854.0 762.0 62.0 pluſque neceſſaire, qu’yn Roy ſoit retenu

210.0 902.0 761.0 56.0 en ſon deuoir par la reuerence & l’authori¬

210.0 953.0 763.0 57.0 té des gens de bien & d’honneur, comme

209.0 1002.0 762.0 62.0 repreſentans la perſonne du Peuple, lequel

209.0 1051.0 761.0 61.0 les commet à cela, & leur donne celle puiſ¬

210.0 1103.0 152.0 58.0 ſance.

266.0 1159.0 703.0 78.0 ¶ De quel langage vſoyent les anciens

338.0 1216.0 179.0 62.0 Gaulois.

471.0 1286.0 233.0 64.0 CAP. I.

224.0 1480.0 166.0 95.0 E

422.0 1345.0 550.0 61.0 N ce lieu-cy ne fait à omettre

428.0 1401.0 544.0 53.0 vne queſtion, non encore reſo¬

422.0 1446.0 548.0 50.0 lue, mais bien aſſez debatue &

427.0 1495.0 544.0 70.0 diſputée par pluſieurs doctes

826.0 1547.0 140.0 56.0 perſon¬
