1023 1853
216.0 47.0 463.0 58.0 FRANCOISE.

781.0 49.0 39.0 61.0 13

60.0 130.0 769.0 39.0 perſonnages de ce temps, c’eſt à ſauoir quel

61.0 157.0 765.0 61.0 langage ont peu parler nos anciens Gau¬

58.0 204.0 769.0 63.0 lois. Car quant à leur religion, leurs cere¬

57.0 255.0 771.0 58.0 monies, couſtumes & maniere de viure, Cæ

57.0 303.0 769.0 57.0 ſar l’expoſe aſſez au long en ſes Commen¬

59.0 356.0 769.0 55.0 taires. Premierement donc ſe faut ſouuenir,

60.0 406.0 769.0 57.0 que le meſme auteur ayant fait au commen

60.0 453.0 766.0 58.0 cement de ſes Comment, vne diuiſion ge¬

62.0 505.0 768.0 57.0 nerale des Gaules, & l’ayãt departie en trois

62.0 554.0 766.0 57.0 lots, dit conſequemment que les Gaulois,

61.0 602.0 768.0 57.0 dont les vns ſe nõmoyent Belges, les autres

59.0 650.0 771.0 61.0 Aquitains, & les troiſiemes Celtes, eſtoyẽt

63.0 698.0 766.0 55.0 tous differents les vns des autres, & de cou¬

62.0 749.0 768.0 60.0 ſtumes & de langage. Et Strabo en ſon 4.

63.0 800.0 767.0 58.0 liure, dit conformément à cela, Qu’ils n’a¬

64.0 848.0 770.0 62.0 uoyent point vne meſme langue, mais qu’il

69.0 899.0 764.0 59.0 y auoit quelque peu de diuerſité. Autant en

64.0 949.0 769.0 56.0 dit Ammianus Marcell. au 15.liure. Il y a

65.0 998.0 767.0 61.0 quelques gens excellens en ſcauoir, & prin¬

64.0 1046.0 769.0 62.0 cipalement de nos François, qui tienent que

65.0 1098.0 766.0 59.0 les Gaulois parloyent vn lãgage Grec: mais

65.0 1146.0 768.0 59.0 c’eſt vne opinion qui n’a pas grand fonde¬

67.0 1195.0 765.0 61.0 ment à mon aduis: ainſi comme on le peut

66.0 1242.0 768.0 63.0 aiſément recueillir, de ce que Cæſar eſcrit

69.0 1295.0 765.0 60.0 au 5.liu. chap.12. des Comment. Que lors

70.0 1341.0 765.0 65.0 que Qu. Cicero eſtoit aſsiegé dedans ſon

69.0 1395.0 763.0 59.0 camp par les Gaulois, il luy enuoya vne le¬

70.0 1444.0 764.0 60.0 tre eſcrite en Grec, de peur que ſi d’aduen¬

70.0 1490.0 762.0 71.0 ture, elle venoit à eſtre ſurpriſe, les Gaulois
