1023 1853
220.0 47.0 59.0 61.0 14

359.0 44.0 501.0 62.0 DE LA GAVLE

210.0 119.0 774.0 52.0 ne deſcouuriſſent ſes deſſeins. Ily en a qui

210.0 151.0 772.0 71.0 alleguent là deſſus vn paſſage, tiré du 4. li¬

208.0 201.0 773.0 69.0 ure de Strabo, où il dit nommément, Qu’il

213.0 251.0 769.0 67.0 y auoit vne belle Vniuerſité à Marſeille, &

207.0 300.0 771.0 65.0 bien fournie de gens ſcauans, qui faiſoyent

207.0 351.0 768.0 64.0 profeſsion des bonnes ſciences, & notam¬

201.0 402.0 778.0 67.0 ment des letres Grecques, iuſques à ce

208.0 449.0 770.0 63.0 poinct, qu’ils faiſoyent venir l’enuie aux

202.0 498.0 772.0 68.0 Gaulois, d’apprendre le Grec, & qu’ils n’e¬

198.0 550.0 778.0 64.0 ſcriuoyent deſia point autrement leurs in¬

199.0 601.0 775.0 64.0 ſtrumens & leurs contraux, qu’en langage

200.0 646.0 774.0 66.0 Grec. Mais il eſt bien aiſé de reſpondre à

195.0 695.0 778.0 68.0 cela, & en deux mots. Premierement, s’il eſt

196.0 748.0 775.0 67.0 vray, que les Gaulois apprenoyent la langue

195.0 795.0 775.0 66.0 Grecque, à l’enuy des Maſsiliens, on voit

192.0 846.0 775.0 69.0 deſia bien en cela, que ce n’eſtoit pas donc

192.0 897.0 774.0 63.0 leur langue maternelle. Dauantage Strabo

191.0 947.0 774.0 64.0 donne aſſez à entendre là meſmes, que celle

191.0 997.0 771.0 63.0 couſtume de coucher les contraux & au¬

189.0 1047.0 775.0 63.0 tres inſtrumens en Grec, n’auoit pas com¬

188.0 1094.0 774.0 68.0 mencé de venir en vſage plus haut, que de

188.0 1142.0 774.0 66.0 ſon temps: lors que toute la Gaule s’eſtoit

188.0 1193.0 771.0 64.0 deſia accouſtumee à porter le ioug de la ſu¬

185.0 1241.0 774.0 64.0 iection des Romains, & à prendre leurs fa¬

190.0 1294.0 768.0 66.0 çons de faire. Finablement il ne parle que

185.0 1342.0 773.0 68.0 de ceux-là preciſément, qui eſtoyent voi¬

188.0 1392.0 770.0 63.0 ſins de Marſeille: & communément en ces

193.0 1444.0 767.0 64.0 endroits-là, non ſeulement les particu¬

192.0 1492.0 763.0 72.0 liers, mais les villes meſmes, enuoyoyent

829.0 1554.0 123.0 56.0 adonc
