1023 1853
216.0 46.0 456.0 61.0 FRANCOISE.

755.0 50.0 43.0 61.0 15

40.0 128.0 763.0 43.0 adonc querir à Marſeiſle des gens excellens

36.0 158.0 768.0 64.0 en ſcauoir, pour enſeigner la Ieuneſſe, en

37.0 207.0 766.0 64.0 leur payant vn treſ honorable ſalaire, pour

38.0 256.0 764.0 60.0 l’inſtruction de leurs enfans Mais il y a en¬

38.0 303.0 763.0 68.0 core vn paſſage dedans Cæſar, qui ſemble

36.0 357.0 766.0 63.0 faire pour eux, où il dit que les Gaulois a¬

37.0 405.0 766.0 62.0 uoyent accouſtumé d’vſer de letres Gre¬

39.0 456.0 764.0 63.0 ques en affaires, tant publiques que parti¬

37.0 503.0 768.0 63.0 culiers. Mais ſi nous y prenons garde de

35.0 553.0 766.0 64.0 pres, il ſemble que ce mot de (Grecques)

36.0 604.0 768.0 59.0 non ſeulement ne ſerue de rien en ce lieu¬

33.0 652.0 768.0 60.0 là, mais meſme qu’il le faut effacer, comme

36.0 701.0 767.0 60.0 eſtant vn mot ſuppoſé, faux & du tout hors

36.0 754.0 763.0 59.0 de propos: attendu que pour exprimer l’in¬

36.0 797.0 763.0 65.0 tention de Cæſar, c’eſtoit bien aſſez de di¬

36.0 851.0 765.0 60.0 re, Qu’entre les Gaulois, quãd il eſtoit que¬

33.0 898.0 767.0 64.0 ſtion de la diſcipline & de la loy des Druy¬

33.0 953.0 768.0 57.0 des, ils n’en mettoyent du tout rien par e¬

29.0 999.0 774.0 58.0 ſcrit: ains en imprimoyent la ſcience en la

32.0 1052.0 770.0 56.0 memoire de ceux qu’ils en cognoiſſoyent

35.0 1101.0 764.0 58.0 dignes, ſans eſcriture quelconque: mais

36.0 1154.0 761.0 54.0 qu’en toutes autres choſes, & en tous au¬

33.0 1199.0 763.0 53.0 tres affaires, & particuliers & publiques,

32.0 1247.0 766.0 59.0 ils vſoyent de letres. Car ceſte façon de

36.0 1296.0 761.0 62.0 parler (d’vſer de letres) qui vaut autant à di¬

35.0 1347.0 762.0 58.0 re, comme mettre par eſcrit, ſe trouue aſ¬

33.0 1396.0 763.0 58.0 ſez ſouuent dedans les bons auteurs La¬

37.0 1448.0 758.0 63.0 tins. Mais au reſte, il ſemble bien, que ce
