1023 1853
232.0 54.0 60.0 55.0 16

367.0 50.0 498.0 53.0 DE LA GAVLE

225.0 117.0 764.0 60.0 ſoyent deux choſes contraires l'vne à l’au¬

227.0 158.0 769.0 63.0 tre, de dire que les Gaulois fuſſent ignorãs

230.0 208.0 767.0 62.0 de la langue Grecque (ce que Caſar veut

230.0 259.0 766.0 62.0 donner à entendre en ce paſſage où il parle

227.0 307.0 770.0 63.0 de ſa letre) & de dire qu’ils eſcriuoyent en

232.0 360.0 765.0 58.0 Grec leurs inſtrumens & regeſtres particu¬

231.0 407.0 765.0 65.0 liers & pubuques. Vray eſt que quelques

232.0 460.0 764.0 56.0 vns ont opinion, que ce mot de (letres Gre¬

228.0 506.0 770.0 62.0 ques) ne ſe doit point entendre là, de la ſub¬

229.0 555.0 770.0 60.0 ſtance qui eſtoit couchee par eſcrit, ains ſeu

231.0 605.0 767.0 60.0 lemẽt de la fonne, & de la figure des letres:

230.0 657.0 765.0 58.0 mais ie ne m’y puis bonnemont accorder,

230.0 706.0 769.0 61.0 pour la raiſõ que i’ay dite, c'eſt que tous les

230.0 756.0 768.0 57.0 anciens autours vſent aſſez ſouuent de ceſte

229.0 801.0 769.0 62.0 formé de parler ( Vſer des letres) au lieu de

231.0 853.0 768.0 62.0 dire, mettre par eſcrit: mais en ceſte ſignifi¬

230.0 903.0 769.0 60.0 cation, de, peindre, ou former des letres, ils

231.0 953.0 763.0 61.0 n’en vſent iamais, que ie ſache. Il eſt vray,

233.0 1002.0 766.0 61.0 qu’il dit bien luy meſme, au premier des

232.0 1053.0 765.0 63.0 Commẽt. que certains papiers & regiſtres,

234.0 1102.0 765.0 62.0 furent trouuez au camp des Suiſſes, leſquels

232.0 1154.0 767.0 55.0 eſtoyent eſcrits en characteres Grecs: mais

229.0 1203.0 766.0 60.0 cela ne les aide gueres. Car quelle apparen¬

232.0 1252.0 766.0 59.0 ce y a-il, de dire, que le ſecretaire qui les a¬

231.0 1300.0 767.0 57.0 uoit dreſſez ſceuſt bien eſcrire en Grec, &

230.0 1351.0 767.0 60.0 cependant qu’il n’euſt pas appris à coucher

230.0 1403.0 768.0 59.0 ſes memoires, au meſme langage qu’il les

229.0 1450.0 769.0 60.0 eſcriuoit? D’autre part, il eſt mal-aiſé à croi¬

233.0 1500.0 764.0 65.0 re, qu’il y euſt faute pour lors en Suiſſe ou

862.0 1557.0 135.0 62.0 de pre¬
