1023 1853
183.0 56.0 449.0 55.0 FRANCOISE.

745.0 55.0 49.0 60.0 17

30.0 135.0 767.0 40.0 de preſtres, ou d’enfans de noble maiſon,

30.0 165.0 772.0 63.0 qui euſſent appris la langue Grecque, laquel

30.0 217.0 771.0 60.0 le eſtoit fort priſee en ce temps là, non plus

33.0 266.0 768.0 60.0 qu’il n’y a pas auiourdhuy de ceux, qui s’e¬

29.0 313.0 771.0 62.0 ſtudient à ſcauoir la Latine. Et quand il n’y

32.0 364.0 771.0 60.0 auroit autre choſe, qu’ils auoyent ſi pres de

32.0 414.0 772.0 57.0 eux l’Vniuerſité de Marſeille, ceſte opinion

35.0 463.0 768.0 57.0 d’elle meſme s’en va bas. Auſsi vſe Cæſar

30.0 513.0 776.0 58.0 de ces meſmes termes, au 5.liu.où il parle de

35.0 561.0 772.0 58.0 celle ſiene letre, qu’il enuoya à Ciceron, &

35.0 610.0 770.0 58.0 dit: Qu’il l’eſcriuit en letres Grecques, de

38.0 660.0 767.0 60.0 peur que ſi elle tomboit entre les mains des

35.0 710.0 769.0 55.0 ennemis, ſes cõſeils ne fuſſent deſcouuerts.

39.0 757.0 766.0 60.0 Et Iuſtin, au 2o. de ſes hiſt. Il fut publié, dit¬

38.0 810.0 771.0 57.0 il, vn arreſt du Senat, Que deſormais nul

43.0 857.0 766.0 54.0 Carthaginois, n’euſt à eſtudier aux letres

44.0 904.0 765.0 62.0 Grecques, ny en apprendre la langue, afin

42.0 960.0 765.0 57.0 qu’il ne peuſt, ou eſcrire ou parlementer a¬

43.0 1006.0 765.0 55.0 uec l’ennemy, ſans truchement. Cor. Taci¬

43.0 1057.0 766.0 57.0 tus au liu. de la maniere de viure de l’Ale¬

47.0 1108.0 765.0 54.0 magne dit, qu’on monſtroit encore de ſon

44.0 1157.0 768.0 55.0 temps, des monumens, & des ſepultures an¬

44.0 1205.0 766.0 59.0 tiques, où il y auoit des inſcriptions engra¬

46.0 1255.0 765.0 57.0 uees en letres Grecques, ſur les confins de

42.0 1302.0 768.0 57.0 l’Alemaigne, & de la marche Rhetique. T.

49.0 1352.0 765.0 60.0 Liuius, au 9. liu. de ſes hiſt. On enſeignoit

50.0 1403.0 762.0 57.0 lors (dit-il, parlant du temps de Camillus)

50.0 1451.0 765.0 57.0 les enfans en la langue des Toſcãs, comme

49.0 1501.0 763.0 70.0 on fait maintenant en la Grecque. Et au 28.

652.0 1552.0 28.0 59.0 b
