1023 1853
231.0 66.0 57.0 48.0 18

377.0 49.0 489.0 59.0 DE LA GAVLE

227.0 125.0 782.0 44.0 liu.Annibal fit là dreſſer vn autel, & le de¬

230.0 163.0 772.0 57.0 dia auec vn grand eſcriteau, où eſtoyẽt con¬

227.0 219.0 769.0 57.0 tenues ſes victoires, & les prouëſſes par luy

229.0 270.0 775.0 53.0 vaillamment executees. Et en vn autre paſ¬

227.0 316.0 776.0 57.0 ſage du 4o.liu. En tous les deux autels, dit¬

227.0 372.0 777.0 51.0 il, il y auoit des letres Grecques & Latines

225.0 416.0 778.0 57.0 engrauees. Bref ie ne puis eſtimer, que ſi Cæ

224.0 464.0 776.0 58.0 ſar euſt voulu ſeulement parler des chara¬

223.0 515.0 776.0 55.0 cteres des letres, & non pas de la ſubſtance,

229.0 564.0 767.0 57.0 qu’il n’euſt dit, que l’eſcriture de ces regi¬

225.0 615.0 776.0 54.0 ſtres, eſtoit en forme de letres Grecques, &

222.0 665.0 775.0 56.0 nõ pas ſimplemẽt en letres Grecques. Ainſi

221.0 711.0 778.0 61.0 parle Tacit. au liu.11. Il adiouſta, dit-il, par¬

221.0 762.0 778.0 58.0 lant de l’Empereur Claudius, de nouuelles

220.0 813.0 777.0 53.0 formes de letres aux ancienes: cõſiderãt que

219.0 861.0 775.0 58.0 l’alphabet des Grecs, ne pouuoit auoir eſté

218.0 912.0 780.0 56.0 cõmencé & amené à ſa perfectiõ, tout en vn

217.0 964.0 778.0 54.0 coup, & tout à vne fois. Et vn peu apres: Les

216.0 1011.0 777.0 57.0 letres Latines, ont la meſme figure, que les

218.0 1062.0 776.0 58.0 plus ancienes des Grecs. Mais à fin qu’on ne

216.0 1112.0 777.0 55.0 trouue point eſtrange, que ce mot de Grec¬

216.0 1159.0 775.0 55.0 ques ſe ſoit coulé dedãs le texte de Cæſar, ie

218.0 1207.0 773.0 61.0 produiray vn paſſage tout ſemblable du 8.

214.0 1256.0 777.0 60.0 liu. chap.57.de Pline, pour l’aſſortir auec ce¬

214.0 1309.0 772.0 52.0 ſtuy-cy: dont la ſubſtãce eſt telle: La premie

212.0 1356.0 775.0 58.0 re couſtume, en laquelle toutes les nations

212.0 1405.0 774.0 61.0 vniuerſellement, ſe ſont trouuees d’accord

214.0 1458.0 770.0 59.0 par quelque ſecret mouuemẽt, & cõme ſans

219.0 1501.0 762.0 70.0 y penſer, ça eſtè d’vſer des letres des Ioniẽs.

864.0 1553.0 116.0 64.0 Et in¬
