1023 1853
220.0 57.0 443.0 52.0 FRANCOISE.

749.0 54.0 48.0 58.0 19

40.0 138.0 764.0 42.0 Et incõtinent apres: la ſeconde ç’a eſté d’a¬

40.0 168.0 765.0 57.0 uoir des barbiers. Et conſequẽment, la troi¬

41.0 216.0 766.0 59.0 ſieme, a eſté en l’obſeruatiõ & en l’vſage des

43.0 266.0 766.0 60.0 heures. Car il eſt bien aiſé à iuger, qu’il faut

41.0 316.0 769.0 58.0 ſans doute oſter ce mot (des Ioniẽs) nõ ſeule

43.0 367.0 769.0 58.0 ment pourautant qu’il eſt inutile & ſuperflu

44.0 415.0 764.0 57.0 (car l’intention de Pline n’eſt, ſinon de dire,

45.0 466.0 765.0 59.0 que la premiere choſe, en laquelle toutes na

43.0 516.0 763.0 55.0 tions ont cõſenty & ſe ſont accordees, ç’a e¬

43.0 561.0 766.0 63.0 ſté à lire & à eſcrire) mais auſsi d’autant que

44.0 613.0 764.0 58.0 ce ſeroit choſe fauſſe de dire, que les letres

43.0 660.0 768.0 61.0 des Ioniẽs euſſent eſté les premieres, qui euſ

43.0 715.0 769.0 47.0 ſent eu cours entre les hommes: comme il

43.0 761.0 766.0 59.0 appert par le 1.chap. du meſme liure de Pli¬

42.0 811.0 769.0 55.0 ne, & de l’onzieme liu. de Tacitus. Mais tou

43.0 861.0 768.0 59.0 tefois ſi ay-ie apperceu deux paſſages, l’vn

44.0 910.0 768.0 58.0 dedans Gregoire de Tours, au 5 liure. L’au¬

42.0 962.0 770.0 54.0 tre, dedans Aimoinus, au 3.liu. chap. 41. qui

43.0 1006.0 767.0 59.0 monſtrent cõme il ſemble, que les Gaulois

45.0 1059.0 766.0 57.0 ont vſé quelque fois des formes de letres

47.0 1108.0 763.0 55.0 Grecques. Car parlans du Roy Chilperis,

48.0 1156.0 763.0 57.0 ils diſent, qu’il adiouſta quelques letres

46.0 1205.0 767.0 59.0 aux noſtres: c’eſt à ſcauoir, ω, ψ, ζ, φ. Et en¬

47.0 1257.0 766.0 54.0 uoya letres & mandemens par tout ſon

47.0 1306.0 763.0 55.0 Royaume, enioignant expreſſément à tous

46.0 1354.0 766.0 53.0 maiſtres d’eſchole, de enſeigner ainſi les

47.0 1404.0 766.0 55.0 enfans: toutefois Aimoinus n’en nõme que

48.0 1451.0 763.0 66.0 ces trois: à ſauoir:χ, θ, φ, Mais il faut prẽdre

614.0 1517.0 63.0 47.0 b 2
