1023 1853
225.0 77.0 62.0 44.0 20

362.0 62.0 501.0 54.0 DE LA GAVLE

223.0 140.0 773.0 42.0 cecy dextrement, & ſuppoſer que ceux-cy

222.0 171.0 778.0 54.0 n’eſtoyent plus de ces anciens Gaulois, dõt

224.0 217.0 776.0 64.0 parle Cæſar, ains Frãçois, ou pluſtoſt Frãcs

224.0 267.0 773.0 63.0 gaulois, c’eſt à dire, Frãçois meſlez, de Gau¬

222.0 318.0 777.0 57.0 lois & d’Alemãs, leſquels vſoyent de la lan¬

223.0 370.0 774.0 60.0 gue Germanique, qui leur eſtoit naturelle,

220.0 417.0 778.0 61.0 & non pas de celle des vieux Gaulois, dont

223.0 466.0 773.0 63.0 l’vſage s’eſtoit perdu ſous la dominatiõ des

222.0 515.0 774.0 57.0 Romains: mais outre cela, ſi les letres Grec

221.0 566.0 772.0 64.0 ques, euſſent cõmunement eſté en vſage en¬

220.0 617.0 773.0 60.0 tre les François, pourquoy euſſent-ils ou¬

220.0 661.0 774.0 64.0 blié ſeulement celles-là, puis qu’ils ſe ſer¬

219.0 717.0 776.0 54.0 uoyent de toutes les autres? Mais à l’auentu

219.0 765.0 772.0 61.0 re eſt-ce aſſez parlé de ce propos. Il reſte

219.0 815.0 777.0 61.0 encore à reſpondre à l’opinion de ceux qui

219.0 865.0 773.0 61.0 eſtiment, que les Gaulois parloyent Ale¬

218.0 913.0 776.0 60.0 mand: mais il ne faut qu’vn ſeul paſſage de

221.0 964.0 772.0 60.0 Cæſar, pour leur prouuer du contraire, où

217.0 1011.0 774.0 63.0 il dit, qu’Ariouiſtus Roy des Alemans par

218.0 1064.0 773.0 59.0 loit communement le langage des Gaulois,

218.0 1112.0 772.0 64.0 lequel il auoit appris par long vſage de han¬

218.0 1161.0 773.0 61.0 ter la Gaule. Mais l’opinion, qui a le plus

218.0 1212.0 771.0 61.0 d’apparence de verité, c’eſt celle à mon iu¬

218.0 1261.0 767.0 61.0 gement de ceux qui eſcriuent, que les Gau¬

218.0 1313.0 766.0 60.0 lois auoyent vn langage à part, & non gue¬

216.0 1359.0 769.0 62.0 res different de celuy des anciens Anglois:

217.0 1408.0 769.0 64.0 & y a deux raiſons, qui me le font croire. La

218.0 1457.0 768.0 65.0 premiere, pourautant que Cæſar eſcrit, que

217.0 1511.0 767.0 65.0 c’eſtoit pour lors la couſtume, que ceux, qui

881.0 1578.0 94.0 53.0 vou-
