1023 1853
181.0 46.0 461.0 57.0 FRANCOISE.

747.0 48.0 50.0 43.0 21

33.0 120.0 768.0 47.0 vouloyent auoir vne parfaite cognoiſſance

32.0 153.0 765.0 66.0 de la diſcipline des Druydes, paſſoyent or¬

32.0 202.0 766.0 63.0 dinairement en Angleterre. Or auoyent-ils

33.0 254.0 765.0 55.0 vne maxime entre eux, de ne mettre rien par

32.0 298.0 763.0 68.0 eſcrit, & ne ſe ſeruoyẽt de liures, ny d’eſcri¬

33.0 352.0 764.0 63.0 tures en façon quelcõque: au moyẽ dequoy,

31.0 398.0 764.0 66.0 il falloit qu’ils parlaſſent le meſme langage,

37.0 448.0 765.0 63.0 ou à tout le moins approchant de celuy qui

35.0 500.0 773.0 62.0 eſtoit en vſage en Gaule. L’autre, pource

37.0 545.0 765.0 66.0 que Cor. Tacitus, en la vie d’Agricola e¬

37.0 598.0 763.0 63.0 ſcrit, qu’il n’y auoit pas grãde difference en¬

37.0 644.0 766.0 67.0 tre le langage des Anglois, & des Gaulois.

39.0 694.0 761.0 66.0 Et ſi on peut fonder quelque iugement ſur

41.0 744.0 759.0 63.0 des ſimples coniectures, celle de Beatus

40.0 795.0 762.0 64.0 Rhenanus, ne me ſemble pas trop imperti¬

40.0 845.0 765.0 61.0 nente, lequel a opinion, que le patois vul¬

42.0 895.0 761.0 63.0 gaire de ceux que nous appellons Bretons

41.0 942.0 763.0 62.0 Bretõnans, eſt encore quelque reſte du de¬

41.0 992.0 765.0 63.0 meurant de noſtre langage ancien: quãt aux

42.0 1041.0 763.0 61.0 raiſons, eſquelles il ſe fonde, il vaut mieux

42.0 1089.0 765.0 62.0 les cercher au liure, où il les deduit luy-meſ

42.0 1142.0 762.0 61.0 me, que les reiterer icy. Voila tout ce que

41.0 1190.0 766.0 61.0 nous pouuons vray-ſemblablement dire du

43.0 1239.0 762.0 63.0 vieux lãgage de nos premiers Gaulois. Mais

43.0 1286.0 765.0 64.0 celuy dont nous vſons auiourdhuy, il eſt aſ¬

43.0 1337.0 766.0 62.0 ſez aiſé à voir, que c’eſt vne langue ramaſſee

43.0 1385.0 768.0 65.0 & compoſee de pluſieurs autres. Et pour

43.0 1436.0 769.0 62.0 en dire nettement & au vray ce qui en eſt, il

43.0 1485.0 769.0 75.0 faut departir noſtre lãgage Frãçois en qua¬

624.0 1541.0 65.0 55.0 b 3
