1023 1853
230.0 50.0 63.0 41.0 22

365.0 36.0 495.0 61.0 DE LA GAVLE

226.0 122.0 768.0 40.0 tre: & de ces quatre parts, il en faudra pre¬

225.0 151.0 771.0 60.0 mierement oſter iuſtement la moitié, & la

224.0 203.0 773.0 61.0 rapporter aux Romains, en recognoiſſant

226.0 251.0 769.0 61.0 que c’eſt d’eux que nous la tenons: comme

225.0 301.0 772.0 60.0 ceux qui ont tãt ſoit peu gouſté la langue La

223.0 348.0 774.0 63.0 tine, le ſcauẽt biẽ. Car outre ce que les Gau

223.0 396.0 771.0 67.0 lois aſſuiettis par les Romains, s’accommo

223.0 447.0 770.0 64.0 doyẽt, ou de nature, ou par neceſsité à leurs

221.0 499.0 773.0 61.0 manieres de faire & à leur lãgue: on ſcait aſ¬

223.0 548.0 770.0 63.0 ſez d’autre part, que les Romains eſtoyent

220.0 597.0 774.0 63.0 fort curieux de loger leur langue Latine, où

220.0 645.0 772.0 63.0 ils auoyent planté leurs armes, afin qu’elle

220.0 695.0 770.0 66.0 fuſt receuë par tout (ainſi que le teſmoigne

227.0 743.0 764.0 65.0 Valere le gr.) & pour ceſt effet, ils faiſoyent

218.0 795.0 771.0 64.0 dreſſet colleges & Vniuerſitez, par toutes

219.0 845.0 770.0 61.0 les bonnes villes, comme à Autun, à Bezan¬

220.0 895.0 766.0 63.0 çon, à Lyon, & ailleurs, ce qu’on peut apprẽ¬

218.0 945.0 768.0 61.0 dre de Tacitus, & du poëte Auſonius. Quãt

219.0 993.0 767.0 61.0 à l’autre moitié de noſtre langage, il la faut

217.0 1045.0 770.0 59.0 encore repartir en trois, dõt nous donnerõs

216.0 1093.0 769.0 61.0 Ia premiere part aux antiques Gaulois, la ſe¬

216.0 1143.0 770.0 63.0 conde aux Frãçois, qui ſe mirent en leur pla

216.0 1192.0 768.0 58.0 ce, & la troiſieme, aux letres & diſciplines

216.0 1242.0 765.0 64.0 des Grecs, qui auoyent la vogue pour lors.

218.0 1288.0 764.0 65.0 Car qu’il ſe trouue en noſtre lãgue vulgaire

220.0 1338.0 758.0 63.0 infinis mots de l’ancien Frãçois, c’eſt à dire,

215.0 1390.0 769.0 60.0 de l’Alemand, (cõme nous monſtrerons cy¬

216.0 1441.0 768.0 64.0 apres) il n’y a pas faute de gens, qui en ayent

213.0 1485.0 768.0 78.0 deſia fait la preuue. Il y a auſsi pluſieurs per

889.0 1546.0 90.0 74.0 ſon¬
