1023 1853
192.0 39.0 456.0 56.0 FRANCOISE.

758.0 40.0 47.0 57.0 23

33.0 99.0 773.0 64.0 ſonnages d’eminẽt ſcauoir, qui ont aſſez clai

35.0 143.0 770.0 64.0 rement deſcouuert cõment noſtre langue a

35.0 192.0 765.0 64.0 bien ſceu dextrement emprunter beaucoup

36.0 240.0 770.0 66.0 de termes de la Grecque, pour s’en orner, &

36.0 287.0 767.0 70.0 les accommoder à ſon vſage. Et faut attri¬

35.0 336.0 769.0 71.0 buer la cauſe de cela, nõ point aux Druydes

38.0 390.0 766.0 67.0 (car ie ne penſe pas, qu’ils ayent iamais par¬

36.0 435.0 770.0 68.0 lé Grec)mais à la frequẽtation qu’ils auoyẽt

38.0 484.0 769.0 69.0 auec les Maſsiliens & aux eſcholes, dont

43.0 539.0 491.0 63.0 nous auons parlé cy deſſus.

83.0 578.0 724.0 76.0 ¶ De l’eſtat de la Gaule, depuis qu’elle fut

145.0 632.0 660.0 72.0 reduite en forme de prouince par les

151.0 693.0 199.0 52.0 Romains.

252.0 766.0 343.0 22.0 CHᗅP. III.

50.0 997.0 226.0 53.0 ᑕ

304.0 781.0 502.0 67.0 ’Eſt vne choſe, tenue pour

301.0 831.0 505.0 62.0 toute aſſeuree entre toutes

315.0 878.0 489.0 64.0 gens de ſcauoir, que la Gaule

299.0 926.0 508.0 66.0 fut long tẽps haraſſee des Ro

298.0 975.0 508.0 64.0 mains, & affoiblie par plu¬

42.0 1028.0 767.0 65.0 ſieurs grandes deſconfitures, dont elle fut

43.0 1076.0 763.0 68.0 batue, & que finablement C. Cæſar apres

43.0 1126.0 764.0 71.0 la plus longue, & la plus perilleuſe guerre

43.0 1174.0 765.0 65.0 qui fut iamais, & pluſieurs groſſes batailles

44.0 1228.0 765.0 66.0 qu’il gaigna, la ſubiugua & conquit toute

43.0 1276.0 762.0 62.0 entierement, & la reduiſit en forme de pro¬

43.0 1321.0 771.0 65.0 uince. Ce fut certainement la deſtinee de

43.0 1369.0 772.0 70.0 ceſte puiſſante & belliqueuſe nation, qui la

43.0 1419.0 772.0 68.0 conduiſit à ce poinct-là, à fin qu’elle fuſt auſ

43.0 1469.0 770.0 82.0 ſi bien que les autres aſſuiettie à la parfin,

616.0 1522.0 66.0 56.0 b 4
