1023 1853
228.0 36.0 60.0 50.0 24

368.0 32.0 496.0 62.0 DE LA GAVLE

223.0 111.0 771.0 48.0 ſous la puiſſance de la grande Beſte (ainſi

223.0 142.0 768.0 68.0 qu’elle eſt appellee par Daniel le prophete)

222.0 191.0 771.0 68.0 combien qu’au demeurant, elle euſt debatu

221.0 239.0 772.0 68.0 contre elle, l’eſpace de huict cens ans (cõme

221.0 289.0 770.0 68.0 dit Ioſephe) la ſouueraineté de l’empire: &

220.0 339.0 771.0 70.0 bien ſouuent auec tel auantage, que les Ro¬

220.0 391.0 770.0 65.0 mains l’ont touſiours plus redouté & plus

219.0 441.0 773.0 64.0 craint qu’autre nation quelcõque. A raiſon

220.0 488.0 771.0 66.0 dequoy Plutarque en la vie de Camillus &

220.0 539.0 767.0 68.0 de Marcellus, Appian. au 2. liu. des guerres

217.0 589.0 768.0 64.0 ciuiles. Liuius, au 8.liure. & 10.ont laiſſé par

217.0 637.0 767.0 67.0 eſcrit, Que les Gaulois firent ſi grãd frayeur

217.0 689.0 769.0 67.0 aux Romains, lors qu’ils prindrent la ville

217.0 737.0 767.0 69.0 de Rome, qu’ils firent vne ordonnãce, que

216.0 786.0 765.0 70.0 de lors en auant, les preſtres & gens de reli¬

218.0 835.0 766.0 70.0 gion, ſeroyent diſpenſez & exempts d’aller à

217.0 889.0 764.0 65.0 la guerte, excepté quand les Gaulois s’ele¬

216.0 936.0 766.0 60.0 ueroyent. Ciceron touche cela meſmes en

216.0 983.0 764.0 71.0 la 2. de ſes oraiſons Philippiques. Cæſar

214.0 1035.0 767.0 66.0 meſme au 6. liu. des com. & apres luy Ta¬

214.0 1085.0 767.0 64.0 citus au liure de la maniere de viure de l’A¬

215.0 1132.0 766.0 71.0 lemaigne eſcriuent, qu’il fut vn temps, que

216.0 1182.0 764.0 67.0 les Gaulois ſurpaſſoyent de beaucoup les

215.0 1235.0 765.0 65.0 Alemans en force & en vaillance, iuſques à

213.0 1283.0 765.0 66.0 aller courir les premiers ſur leurs terres, &

214.0 1333.0 758.0 64.0 planter des Colonies au delà du Rhein,

214.0 1382.0 764.0 70.0 pour deſcharger leur pays, qui n’eſtoit pas

211.0 1432.0 768.0 66.0 ſuffiſant pour nourrir vne ſi grande multi¬

211.0 1480.0 765.0 76.0 tude. Mais auſsi toſt que leur liberté leur

912.0 1543.0 67.0 72.0 fut
