1023 1853
183.0 45.0 453.0 57.0 FRANCOISE.

743.0 45.0 47.0 60.0 25

24.0 117.0 772.0 43.0 fut oſtee, ils perdirent beaucoup de celle

26.0 154.0 771.0 50.0 anciene vertu, & Tacitus n’en attribue la

24.0 201.0 772.0 58.0 cauſe à autre choſe qu’à cela: au liu. de la vie

25.0 252.0 769.0 58.0 de Agricola: Nous auons, dit il, ouy dire,

28.0 299.0 767.0 61.0 que les Gaulois furent autrefois merueil¬

26.0 350.0 773.0 53.0 leuſement hardis & adroits aux armes: mais

28.0 400.0 769.0 58.0 depuis la pareſſe ſe coula entr’eux, auec le

28.0 447.0 765.0 63.0 repos & l’oyſiueté, qui amollit & deſtrem¬

32.0 500.0 763.0 55.0 pa du tout la vigueur de leur courage, & de

29.0 547.0 769.0 58.0 leur hardieſſe: apres qu’ils eurent perdu

30.0 596.0 768.0 56.0 leur liberté, & leur vertu tout enſemble.

37.0 646.0 761.0 59.0 Toutefois pourautant qu’il eſt permis de ſe

32.0 693.0 767.0 61.0 laiſſer aller quelquefois à l’amour de ſon

35.0 746.0 763.0 60.0 pays, conſiderons encore vn beau teſmoi¬

35.0 793.0 763.0 62.0 gnage, que rend Iuſtin à la vertu des Gau¬

33.0 845.0 766.0 57.0 lois, au 24. de ſes hiſtoires. Les Gaulois, dit¬

32.0 891.0 770.0 60.0 il, eſtans ſi fort accreus en nombre d’hom¬

36.0 942.0 767.0 62.0 mes, que le pays, qui les auoit portez, n’e¬

33.0 995.0 769.0 56.0 ſtoit pas aſſez grand pour les tenir, enuoye¬

35.0 1042.0 771.0 56.0 rent dehors trois cens mille hommes, pour

35.0 1093.0 770.0 49.0 aller cercher autres terres à habiter. Et d’i¬

36.0 1141.0 766.0 56.0 ceux, les vns paſſerent en Italie, dont ils oc¬

37.0 1192.0 769.0 55.0 cuperent vne bonne partie, brulerent & ſac¬

37.0 1239.0 767.0 58.0 cagerent la ville de Rome: les autres ſe i et¬

38.0 1288.0 767.0 55.0 tans du coſté de l’Eſclauonie, trauerſerent à

38.0 1339.0 765.0 49.0 force d’armes, toute la terre ferme de l’Eu¬

39.0 1387.0 765.0 59.0 rope, & s’arreſterent en Hongrie:nation aſ¬

40.0 1436.0 762.0 59.0 pre, hardie & belliqueuſe, laquelle oſa la

42.0 1489.0 760.0 64.0 premiere apres Hercules, qui en acquit vne

605.0 1548.0 70.0 71.0 b 5
