1023 1853
239.0 46.0 59.0 48.0 26

368.0 40.0 500.0 60.0 DE LA GAVLE

231.0 103.0 762.0 59.0 eternelle gloire entre les hõmes, & la repu¬

233.0 149.0 767.0 58.0 tatiõ d’eſtre immortel, forcer la hauteur in¬

233.0 197.0 768.0 66.0 finie des Alpes, à trauers les grãs monceaux

231.0 248.0 769.0 63.0 de glaces & de neges, & des lieux, où il ne

231.0 295.0 770.0 68.0 peut durer ny beſtes, ny hõmes, pour le grãd

227.0 344.0 769.0 63.0 froid qu’il y fait: & de là ſe iettãs ſur les Pan¬

226.0 395.0 772.0 66.0 nonies, les ſubiuguerent: & s’y eſtans fina¬

226.0 447.0 772.0 64.0 blement arreſtez, paſſerent vn lõg temps en

225.0 495.0 768.0 65.0 cõtinuelles guerres, courãs ſur leurs voiſins,

224.0 545.0 770.0 58.0 & leurs voiſins ſur eux. Depuis eſtans amor

224.0 595.0 762.0 62.0 chez par ſucces de leurs victoires, à tirer plꝰ

223.0 649.0 762.0 58.0 auant en pays, ſe diuiſerent en deux armees,

218.0 691.0 773.0 65.0 dõt l’vne alla rauager la Grece, & l’autre la

216.0 746.0 775.0 60.0 Macedoine, auec vne telle violence, que rien

216.0 793.0 773.0 65.0 ne pouuoit durer deuãt eux, & là oú ils trou

215.0 847.0 774.0 58.0 uoyent à combatre, ils emportoyent & ra¬

214.0 891.0 773.0 66.0 cloyẽt tout ſi furieuſemẽt, qu’ils ſembloyẽt

212.0 941.0 771.0 64.0 vne foudre par tout où ils paſſoyent: de ma¬

209.0 990.0 775.0 62.0 niere qu’au ſeul nõ des Gaulois tout le mon

208.0 1039.0 775.0 66.0 de trembloit, & les redoutoit tant, que les

209.0 1094.0 773.0 57.0 Roys meſmes venoyent les premiers au de¬

208.0 1142.0 773.0 61.0 uãt d’eux, auec preſens pour acheter la paix.

206.0 1187.0 771.0 63.0 Et au liure enſuyuãt, La ieuneſſe Gauloiſe,

207.0 1239.0 773.0 63.0 dit-il, eſtoit lors en ſi grand nombre, qu’elle

207.0 1287.0 771.0 64.0 s’eſpãdoit ſur toute l’Aſie, cõme vne groſſe

202.0 1339.0 777.0 61.0 nuee de mouches: bref les Roys de l’Orient

201.0 1388.0 776.0 63.0 ne faiſoyent pas vne guerre, qu’ils n’euſſent

203.0 1439.0 774.0 56.0 touſiours des Gaulois à leur ſoude: & ceux

205.0 1485.0 765.0 73.0 qui eſtoyent dechaſſez de leurs Royaumes,

781.0 1550.0 192.0 55.0 n’auoyent
