1023 1853
181.0 45.0 455.0 55.0 FRANCOISE.

729.0 46.0 48.0 51.0 27

18.0 119.0 769.0 41.0 n’auoyent recours ailleurs, qu’à l’aide des

21.0 147.0 766.0 67.0 Gaulois. Mais à l’aduenture, eſt-ce aſſez par

20.0 197.0 769.0 66.0 lé de la vaillance & vertu des Gaulois au

19.0 249.0 768.0 63.0 fait des armes: laquelle toutefois (comme

19.0 296.0 772.0 63.0 nous diſions n’agueres) s’eſuanouit auſsi toſt

20.0 344.0 768.0 61.0 comme leur liberté. Ce nonobſtant de¬

23.0 395.0 766.0 65.0 puis que les Romains eurent aſſeuré l’e¬

23.0 445.0 768.0 64.0 ſtat de leur prouince en la Gaule, il y eut

23.0 494.0 763.0 66.0 encore quelques vnes des Citez, qui retin¬

24.0 542.0 764.0 65.0 drent leur liberté, cõme celles des Neruiẽs,

23.0 590.0 768.0 64.0 des Sueſsioniens, des Vlbaneſsiens. des Leu

24.0 644.0 768.0 62.0 ciens: quelques autres demeurerent alliees

26.0 693.0 766.0 60.0 des Romains: comme celles des Lingones,

27.0 741.0 765.0 60.0 des Rhemiẽs, des Carnutes, & des Aeduiẽs:

27.0 790.0 764.0 65.0 ainſi que le teſmoigne Pline, au 4.liu. ch. 17.

29.0 841.0 763.0 62.0 Or quel eſtoit l’eſtat & condition de celles,

28.0 892.0 764.0 65.0 qui eſtoyent gouuernees en forme de pro¬

28.0 940.0 768.0 58.0 uince, on le peut recueillir du 7. des Com.

28.0 985.0 769.0 67.0 de Cæſar, où il y a vn beau diſcours d’vn Cri

29.0 1036.0 768.0 70.0 tognatus Auuergnat, qui eſt de telle ſubſtan

30.0 1087.0 765.0 62.0 ce, Si vous ignorez, dit-il, ce qui ſe fait és na¬

31.0 1133.0 764.0 67.0 tiõs vn peu plus eſloignees de nous, cõſide¬

30.0 1185.0 765.0 65.0 rez cõment celle partie de Gaule, qui nous

32.0 1233.0 764.0 66.0 cõfine, eſt traitee: laquelle eſtant rẽgee ſous

35.0 1287.0 762.0 63.0 vn gouuernemẽt de prouince, a eſté cõtrain

33.0 1336.0 762.0 63.0 te de changer de loix & de police, & trem¬

33.0 1383.0 754.0 67.0 blant au regard des haches Romaines, ge¬

35.0 1431.0 758.0 63.0 mit ſous le faix de ſeruitude. Or ceſte ſerui¬

35.0 1480.0 765.0 77.0 tude icy, qui luy auoit eſté impoſee, eſtoit
