1023 1853
230.0 48.0 70.0 48.0 28

343.0 39.0 503.0 57.0 DE LA GAVLE

226.0 118.0 761.0 41.0 de trois ſortes. La premiere, c’eſt qu’il leur

226.0 151.0 765.0 55.0 falloit receuoir des garniſons dedãs toutes

229.0 200.0 763.0 58.0 les villes, combien qu’au demeurant les Ro

228.0 253.0 764.0 52.0 mains n’enuoyaſſent pas grandes forces de¬

226.0 300.0 766.0 57.0 dans les prouinces, qui ſe maintenoyẽt pai¬

227.0 348.0 767.0 58.0 ſibles. Et de fait Ioſeph. au 2. liu. de la guer¬

229.0 399.0 764.0 57.0 re des Iuifs, dit, que du tẽps de l’Empereur

234.0 449.0 759.0 57.0 Titus, il n’y auoit en tout que mille & deux

227.0 500.0 769.0 53.0 cens hommes de guerre, ordonnez pour la

227.0 545.0 768.0 59.0 garde de la Gaule: nonobſtãt qu’ils euſſent

229.0 597.0 766.0 51.0 combatu pour defendre leur liberté, à l’en¬

228.0 646.0 766.0 57.0 contre des Romains, preſque l’eſpace de

227.0 696.0 769.0 57.0 trois cens ans: & qu’il y euſt preſque plus

228.0 744.0 765.0 56.0 de villes, que de ſoldats Romains en la Gau

227.0 792.0 765.0 59.0 le. L’autre poinct de ſeruitude eſtoit, que

228.0 845.0 765.0 55.0 les prouinces eſtoyent tenues de payer tail¬

225.0 892.0 768.0 58.0 les & tributs aux Romains, & pour ceſt ef¬

225.0 941.0 767.0 59.0 fet, eſtoyent contraintes de ſouffrir des pea¬

226.0 991.0 767.0 60.0 gers, fermiers, & gabelleurs, c’eſt à dire, des

225.0 1042.0 769.0 54.0 harpyes, & des ſanſues, qui les mangeoyent

225.0 1089.0 769.0 61.0 & ſucçoyent leur ſang. Et Eutropius à laiſſé

228.0 1140.0 762.0 62.0 par eſcrit, que Cæſar ayãt ſubiugué la Gau¬

225.0 1191.0 770.0 57.0 le, la condamna à payer par forme de tribut

225.0 1239.0 770.0 57.0 aux Romains vn million d’or. La troiſieme

225.0 1288.0 768.0 55.0 ſuietion, dont les prouinces eſtoyent char¬

226.0 1338.0 768.0 61.0 gees, c’eſtoit, qu’elles n’vſoyent plus de leur

227.0 1388.0 767.0 57.0 police, ny de leurs loix ancienes & accouſtu

226.0 1437.0 767.0 53.0 mees, ains falloit qu’elles obeiſſent aux ma

225.0 1486.0 768.0 68.0 giſtrats & gouuerneurs, qui leur eſtoyent

836.0 1545.0 156.0 54.0 enuoyez
