<?xml version="1.0" encoding="UTF-8"?>
<alto xmlns:xsi="http://www.w3.org/2001/XMLSchema-instance"
      xmlns="http://www.loc.gov/standards/alto/ns-v4#"
      xsi:schemaLocation="http://www.loc.gov/standards/alto/ns-v4# http://www.loc.gov/standards/alto/v4/alto-4-2.xsd">
  <Description>
    <MeasurementUnit>pixel</MeasurementUnit>
    <sourceImageInformation>
      <fileName>54_1bf2d_default.jpg</fileName>
      <fileIdentifier>mets//0_4c28e_default.zip/54_1bf2d_default.jpg</fileIdentifier>
    </sourceImageInformation>
  </Description>
  <Tags>
    <OtherTag ID="BT7" LABEL="CustomZone" DESCRIPTION="block type CustomZone"/><OtherTag ID="BT8" LABEL="DamageZone" DESCRIPTION="block type DamageZone"/><OtherTag ID="BT9" LABEL="DigitizationArtefactZone" DESCRIPTION="block type DigitizationArtefactZone"/><OtherTag ID="BT10" LABEL="DropCapitalZone" DESCRIPTION="block type DropCapitalZone"/><OtherTag ID="BT11" LABEL="GraphicZone" DESCRIPTION="block type GraphicZone"/><OtherTag ID="BT12" LABEL="MainZone" DESCRIPTION="block type MainZone"/><OtherTag ID="BT13" LABEL="MarginTextZone" DESCRIPTION="block type MarginTextZone"/><OtherTag ID="BT14" LABEL="MusicZone" DESCRIPTION="block type MusicZone"/><OtherTag ID="BT15" LABEL="NumberingZone" DESCRIPTION="block type NumberingZone"/><OtherTag ID="BT17" LABEL="QuireMarksZone" DESCRIPTION="block type QuireMarksZone"/><OtherTag ID="BT18" LABEL="RunningTitleZone" DESCRIPTION="block type RunningTitleZone"/><OtherTag ID="BT19" LABEL="SealZone" DESCRIPTION="block type SealZone"/><OtherTag ID="BT20" LABEL="StampZone" DESCRIPTION="block type StampZone"/><OtherTag ID="BT21" LABEL="TableZone" DESCRIPTION="block type TableZone"/><OtherTag ID="BT22" LABEL="TitlePageZone" DESCRIPTION="block type TitlePageZone"/><OtherTag ID="BT100001" LABEL="MainZone-Head" DESCRIPTION="block type MainZone-Head"/><OtherTag ID="BT100005" LABEL="MainZone-P" DESCRIPTION="block type MainZone-P"/><OtherTag ID="BT100006" LABEL="MainZone-Continued" DESCRIPTION="block type MainZone-Continued"/><OtherTag ID="BT100002" LABEL="MainZone-Lg" DESCRIPTION="block type MainZone-Lg"/><OtherTag ID="BT100007" LABEL="MarginTextZone-ManuscriptAddendum" DESCRIPTION="block type MarginTextZone-ManuscriptAddendum"/><OtherTag ID="BT100003" LABEL="MainZone-Signature" DESCRIPTION="block type MainZone-Signature"/><OtherTag ID="BT100012" LABEL="TitlePageZone-Index" DESCRIPTION="block type TitlePageZone-Index"/>
    <OtherTag ID="LT7" LABEL="CustomLine" DESCRIPTION="line type CustomLine"/><OtherTag ID="LT8" LABEL="DefaultLine" DESCRIPTION="line type DefaultLine"/><OtherTag ID="LT9" LABEL="DropCapitalLine" DESCRIPTION="line type DropCapitalLine"/><OtherTag ID="LT10" LABEL="HeadingLine" DESCRIPTION="line type HeadingLine"/><OtherTag ID="LT11" LABEL="InterlinearLine" DESCRIPTION="line type InterlinearLine"/><OtherTag ID="LT12" LABEL="MusicLine" DESCRIPTION="line type MusicLine"/><OtherTag ID="LT766" LABEL="default" DESCRIPTION="line type default"/>
  </Tags>
  <Layout>
    <Page WIDTH="1023"
          HEIGHT="1853"
          PHYSICAL_IMG_NR="54"
          ID="eSc_dummypage_">
      <PrintSpace HPOS="0"
                  VPOS="0"
                  WIDTH="1023"
                  HEIGHT="1853">
        <TextBlock HPOS="174.0"
                   VPOS="43.0"
                   WIDTH="455.0"
                   HEIGHT="52.0"
                   ID="block_0"
                   TAGREFS="BT18">
          <Shape><Polygon POINTS="629 43 629 95 174 95 174 43"/></Shape>
          <TextLine ID="line_0"
                    TAGREFS="LT10"
                    BASELINE="173 86 635 81" 
                    HPOS="172.0"
                    VPOS="45.0"
                    WIDTH="463.0"
                    HEIGHT="57.0">
            <Shape><Polygon POINTS="615 45 604 45 594 45 584 45 573 45 563 45 553 45 542 45 532 45 522 45 512 45 501 45 491 45 483 45 480 46 473 45 470 45 460 45 450 45 439 45 429 45 419 45 408 45 398 45 394 45 355 48 312 45 305 45 295 45 285 45 275 45 262 49 172 45 173 86 173 100 335 102 336 102 372 100 422 96 428 99 430 101 431 101 432 101 433 101 434 101 439 99 451 95 565 99 585 99 586 99 587 99 589 99 603 94 634 98 635 81 633 45 625 45"/></Shape>
	    <String CONTENT="FRANCOISE."
                    HPOS="172.0"
                    VPOS="45.0"
                    WIDTH="463.0"
                    HEIGHT="57.0"></String>
          </TextLine>
        </TextBlock>
        <TextBlock HPOS="739.0"
                   VPOS="48.0"
                   WIDTH="57.0"
                   HEIGHT="43.0"
                   ID="block_2"
                   TAGREFS="BT15">
          <Shape><Polygon POINTS="796 48 796 91 739 91 739 48"/></Shape>
          <TextLine ID="line_1"
                    TAGREFS="LT8"
                    BASELINE="738 77 783 77" 
                    HPOS="738.0"
                    VPOS="45.0"
                    WIDTH="45.0"
                    HEIGHT="50.0">
            <Shape><Polygon POINTS="738 77 738 91 782 95 783 77 783 45 738 45 738 77"/></Shape>
	    <String CONTENT="29"
                    HPOS="738.0"
                    VPOS="45.0"
                    WIDTH="45.0"
                    HEIGHT="50.0"
                    WC="0.9999953508377075"></String>
          </TextLine>
        </TextBlock>
        <TextBlock HPOS="19.0"
                   VPOS="104.0"
                   WIDTH="784.0"
                   HEIGHT="1438.0"
                   ID="block_1"
                   TAGREFS="BT100006">
          <Shape><Polygon POINTS="801 107 802 294 803 1542 19 1542 21 104"/></Shape>
          <TextLine ID="line_2"
                    TAGREFS="LT8"
                    BASELINE="20 151 479 138 790 135" 
                    HPOS="19.0"
                    VPOS="116.0"
                    WIDTH="771.0"
                    HEIGHT="53.0">
            <Shape><Polygon POINTS="781 116 771 116 761 116 751 116 740 116 730 116 720 116 709 116 699 116 689 116 678 116 668 116 658 116 648 116 637 116 627 116 617 116 606 116 596 116 586 116 575 116 565 116 555 116 544 116 534 116 524 116 514 116 503 116 493 116 483 116 472 116 462 116 452 116 441 116 431 116 421 116 411 116 400 116 398 116 390 116 380 116 369 116 359 116 349 116 345 116 342 119 302 119 297 116 287 116 277 116 266 116 256 116 246 116 235 116 225 116 220 116 205 121 192 116 184 116 174 121 160 116 159 116 158 116 83 117 19 125 20 151 20 164 46 168 47 168 70 164 80 162 88 163 114 169 115 169 179 162 211 159 225 162 250 166 251 166 252 166 253 166 261 161 264 159 274 161 293 165 294 165 295 165 314 160 328 157 353 160 384 163 385 163 386 163 394 159 402 155 426 159 448 162 449 162 470 158 498 153 525 157 543 160 544 160 608 158 609 158 618 156 640 150 675 150 685 155 686 156 687 156 688 156 689 156 790 153 790 135 788 116 781 116"/></Shape>
	    <String CONTENT="enuoyez auec plein pouuoir, &amp; ſouueraine"
                    HPOS="19.0"
                    VPOS="116.0"
                    WIDTH="771.0"
                    HEIGHT="53.0"
                    WC="0.9874995470046997"></String>
          </TextLine>
          <TextLine ID="line_3"
                    TAGREFS="LT8"
                    BASELINE="19 199 475 188 791 185" 
                    HPOS="18.0"
                    VPOS="150.0"
                    WIDTH="773.0"
                    HEIGHT="67.0">
            <Shape><Polygon POINTS="19 199 19 211 117 217 118 217 179 210 191 208 193 210 200 215 201 215 202 215 203 215 267 208 294 206 302 208 317 213 318 213 319 213 320 213 333 208 342 205 357 207 379 212 380 212 448 207 533 201 573 205 582 206 583 206 589 205 616 201 623 205 624 206 625 206 626 206 627 206 791 203 791 185 789 156 771 150 770 150 769 150 707 157 665 150 664 150 663 150 648 158 614 151 612 151 611 151 584 160 494 153 493 153 492 153 491 153 478 162 446 162 385 155 384 155 383 155 362 165 327 165 281 157 280 157 279 157 260 162 225 158 224 158 118 169 86 161 85 161 84 161 83 161 82 161 73 169 18 171 19 199"/></Shape>
	    <String CONTENT="authorité, d’adminiſtrer iuſtice, &amp; alloyent"
                    HPOS="18.0"
                    VPOS="150.0"
                    WIDTH="773.0"
                    HEIGHT="67.0"
                    WC="0.9947092771530152"></String>
          </TextLine>
          <TextLine ID="line_4"
                    TAGREFS="LT8"
                    BASELINE="19 249 601 235 792 235" 
                    HPOS="18.0"
                    VPOS="200.0"
                    WIDTH="774.0"
                    HEIGHT="70.0">
            <Shape><Polygon POINTS="19 249 20 268 40 263 47 268 50 270 51 270 52 270 53 270 54 270 60 268 69 264 90 267 107 269 108 269 109 269 110 269 110 268 112 267 118 261 131 266 137 268 138 268 139 268 205 267 206 267 212 265 227 258 427 255 463 260 474 261 475 261 495 259 525 256 594 257 646 258 648 258 649 258 655 256 673 250 697 255 707 257 708 257 742 256 743 256 747 254 763 248 791 253 792 235 790 200 612 208 577 205 538 202 537 202 492 208 463 212 451 210 427 204 426 204 425 204 424 204 417 211 414 213 408 211 398 206 397 206 324 206 323 206 322 206 321 206 313 213 312 214 309 214 284 207 283 207 282 207 266 215 263 216 252 215 222 212 221 212 220 212 219 212 215 216 213 217 209 216 191 213 190 213 124 219 115 219 112 219 84 214 83 214 82 214 81 214 75 220 18 221 19 249"/></Shape>
	    <String CONTENT="accompagnez de leurs ſergens, qui portoyẽt"
                    HPOS="18.0"
                    VPOS="200.0"
                    WIDTH="774.0"
                    HEIGHT="70.0"
                    WC="0.9994073038877442"></String>
          </TextLine>
          <TextLine ID="line_5"
                    TAGREFS="LT8"
                    BASELINE="20 299 513 287 791 284" 
                    HPOS="19.0"
                    VPOS="248.0"
                    WIDTH="772.0"
                    HEIGHT="69.0">
            <Shape><Polygon POINTS="20 299 20 315 66 316 67 316 69 316 74 313 83 309 92 313 101 317 103 317 104 317 176 310 195 309 202 309 232 313 233 313 234 313 253 308 261 306 267 308 281 312 282 312 283 312 342 311 343 311 344 311 351 305 354 303 362 305 380 310 381 310 382 310 383 310 395 304 400 302 410 304 429 308 430 308 431 308 442 303 447 300 493 300 513 301 580 306 581 306 582 306 602 299 604 298 605 298 620 305 621 305 622 305 652 299 665 304 666 304 667 304 668 304 669 304 678 297 710 301 711 301 743 295 752 300 753 300 754 300 755 300 790 293 791 284 788 255 744 255 743 255 734 248 733 248 732 248 731 248 730 248 709 255 706 256 703 255 684 249 683 249 682 249 680 249 660 255 644 249 643 249 642 249 641 249 627 256 622 258 617 256 605 252 604 252 603 252 584 256 572 259 561 257 542 252 541 252 540 252 539 252 529 257 522 260 497 257 461 253 460 253 459 253 458 253 451 258 442 263 396 263 369 263 364 258 360 255 359 255 358 255 357 255 310 259 283 261 270 259 256 257 255 257 237 260 193 267 165 263 164 263 163 263 162 263 156 269 63 270 19 262 20 299"/></Shape>
	    <String CONTENT="deuant eux les faiſceaux de verges, &amp; les ha¬"
                    HPOS="19.0"
                    VPOS="248.0"
                    WIDTH="772.0"
                    HEIGHT="69.0"
                    WC="0.9930703375074599"></String>
          </TextLine>
          <TextLine ID="line_6"
                    TAGREFS="LT8"
                    BASELINE="20 347 533 335 792 333" 
                    HPOS="19.0"
                    VPOS="302.0"
                    WIDTH="773.0"
                    HEIGHT="65.0">
            <Shape><Polygon POINTS="20 347 20 367 160 365 161 365 164 364 177 357 241 361 266 363 267 363 268 363 280 360 294 357 304 360 313 362 314 362 315 362 316 362 317 362 320 359 328 354 359 358 374 360 376 360 389 357 416 351 521 350 531 354 540 357 541 357 542 357 564 353 578 350 589 352 610 356 611 356 612 356 630 351 631 351 632 351 658 355 659 355 660 355 661 355 661 354 666 350 669 346 678 350 693 354 694 354 695 354 792 345 792 333 789 302 414 304 372 311 362 312 354 311 322 307 321 307 320 307 319 307 311 312 309 313 302 312 270 307 269 307 268 307 267 307 259 313 257 315 249 313 212 310 211 310 210 310 209 310 202 316 200 317 111 318 103 318 43 312 42 312 41 312 19 319 20 347"/></Shape>
	    <String CONTENT="ches, comme deuant des Lieutenans du peu"
                    HPOS="19.0"
                    VPOS="302.0"
                    WIDTH="773.0"
                    HEIGHT="65.0"
                    WC="0.9887316718697547"></String>
          </TextLine>
          <TextLine ID="line_7"
                    TAGREFS="LT8"
                    BASELINE="21 398 538 386 792 383" 
                    HPOS="20.0"
                    VPOS="346.0"
                    WIDTH="772.0"
                    HEIGHT="71.0">
            <Shape><Polygon POINTS="21 398 21 417 139 408 211 414 218 414 219 414 227 413 297 405 341 411 342 411 343 411 344 411 369 406 440 409 444 409 445 409 446 409 476 401 549 407 552 407 553 407 554 407 555 407 568 399 590 406 591 406 592 406 593 406 645 398 700 404 701 404 702 404 703 404 719 398 724 403 725 403 726 403 727 403 792 402 792 383 790 354 662 346 661 346 569 358 562 358 558 358 515 350 514 350 452 352 451 352 450 352 440 360 439 361 415 361 403 361 326 354 325 354 324 354 310 359 280 355 279 355 278 355 277 355 265 363 263 365 137 365 123 365 82 359 81 359 20 367 21 398"/></Shape>
	    <String CONTENT="ple Romain. Ceſte triple ſeruitude affligea"
                    HPOS="20.0"
                    VPOS="346.0"
                    WIDTH="772.0"
                    HEIGHT="71.0"
                    WC="0.9972255895304125"></String>
          </TextLine>
          <TextLine ID="line_8"
                    TAGREFS="LT8"
                    BASELINE="21 446 789 431" 
                    HPOS="20.0"
                    VPOS="398.0"
                    WIDTH="769.0"
                    HEIGHT="68.0">
            <Shape><Polygon POINTS="21 446 21 460 63 465 64 465 65 465 83 460 86 459 88 460 101 466 103 466 104 466 141 459 150 457 244 456 252 458 265 462 266 462 267 462 301 458 328 453 346 457 368 461 369 461 427 460 428 460 436 456 440 453 469 456 505 458 506 458 507 458 519 455 540 449 560 455 565 456 566 456 567 456 649 455 650 455 651 455 652 453 656 450 659 453 660 455 661 455 662 455 663 455 679 453 713 449 729 452 735 453 736 453 737 453 740 452 755 445 788 451 789 431 786 405 712 405 694 398 693 398 692 398 631 407 585 400 584 400 583 400 564 408 480 410 379 404 378 404 326 405 325 405 294 413 274 407 273 407 271 407 270 407 250 414 226 407 225 407 224 407 223 407 202 416 134 416 72 410 71 410 20 420 21 446"/></Shape>
	    <String CONTENT="tellement toutes les prouinces, &amp; principa¬"
                    HPOS="20.0"
                    VPOS="398.0"
                    WIDTH="769.0"
                    HEIGHT="68.0"
                    WC="0.9963717613109323"></String>
          </TextLine>
          <TextLine ID="line_9"
                    TAGREFS="LT8"
                    BASELINE="21 496 788 479" 
                    HPOS="20.0"
                    VPOS="445.0"
                    WIDTH="768.0"
                    HEIGHT="70.0">
            <Shape><Polygon POINTS="21 496 21 508 33 515 35 515 36 515 121 506 201 512 202 512 203 512 221 504 284 509 285 509 363 502 402 508 403 508 486 504 487 504 500 498 500 497 564 497 565 497 593 504 594 504 595 504 725 501 726 501 727 501 739 493 741 493 788 493 788 479 785 452 732 452 731 452 704 445 703 445 702 445 701 445 700 445 694 450 649 446 648 446 646 446 632 455 631 455 624 455 554 448 553 448 552 448 551 448 540 456 537 457 524 456 452 450 451 450 412 452 411 452 410 452 403 458 399 460 373 458 311 453 310 453 309 453 293 460 285 462 278 460 261 455 260 455 259 455 229 460 210 464 20 464 21 496"/></Shape>
	    <String CONTENT="lement nos Gaulois, qu’ils ne la peurẽt lon¬"
                    HPOS="20.0"
                    VPOS="445.0"
                    WIDTH="768.0"
                    HEIGHT="70.0"
                    WC="0.99919683403439"></String>
          </TextLine>
          <TextLine ID="line_10"
                    TAGREFS="LT8"
                    BASELINE="21 544 793 531" 
                    HPOS="20.0"
                    VPOS="496.0"
                    WIDTH="773.0"
                    HEIGHT="69.0">
            <Shape><Polygon POINTS="21 544 21 565 84 555 161 561 162 561 215 553 247 560 256 561 257 561 323 557 324 557 325 557 336 551 371 556 385 557 386 557 414 554 466 549 481 553 493 556 494 556 495 556 615 554 616 554 631 549 635 548 650 548 715 552 717 552 718 552 729 546 734 544 768 544 772 545 782 551 783 551 785 551 786 551 787 551 793 546 793 531 790 496 733 504 717 497 715 497 714 497 673 497 672 497 671 497 668 498 655 505 587 500 563 499 562 499 561 499 557 501 546 507 512 502 496 500 495 500 473 503 433 509 403 505 385 502 384 502 383 502 376 505 365 510 333 506 328 506 327 506 312 507 235 512 220 509 201 505 200 505 199 505 186 510 176 513 164 510 156 508 155 508 154 508 153 508 147 511 138 514 20 514 21 544"/></Shape>
	    <String CONTENT="guement ſupporter. A raiſon dequoy (ainſi"
                    HPOS="20.0"
                    VPOS="496.0"
                    WIDTH="773.0"
                    HEIGHT="69.0"
                    WC="0.9937450536867467"></String>
          </TextLine>
          <TextLine ID="line_11"
                    TAGREFS="LT8"
                    BASELINE="22 593 792 580" 
                    HPOS="21.0"
                    VPOS="546.0"
                    WIDTH="771.0"
                    HEIGHT="62.0">
            <Shape><Polygon POINTS="22 593 22 608 792 595 792 580 790 553 760 547 759 547 758 547 757 547 748 552 680 549 679 549 678 549 664 554 655 546 654 546 653 546 629 546 628 546 627 546 598 555 560 547 559 547 558 547 540 556 485 550 484 550 483 550 464 556 436 549 435 549 434 549 433 549 411 556 383 550 382 550 381 550 359 560 329 551 328 551 327 551 276 552 275 552 253 561 199 553 198 553 154 564 21 566 22 593"/></Shape>
	    <String CONTENT="comme Cor. Tacitus le raconte) bien peu"
                    HPOS="21.0"
                    VPOS="546.0"
                    WIDTH="771.0"
                    HEIGHT="62.0"
                    WC="0.9967673420906067"></String>
          </TextLine>
          <TextLine ID="line_12"
                    TAGREFS="LT8"
                    BASELINE="22 643 790 630" 
                    HPOS="21.0"
                    VPOS="595.0"
                    WIDTH="769.0"
                    HEIGHT="63.0">
            <Shape><Polygon POINTS="22 643 22 658 248 658 248 657 291 652 317 649 323 651 333 655 334 655 335 655 390 654 421 649 435 647 446 649 470 653 471 653 472 653 489 648 494 646 498 648 507 652 508 652 509 653 553 653 553 652 600 645 614 644 625 645 670 650 671 650 672 650 695 643 789 641 790 630 785 596 775 602 766 597 762 595 761 595 760 595 740 597 699 603 687 599 679 596 678 596 677 596 676 596 668 599 663 601 637 600 588 598 587 598 586 598 585 598 581 602 578 604 574 602 568 599 567 599 566 599 565 599 558 602 549 607 540 603 533 599 532 599 506 599 505 599 504 599 493 604 484 609 374 610 358 608 320 602 319 602 318 602 317 602 317 603 310 609 307 611 290 610 251 606 250 606 205 612 193 614 125 614 124 614 112 609 111 609 110 609 79 615 78 615 40 607 39 607 38 607 21 615 22 643"/></Shape>
	    <String CONTENT="de temps apres les conqueſtes de Iules Cæ"
                    HPOS="21.0"
                    VPOS="595.0"
                    WIDTH="769.0"
                    HEIGHT="63.0"
                    WC="0.9860091296637931"></String>
          </TextLine>
          <TextLine ID="line_13"
                    TAGREFS="LT8"
                    BASELINE="22 692 789 678" 
                    HPOS="21.0"
                    VPOS="641.0"
                    WIDTH="768.0"
                    HEIGHT="65.0">
            <Shape><Polygon POINTS="22 692 22 704 294 706 295 706 432 696 456 703 457 703 458 703 569 701 570 701 591 693 608 700 609 700 610 700 677 698 678 698 679 698 691 691 722 696 723 696 789 688 789 678 787 652 763 652 739 641 738 641 737 641 736 641 735 641 722 650 695 652 675 654 609 654 605 652 594 644 593 644 592 644 591 644 590 644 573 652 566 656 469 656 462 653 453 647 452 647 451 647 411 647 410 647 408 647 393 653 389 655 387 653 381 648 380 648 379 648 355 648 354 648 353 648 337 653 329 656 317 653 296 649 295 649 294 649 283 653 268 659 218 654 190 651 189 651 188 651 181 654 162 662 139 654 132 652 131 652 130 652 129 652 123 654 97 665 66 665 52 654 51 654 50 654 49 654 21 654 22 692"/></Shape>
	    <String CONTENT="ſar, ſous l’empire de Tiberius, les prouin¬"
                    HPOS="21.0"
                    VPOS="641.0"
                    WIDTH="768.0"
                    HEIGHT="65.0"
                    WC="0.9920957074608914"></String>
          </TextLine>
          <TextLine ID="line_14"
                    TAGREFS="LT8"
                    BASELINE="22 742 786 730" 
                    HPOS="21.0"
                    VPOS="692.0"
                    WIDTH="765.0"
                    HEIGHT="66.0">
            <Shape><Polygon POINTS="22 742 22 752 70 758 71 758 72 758 92 752 94 752 229 756 230 756 326 749 331 749 341 749 506 752 507 752 786 743 786 730 783 703 714 692 713 692 712 692 685 704 646 704 633 694 632 694 631 694 630 694 629 694 604 704 585 696 584 696 583 696 582 696 560 703 549 695 548 695 547 695 507 695 506 695 505 695 463 707 418 707 368 697 367 697 345 698 344 698 343 698 331 709 296 709 279 702 278 702 277 702 231 708 221 701 220 701 219 701 194 701 193 701 192 701 191 701 176 710 154 704 153 704 152 704 151 704 128 710 103 702 101 702 100 702 99 702 98 702 85 712 74 707 73 707 72 707 21 713 22 742"/></Shape>
	    <String CONTENT="ces de la Gaule, eſtans accablees de tailles,"
                    HPOS="21.0"
                    VPOS="692.0"
                    WIDTH="765.0"
                    HEIGHT="66.0"
                    WC="0.9878895110554166"></String>
          </TextLine>
          <TextLine ID="line_15"
                    TAGREFS="LT8"
                    BASELINE="23 791 793 779" 
                    HPOS="22.0"
                    VPOS="743.0"
                    WIDTH="771.0"
                    HEIGHT="64.0">
            <Shape><Polygon POINTS="23 791 23 801 150 805 151 805 186 800 200 799 203 800 211 807 212 807 213 807 214 807 215 807 232 800 240 798 278 800 304 801 305 801 318 800 343 796 356 799 369 803 370 803 371 803 412 799 441 796 448 799 454 802 455 802 456 802 491 798 507 797 516 798 531 801 532 801 533 801 541 798 552 795 621 798 663 799 664 799 665 799 666 799 668 797 680 791 707 791 715 797 717 798 718 798 719 798 720 798 793 796 793 779 791 749 738 743 737 743 736 743 735 743 727 749 724 751 710 749 665 744 664 744 663 744 648 750 642 752 616 751 542 746 541 746 540 746 526 752 522 753 518 752 509 749 508 749 507 749 489 752 470 756 398 756 394 753 389 749 388 749 387 749 346 749 345 749 344 749 343 749 336 754 331 758 22 758 23 791"/></Shape>
	    <String CONTENT="&amp; extremement affligees par l’auarice des"
                    HPOS="22.0"
                    VPOS="743.0"
                    WIDTH="771.0"
                    HEIGHT="64.0"
                    WC="0.9986085077611412"></String>
          </TextLine>
          <TextLine ID="line_16"
                    TAGREFS="LT8"
                    BASELINE="23 840 791 828" 
                    HPOS="22.0"
                    VPOS="791.0"
                    WIDTH="769.0"
                    HEIGHT="68.0">
            <Shape><Polygon POINTS="23 840 23 859 168 851 184 856 185 856 186 856 187 856 188 856 193 851 214 857 216 857 217 857 218 857 224 857 266 851 321 855 324 855 325 855 326 855 327 855 336 848 371 848 420 854 425 854 426 854 427 854 428 854 436 848 486 851 487 851 512 846 551 852 554 852 555 852 563 852 651 844 670 850 671 850 672 850 741 849 742 849 743 849 751 843 790 848 791 828 787 791 766 799 709 799 692 793 686 791 685 791 684 791 683 791 672 794 649 800 617 795 597 792 596 792 595 792 594 792 588 796 578 801 546 797 517 793 516 793 515 793 514 793 506 798 498 803 440 803 435 799 430 795 429 795 428 795 427 795 402 800 389 803 384 801 376 797 374 797 373 797 334 802 331 802 329 802 301 796 300 796 299 796 280 803 275 806 266 805 234 797 233 797 232 797 213 806 211 807 208 806 193 798 192 798 191 798 190 798 168 806 96 799 95 799 94 799 93 799 93 800 88 805 74 800 73 800 72 800 71 800 70 800 62 807 55 802 54 802 53 802 22 810 23 840"/></Shape>
	    <String CONTENT="gabelleurs &amp; vſuriers Romains, &amp; auſsi par"
                    HPOS="22.0"
                    VPOS="791.0"
                    WIDTH="769.0"
                    HEIGHT="68.0"
                    WC="0.9833918980189732"></String>
          </TextLine>
          <TextLine ID="line_17"
                    TAGREFS="LT8"
                    BASELINE="23 890 792 878" 
                    HPOS="22.0"
                    VPOS="843.0"
                    WIDTH="770.0"
                    HEIGHT="64.0">
            <Shape><Polygon POINTS="23 890 23 901 84 907 85 907 176 900 342 903 343 903 399 897 417 901 418 901 419 901 420 901 421 901 429 896 430 896 431 896 533 900 534 900 574 894 575 894 576 894 722 897 723 897 724 897 725 897 731 892 736 896 737 896 738 896 739 896 792 890 792 878 788 844 776 849 763 845 758 843 757 843 756 843 755 843 754 843 752 845 741 851 694 847 693 847 692 847 677 852 657 848 656 848 534 855 504 851 470 847 469 847 468 847 454 853 448 856 405 857 391 854 373 851 372 851 351 855 342 857 338 856 326 850 325 850 324 850 289 857 277 859 266 857 229 851 228 851 227 851 210 859 207 860 197 859 143 853 142 853 42 854 41 854 22 862 23 890"/></Shape>
	    <String CONTENT="l’inſolence &amp; arrogance des gouuerneurs, &amp;"
                    HPOS="22.0"
                    VPOS="843.0"
                    WIDTH="770.0"
                    HEIGHT="64.0"
                    WC="0.9986558542365119"></String>
          </TextLine>
          <TextLine ID="line_18"
                    TAGREFS="LT8"
                    BASELINE="23 938 794 926" 
                    HPOS="22.0"
                    VPOS="892.0"
                    WIDTH="772.0"
                    HEIGHT="66.0">
            <Shape><Polygon POINTS="23 938 23 950 58 958 59 958 116 957 152 949 276 955 277 955 352 946 406 953 407 953 476 944 527 950 528 950 601 941 626 941 635 949 636 949 637 949 638 949 714 948 715 948 742 939 754 947 755 947 756 947 757 947 794 937 794 926 792 900 666 892 665 892 664 892 639 901 609 896 608 896 607 896 606 896 599 902 598 903 527 903 526 903 516 895 515 895 514 895 493 895 492 895 491 895 464 903 461 904 447 904 354 899 353 899 352 899 351 899 344 904 336 898 335 898 334 898 305 898 304 898 138 907 87 911 75 908 38 902 37 902 36 902 22 907 23 938"/></Shape>
	    <String CONTENT="des gens de guerre, qui eſtoyent en garni¬"
                    HPOS="22.0"
                    VPOS="892.0"
                    WIDTH="772.0"
                    HEIGHT="66.0"
                    WC="0.9935739565463293"></String>
          </TextLine>
          <TextLine ID="line_19"
                    TAGREFS="LT8"
                    BASELINE="23 988 795 976" 
                    HPOS="22.0"
                    VPOS="946.0"
                    WIDTH="773.0"
                    HEIGHT="59.0">
            <Shape><Polygon POINTS="23 988 23 999 84 1005 85 1005 86 1005 99 999 100 999 203 1003 205 1003 293 996 302 996 308 996 347 1001 348 1001 392 995 397 995 400 995 441 1000 442 1000 444 1000 458 995 530 998 531 998 578 993 592 992 603 993 653 997 654 997 655 997 665 992 666 992 669 992 704 996 705 996 706 996 715 991 718 991 795 991 795 976 792 946 22 956 23 988"/></Shape>
	    <String CONTENT="ſon, ſe ſouleuerent toutes à vn coup. Autant"
                    HPOS="22.0"
                    VPOS="946.0"
                    WIDTH="773.0"
                    HEIGHT="59.0"
                    WC="0.9975071867307027"></String>
          </TextLine>
          <TextLine ID="line_20"
                    TAGREFS="LT8"
                    BASELINE="24 1037 795 1026" 
                    HPOS="23.0"
                    VPOS="989.0"
                    WIDTH="772.0"
                    HEIGHT="64.0">
            <Shape><Polygon POINTS="24 1037 24 1047 159 1053 160 1053 161 1053 180 1046 197 1052 198 1052 199 1052 255 1045 294 1051 295 1051 389 1043 442 1049 444 1049 619 1045 655 1039 785 1043 786 1043 787 1043 788 1043 795 1037 795 1026 793 998 731 989 730 989 729 989 699 998 677 993 676 993 675 993 635 999 620 991 619 991 584 991 583 991 582 991 562 997 520 992 519 992 518 992 493 1001 400 1001 376 994 374 994 373 994 372 994 358 1001 346 996 345 996 344 996 292 1003 257 996 256 996 255 996 227 1005 198 997 197 997 196 997 195 997 162 1006 143 1001 142 1001 141 1001 140 1001 118 1006 94 998 93 998 92 998 91 998 72 1007 49 1001 48 1001 47 1001 46 1001 23 1008 24 1037"/></Shape>
	    <String CONTENT="en firent-ils durant l’empire de Neron. Car"
                    HPOS="23.0"
                    VPOS="989.0"
                    WIDTH="772.0"
                    HEIGHT="64.0"
                    WC="0.9984005897544151"></String>
          </TextLine>
          <TextLine ID="line_21"
                    TAGREFS="LT8"
                    BASELINE="24 1088 795 1075" 
                    HPOS="23.0"
                    VPOS="1041.0"
                    WIDTH="772.0"
                    HEIGHT="64.0">
            <Shape><Polygon POINTS="24 1088 24 1100 84 1105 85 1105 86 1105 103 1099 107 1098 115 1099 151 1104 152 1104 181 1098 186 1097 195 1098 232 1101 233 1101 234 1101 235 1101 241 1097 243 1096 251 1097 287 1100 288 1100 349 1095 364 1094 374 1094 429 1099 430 1099 431 1099 449 1093 450 1093 451 1093 466 1099 467 1099 468 1099 469 1099 482 1093 483 1092 486 1093 512 1098 513 1098 728 1095 729 1095 730 1095 737 1089 771 1094 772 1094 773 1094 795 1087 795 1075 793 1046 741 1042 740 1042 721 1046 708 1050 698 1046 680 1041 679 1041 678 1041 614 1042 612 1042 611 1042 604 1047 598 1052 567 1049 558 1047 557 1047 537 1049 455 1054 445 1050 442 1049 441 1049 440 1049 434 1050 407 1055 383 1050 365 1046 364 1046 363 1046 362 1046 357 1050 349 1055 342 1051 336 1047 335 1047 307 1047 305 1047 282 1049 281 1049 280 1049 278 1051 268 1057 233 1052 226 1051 225 1051 224 1051 221 1052 196 1058 165 1052 152 1050 151 1050 87 1051 86 1051 85 1051 83 1053 72 1060 23 1054 24 1088"/></Shape>
	    <String CONTENT="(ainſi que recite Suetone, au 4o. ch.) le mon"
                    HPOS="23.0"
                    VPOS="1041.0"
                    WIDTH="772.0"
                    HEIGHT="64.0"
                    WC="0.9822218590312534"></String>
          </TextLine>
          <TextLine ID="line_22"
                    TAGREFS="LT8"
                    BASELINE="25 1135 793 1125" 
                    HPOS="24.0"
                    VPOS="1090.0"
                    WIDTH="769.0"
                    HEIGHT="65.0">
            <Shape><Polygon POINTS="25 1135 25 1147 100 1155 101 1155 178 1146 179 1146 242 1152 243 1152 308 1145 334 1150 335 1150 336 1150 357 1144 468 1149 469 1149 470 1149 491 1142 493 1142 630 1147 631 1147 632 1147 633 1147 633 1146 640 1140 644 1140 780 1145 781 1145 782 1145 783 1145 793 1139 793 1125 791 1100 727 1090 726 1090 725 1090 699 1100 697 1100 676 1100 563 1095 562 1095 561 1095 560 1095 555 1100 551 1103 462 1103 446 1100 421 1094 420 1094 419 1094 402 1100 391 1103 373 1100 350 1095 349 1095 348 1095 330 1100 313 1104 284 1100 259 1096 258 1096 257 1096 256 1096 251 1100 241 1106 230 1100 227 1097 226 1097 225 1097 193 1097 192 1097 191 1097 181 1100 154 1107 90 1107 64 1100 62 1099 61 1099 60 1099 24 1099 25 1135"/></Shape>
	    <String CONTENT="de ayant ſouffert vn tel prince, enuiron l’e¬"
                    HPOS="24.0"
                    VPOS="1090.0"
                    WIDTH="769.0"
                    HEIGHT="65.0"
                    WC="0.9930711719724867"></String>
          </TextLine>
          <TextLine ID="line_23"
                    TAGREFS="LT8"
                    BASELINE="26 1186 793 1175" 
                    HPOS="25.0"
                    VPOS="1140.0"
                    WIDTH="768.0"
                    HEIGHT="63.0">
            <Shape><Polygon POINTS="26 1186 26 1203 103 1197 141 1201 152 1202 153 1202 154 1202 160 1201 181 1196 207 1200 218 1201 219 1201 254 1199 307 1195 335 1197 363 1199 364 1199 383 1196 402 1193 427 1195 450 1197 451 1197 452 1197 459 1194 466 1192 483 1194 508 1197 509 1197 537 1193 550 1191 553 1192 560 1196 561 1196 562 1196 563 1196 581 1192 589 1190 596 1192 608 1195 609 1195 610 1195 643 1191 658 1189 682 1190 754 1193 755 1193 793 1186 793 1175 790 1148 722 1148 721 1148 709 1140 708 1140 707 1140 664 1140 663 1140 662 1140 661 1140 651 1148 649 1149 639 1148 602 1144 601 1144 600 1144 584 1148 576 1151 437 1151 431 1149 413 1144 412 1144 411 1144 410 1144 389 1149 372 1155 342 1155 334 1149 327 1146 326 1146 325 1146 324 1146 314 1149 298 1155 258 1150 232 1147 231 1147 230 1147 224 1150 215 1155 167 1150 143 1148 142 1148 141 1148 140 1148 138 1150 127 1157 25 1151 26 1186"/></Shape>
	    <String CONTENT="ſpace de treze ans, auec vne incroyable pa¬"
                    HPOS="25.0"
                    VPOS="1140.0"
                    WIDTH="768.0"
                    HEIGHT="63.0"
                    WC="0.995470543240392"></String>
          </TextLine>
          <TextLine ID="line_24"
                    TAGREFS="LT8"
                    BASELINE="26 1235 798 1225" 
                    HPOS="25.0"
                    VPOS="1187.0"
                    WIDTH="773.0"
                    HEIGHT="65.0">
            <Shape><Polygon POINTS="26 1235 26 1252 197 1245 237 1248 256 1249 257 1249 258 1249 259 1249 260 1247 265 1244 424 1244 638 1244 639 1244 720 1238 721 1238 788 1242 789 1242 790 1242 791 1242 798 1237 798 1225 796 1198 747 1198 731 1187 730 1187 729 1187 728 1187 727 1187 697 1198 665 1189 664 1189 663 1189 662 1189 641 1200 620 1200 606 1190 605 1190 604 1190 603 1190 556 1200 473 1192 472 1192 471 1192 447 1200 359 1193 358 1193 278 1203 259 1195 258 1195 219 1195 218 1195 217 1195 193 1203 183 1195 182 1195 181 1195 180 1195 158 1196 157 1196 156 1196 144 1206 80 1206 51 1199 50 1199 49 1199 48 1199 25 1207 26 1235"/></Shape>
	    <String CONTENT="tience, ſinablemẽt l’abandonna: la rebellion"
                    HPOS="25.0"
                    VPOS="1187.0"
                    WIDTH="773.0"
                    HEIGHT="65.0"
                    WC="0.9970631943808661"></String>
          </TextLine>
          <TextLine ID="line_25"
                    TAGREFS="LT8"
                    BASELINE="27 1283 795 1275" 
                    HPOS="26.0"
                    VPOS="1238.0"
                    WIDTH="769.0"
                    HEIGHT="64.0">
            <Shape><Polygon POINTS="27 1283 27 1302 114 1296 155 1301 158 1301 159 1301 163 1301 220 1292 277 1292 289 1299 289 1300 290 1300 291 1300 292 1300 293 1300 294 1300 294 1299 302 1294 311 1299 312 1300 313 1300 314 1300 315 1300 322 1299 358 1291 367 1298 367 1299 368 1299 369 1299 370 1299 376 1298 412 1290 432 1298 433 1298 434 1298 435 1298 442 1298 503 1290 596 1296 607 1296 608 1296 615 1296 666 1288 677 1295 679 1296 680 1296 682 1296 695 1295 745 1287 757 1294 759 1295 760 1295 761 1295 794 1292 795 1275 793 1247 724 1238 723 1238 722 1238 696 1247 623 1239 622 1239 553 1247 513 1240 512 1240 510 1240 509 1240 509 1241 499 1249 498 1249 450 1245 449 1245 344 1250 318 1243 317 1243 316 1243 315 1243 292 1251 291 1252 247 1252 226 1252 209 1244 208 1244 145 1244 144 1244 143 1244 124 1252 112 1247 111 1247 110 1247 26 1253 27 1283"/></Shape>
	    <String CONTENT="ayant eſté commencee par les Gaulois. Or"
                    HPOS="26.0"
                    VPOS="1238.0"
                    WIDTH="769.0"
                    HEIGHT="64.0"
                    WC="0.9954728018946764"></String>
          </TextLine>
          <TextLine ID="line_26"
                    TAGREFS="LT8"
                    BASELINE="28 1334 797 1325" 
                    HPOS="27.0"
                    VPOS="1289.0"
                    WIDTH="770.0"
                    HEIGHT="63.0">
            <Shape><Polygon POINTS="28 1334 28 1349 110 1352 111 1352 134 1349 161 1345 174 1349 182 1351 183 1351 184 1351 185 1351 195 1348 206 1346 258 1348 312 1350 313 1350 314 1350 322 1348 333 1344 380 1347 408 1349 410 1349 411 1349 412 1349 415 1347 423 1342 431 1347 434 1348 435 1348 436 1348 445 1347 469 1342 520 1346 532 1347 533 1347 550 1346 627 1340 657 1345 662 1346 663 1346 664 1346 665 1346 665 1345 672 1339 710 1339 795 1344 797 1325 795 1299 708 1289 707 1289 706 1289 686 1298 657 1290 656 1290 655 1290 654 1290 653 1290 643 1298 590 1300 512 1294 510 1294 430 1301 413 1292 412 1292 411 1292 410 1292 408 1292 393 1303 259 1303 249 1295 248 1295 247 1295 220 1295 219 1295 218 1295 194 1304 181 1296 180 1296 179 1296 131 1296 130 1296 129 1296 103 1306 27 1306 28 1334"/></Shape>
	    <String CONTENT="auoyẽt les Romains departy toutes les Gau"
                    HPOS="27.0"
                    VPOS="1289.0"
                    WIDTH="770.0"
                    HEIGHT="63.0"
                    WC="0.9983403512409755"></String>
          </TextLine>
          <TextLine ID="line_27"
                    TAGREFS="LT8"
                    BASELINE="28 1382 797 1373" 
                    HPOS="27.0"
                    VPOS="1338.0"
                    WIDTH="770.0"
                    HEIGHT="63.0">
            <Shape><Polygon POINTS="28 1382 28 1394 94 1401 95 1401 96 1401 112 1393 114 1393 122 1393 171 1399 172 1399 196 1393 199 1392 200 1392 210 1399 211 1399 212 1399 213 1399 413 1390 423 1390 429 1390 539 1395 540 1395 796 1385 797 1373 795 1338 733 1338 732 1338 731 1338 729 1338 696 1347 637 1339 631 1339 630 1339 629 1339 628 1339 628 1340 623 1345 538 1349 435 1344 434 1344 433 1344 421 1349 387 1342 383 1342 382 1342 378 1342 343 1350 328 1345 327 1345 326 1345 297 1351 290 1345 289 1345 288 1345 287 1345 286 1345 267 1353 193 1353 145 1345 142 1345 141 1345 140 1345 139 1345 126 1353 81 1354 62 1347 61 1347 27 1347 28 1382"/></Shape>
	    <String CONTENT="les en ſeze gouuernemens, ou prouinces, leſ¬"
                    HPOS="27.0"
                    VPOS="1338.0"
                    WIDTH="770.0"
                    HEIGHT="63.0"
                    WC="0.9873941351066936"></String>
          </TextLine>
          <TextLine ID="line_28"
                    TAGREFS="LT8"
                    BASELINE="29 1431 795 1425" 
                    HPOS="28.0"
                    VPOS="1387.0"
                    WIDTH="767.0"
                    HEIGHT="62.0">
            <Shape><Polygon POINTS="29 1431 29 1449 189 1447 190 1447 206 1442 280 1446 281 1446 282 1446 295 1441 401 1446 402 1446 501 1440 531 1445 532 1445 533 1445 534 1445 541 1439 593 1439 602 1444 603 1444 604 1444 605 1444 606 1444 607 1444 614 1439 685 1443 686 1443 721 1438 732 1443 733 1443 734 1443 762 1438 793 1443 795 1425 794 1396 772 1387 771 1387 738 1387 737 1387 736 1387 735 1387 724 1396 724 1397 666 1397 665 1397 644 1388 643 1388 598 1388 597 1388 596 1388 595 1388 580 1397 558 1388 557 1388 556 1388 555 1388 554 1388 544 1396 535 1389 534 1389 533 1389 504 1389 503 1389 502 1389 501 1389 501 1390 494 1396 471 1389 470 1389 469 1389 468 1389 467 1389 452 1400 347 1400 328 1392 327 1392 326 1392 325 1392 324 1392 312 1401 228 1401 160 1391 159 1391 158 1391 131 1397 83 1392 82 1392 28 1403 29 1431"/></Shape>
	    <String CONTENT="quelles ils nommoyent ainſi: la Viennoiſe,"
                    HPOS="28.0"
                    VPOS="1387.0"
                    WIDTH="767.0"
                    HEIGHT="62.0"
                    WC="0.992845553727377"></String>
          </TextLine>
          <TextLine ID="line_29"
                    TAGREFS="LT8"
                    BASELINE="29 1481 796 1473" 
                    HPOS="29.0"
                    VPOS="1435.0"
                    WIDTH="767.0"
                    HEIGHT="62.0">
            <Shape><Polygon POINTS="29 1497 124 1497 124 1496 125 1496 129 1495 142 1491 184 1494 206 1495 207 1495 208 1495 212 1493 221 1490 347 1491 484 1492 485 1492 521 1488 532 1487 560 1487 694 1490 695 1490 696 1490 697 1490 703 1485 704 1485 783 1489 785 1489 786 1489 796 1483 796 1473 794 1444 777 1444 777 1443 767 1435 766 1435 765 1435 764 1435 738 1440 712 1435 711 1435 710 1435 694 1443 692 1444 678 1443 591 1437 590 1437 589 1437 575 1443 572 1445 569 1443 560 1437 559 1437 558 1437 523 1437 522 1437 521 1437 520 1437 510 1443 506 1446 502 1443 496 1438 495 1438 494 1438 493 1438 492 1438 479 1443 473 1445 465 1443 453 1440 452 1440 451 1440 450 1440 440 1443 431 1446 363 1443 353 1443 352 1443 349 1443 314 1448 277 1443 254 1440 253 1440 252 1440 241 1443 218 1449 173 1443 156 1441 155 1441 154 1441 153 1441 151 1443 141 1449 93 1443 85 1442 84 1442 83 1442 80 1443 55 1450 29 1443 29 1481 29 1497"/></Shape>
	    <String CONTENT="la Narbonẽſe premiere, la Narbonenſe ſe¬"
                    HPOS="29.0"
                    VPOS="1435.0"
                    WIDTH="767.0"
                    HEIGHT="62.0"
                    WC="0.9739864526725397"></String>
          </TextLine>
          <TextLine ID="line_30"
                    TAGREFS="LT8"
                    BASELINE="29 1531 795 1524" 
                    HPOS="28.0"
                    VPOS="1486.0"
                    WIDTH="767.0"
                    HEIGHT="77.0">
            <Shape><Polygon POINTS="29 1531 29 1553 86 1558 87 1558 118 1554 125 1553 126 1554 133 1558 134 1558 135 1558 137 1558 169 1554 185 1552 194 1554 230 1563 231 1563 232 1563 260 1562 261 1562 262 1562 271 1554 277 1551 300 1554 338 1559 339 1559 341 1559 352 1554 360 1551 376 1554 406 1561 407 1561 493 1560 494 1560 506 1555 514 1552 530 1555 560 1560 561 1560 562 1560 581 1555 605 1548 619 1555 627 1559 628 1559 629 1560 685 1560 685 1559 686 1559 697 1555 708 1551 721 1555 728 1558 729 1558 730 1558 731 1558 737 1555 755 1547 794 1555 795 1524 793 1490 690 1486 689 1486 654 1492 650 1492 649 1492 643 1487 642 1487 641 1487 590 1487 589 1487 588 1487 573 1493 566 1496 411 1496 408 1495 398 1490 397 1490 396 1490 352 1496 342 1497 332 1496 288 1490 287 1490 286 1490 260 1497 259 1497 257 1497 176 1491 175 1491 174 1491 173 1491 162 1498 111 1492 110 1492 109 1492 108 1492 100 1497 71 1493 70 1493 28 1500 29 1531"/></Shape>
	    <String CONTENT="conde, l’Aquitaine premiere, l’Aquitaine"
                    HPOS="28.0"
                    VPOS="1486.0"
                    WIDTH="767.0"
                    HEIGHT="77.0"
                    WC="0.9861587673425675"></String>
          </TextLine>
        </TextBlock>
      </PrintSpace>
    </Page>
  </Layout>
</alto>
