1023 1853
241.0 60.0 32.0 46.0 30

373.0 41.0 501.0 57.0 DE LA GAVLE

232.0 126.0 767.0 35.0 ſeconde, celle de Neuf nations, les Alpes

232.0 155.0 768.0 61.0 maritimes, la Belgique premiere, la Belgi¬

231.0 203.0 768.0 61.0 que ſeconde, l’Alemaigne premiere, l’Ale¬

231.0 253.0 769.0 62.0 maigne ſeconde, la Lyonnoiſe premiere, la

233.0 302.0 765.0 60.0 Lyonnoiſe ſeconde, celle des Sequaniens,

230.0 350.0 768.0 61.0 & les Alpes Grecques: ainſi comme en font

229.0 401.0 768.0 58.0 le denombrement Antoninus, & Sextus

230.0 449.0 770.0 60.0 Rufus: mais elles ſont encores mieux ſpeci¬

229.0 501.0 772.0 57.0 fiees par le menu, dedans le 15. liure d’Am¬

235.0 550.0 764.0 58.0 mianus Marcel. Mais pour retourner au

230.0 602.0 769.0 55.0 propos que nous auions encommencé, on

227.0 650.0 773.0 58.0 ne ſcauroit croire, combiẽ les Gaulois por¬

227.0 703.0 771.0 53.0 terent impatiemment les extorſions, pille¬

227.0 750.0 774.0 53.0 ries & outrages des Romains, & combien

229.0 797.0 772.0 58.0 de fois, à ceſte occaſion, ils ſe mutinerent

228.0 848.0 772.0 52.0 contre eux: mais ne ſe ſentans pas aſſez

226.0 896.0 774.0 60.0 forts, de pouuoir auec les forces du pays, ſe

229.0 949.0 769.0 53.0 desfaire de leur tyrannie, ils attirerent quel¬

228.0 994.0 772.0 57.0 quefois les Alemans à leur ſecours: dont

229.0 1049.0 771.0 51.0 il aduint, que le nom des François com¬

228.0 1096.0 770.0 51.0 mença peu à peu à ſe couler & appriuoiſer

227.0 1143.0 773.0 55.0 en la Gaule. Car dés lors les Alemans, ſoit

229.0 1194.0 767.0 56.0 qu’ils euſſent eſté batus par les Romains,

227.0 1244.0 771.0 59.0 ou (ce que ie croy pluſtoſt) gaignez ſous

228.0 1298.0 771.0 52.0 main par argent, commencerent de s’habi¬

228.0 1342.0 772.0 57.0 tuer en la Gaule: & ſemble bien, que c’eſt

227.0 1393.0 771.0 53.0 cela meſme que Suetone à voulu dire en la

231.0 1442.0 767.0 54.0 vie de l’Empereur Auguſte. Car il raconte

227.0 1487.0 771.0 72.0 là qu’Auguſte confina les Alemans au delà

898.0 1543.0 97.0 54.0 de la
