1023 1853
188.0 51.0 450.0 55.0 FRANCOISE.

745.0 52.0 43.0 53.0 31

21.0 126.0 773.0 42.0 de la riuiere d’Albis, & trãſporta en la Gau

21.0 152.0 771.0 66.0 le les Sueuiens & les Sicambriẽs, qui ſe ſou¬

20.0 202.0 772.0 59.0 mirẽt à ſa mercy, en leur aſsignãt des terres

22.0 252.0 771.0 65.0 pour habiter au lõg de la riue du Rhein. Et

20.0 300.0 769.0 65.0 en la vie de Tiberius: En la guerre, dit il,

21.0 350.0 770.0 64.0 qu’il fit aux Alemãs, il fit paſſer du coſté de

19.0 402.0 774.0 63.0 Ia Gaule, quarãte mille hõmes, qui s’eſtoyẽt

19.0 449.0 773.0 64.0 rẽdus à luy, & leur dõna pays pres du Rhein

21.0 500.0 771.0 63.0 pour y demeurer. Et ſur ce propos, il ne faut

21.0 547.0 769.0 65.0 pas oublier, ce que Flauius Vopiſcus a laiſſé

23.0 599.0 765.0 63.0 par eſcrit, touchant ce qui y aduint, du tẽps

20.0 649.0 769.0 61.0 de l’Empereur Probus: auquel tẽps preſque

19.0 696.0 771.0 60.0 toute la Gaule vniuerſellemẽt ſe rebella, &

19.0 747.0 770.0 56.0 ſe ſouleua cõtre les Romains. Car il y eut

18.0 798.0 772.0 59.0 ſoixante Citez, qui toutes d’vn accord prin¬

18.0 847.0 772.0 54.0 drẽt les armes, pour recouurer leur liberté.

20.0 892.0 772.0 65.0 Ainſi que ſes choſes ſe paſſoyẽt, dit-il, l’Em

20.0 948.0 771.0 59.0 pereur auec vne puiſſante armee, prit ſon

19.0 994.0 773.0 59.0 chemin vers les Gaules, qui furent en grãd

19.0 1043.0 773.0 61.0 trouble, & en grande combuſtion, apres la

18.0 1094.0 772.0 58.0 mort de Poſthumus, & vn peu apres Aure¬

18.0 1140.0 772.0 60.0 lian auſsi ayant eſté desfait & occis, elles fu¬

19.0 1192.0 770.0 60.0 rẽt occupees par les Alemãs. Mais l’Empe¬

18.0 1241.0 774.0 59.0 reur Probus eſtant ſuruenu là deſſus eut la

19.0 1290.0 774.0 54.0 fortune ſi fauorable en toutes les batailles

23.0 1341.0 768.0 60.0 qu’il dõna, & y fit de ſi heureux exploits, &

19.0 1389.0 773.0 60.0 de ſi hauts faits d’armes qu’il oſta de la maĩ

19.0 1440.0 772.0 58.0 des Barbares 6o. groſſes villes. Et les trou¬

20.0 1487.0 769.0 72.0 uãt en deſarroy & tous desbandez & eſpars
