1023 1853
243 62 34 41 32

228 130 764 41 çà & là par les Gaules, comme gens, qui ne

227 158 767 60 ſe doutoyent pas, qu’on les deuſt venir aſ¬

226 201 768 66 ſaillir de dehors, il en tailla en pieces bien

227 255 766 58 quatre cens mille, qui s’eſtoyent iettez ſur

227 304 766 59 les terres des Romains, & chaſſa le demeu¬

226 355 763 61 rant iuſques au delà des riuieres de Nicrus,

226 401 767 64 & d’Albis. Au ſurplus, qui voudra ſcauoir

224 452 765 62 combien fut cruelle & tyrannique la domi¬

224 503 759 59 nation des Romains, combien de pilleries,

225 551 767 62 & d’extorſions ils exercerent, commẽt leur

226 602 766 60 vie fut ſi villaine, & ſi deshoneſte, qu’elle les

224 652 770 59 rendit abominables & odieux à tous ceux

224 698 767 63 de la Gaule, & notamment aux Chreſtiens,

224 748 767 59 il faut ſeulement, qu’il liſe les liures de Sal¬

224 800 768 63 uianus Eueſque de Marſeille, qu’il a eſcrits

224 850 768 58 de la Prouidence de Dieu. Ainſi ne fut-ce

226 897 766 64 pas de merueille, ſi la poure Gaule ſi cru¬

222 953 771 55 ellement traitee, cercha tous les moyens de

222 1000 771 60 s’en defaire: & ne ſcauroit on croire, ny pen

221 1047 773 62 ſer, combien de nations ſortirent des Ale¬

220 1099 774 62 magnes à ceſte occaſion, qui s’eſpandirent

221 1147 772 59 à trauers des Gaules, eſtans non ſeulement

219 1197 771 64 fauoriſees, mais meſmes y eſtans appellees,

220 1252 767 57 & logees par les propres mains des Gau¬

220 1297 769 61 lois. Et c’eſt ce que vouloit entendre Lati¬

220 1347 772 61 nus Pacatus, eſcriuãt ainſi à Theodoſe, Par

220 1395 771 62 où commenceray-ie donc, dit-il, ſinon par

219 1445 773 62 tes mal-heurs, ô poure Gaule, qui de toutes

219 1496 768 72 les prouinces, où ceſte peſte ſe planta, te

372 44 498 65 DE LA GAVLE

893 1554 98 61 peux
