1023 1853
193.0 58.0 443.0 55.0 FRANCOISE.

753.0 58.0 39.0 68.0 33

39.0 124.0 758.0 51.0 peux iuſtement nommer la plus deſolee &

27.0 165.0 769.0 54.0 la plus miſerable. Or de ces nations Ale¬

31.0 214.0 766.0 60.0 mandes, qui ſe deſborderent ainſi, il n’y a

33.0 268.0 765.0 53.0 doute, que nos Frãçois n’en fiſſent vne bon

32.0 317.0 763.0 56.0 ne partie, ainſi comme on en peut retirer

36.0 364.0 761.0 61.0 quelque cognoiſſance, tant des eſcrits de

35.0 416.0 761.0 54.0 Sidonius Apollinaris, comme de pluſieurs

38.0 461.0 580.0 62.0 paſſages de l’Eueſque Saluianus.

101.0 578.0 697.0 43.0 ¶ D'où furent extraits les François, qui

166.0 609.0 628.0 61.0 s’eſtãs faits maiſtres de la Gaule, luy

164.0 660.0 521.0 57.0 donnerent le nom de France.

44 1009 175 56 I

236.0 780.0 366.0 38.0 CHAP. IIII.

241.0 855.0 558.0 60.0 L ſemble bien donc que la ſui¬

251.0 907.0 547.0 60.0 te de noſtre propos, & la quali¬

250.0 954.0 544.0 58.0 té du ſuiet que nous traitons,

254.0 1006.0 543.0 56.0 nous ſemond icy, de recercher

38.0 1055.0 760.0 58.0 de plus haut l’origine des Frãçois, & le pays

39.0 1104.0 758.0 59.0 où ils ont premierement habité. En quoy

38.0 1151.0 761.0 60.0 fait grãdement à eſmerueiller, que les Fran¬

42.0 1207.0 760.0 55.0 çois ayent eſpandu la gloire de leur nõ, en la

40.0 1252.0 758.0 61.0 plus grande partie de l’Europe, & qu’il n’y

42.0 1304.0 761.0 54.0 ait point de doute, que ce ne fuſt vne nation

39.0 1348.0 766.0 63.0 iſſue de l’Alemagne, & cependant, qu’il n’en

40.0 1400.0 763.0 60.0 ſoit parlé en ſorte quelconque, ny dedans

43.0 1448.0 755.0 59.0 Ptolemæe, ny dedans Strabo, ny en Pline,

41.0 1497.0 759.0 66.0 ny meſme dedans Cor. Tacitus: lequel tou¬

644.0 1570.0 23.0 49.0 c
