1023 1853
245.0 72.0 53.0 54.0 34

371.0 55.0 495.0 58.0 DE LA GAVLE

244.0 135.0 757.0 41.0 tefois a eſté fort curieux & diligent de cot¬

240.0 165.0 765.0 59.0 ter & ſpecifier les demeurances & les noms

240.0 216.0 763.0 59.0 des peuples de l’Alemaigne. Car quant à

236.0 266.0 770.0 59.0 ce point, que le nom de France embraſſaſt

236.0 315.0 763.0 60.0 vne fort longue & large eſtẽdue de pays, il y

236.0 365.0 767.0 58.0 a aſſez d’auteurs qui le teſmoignent, mais

233.0 424.0 768.0 47.0 nous nous contenterons de ceux-cy. Premie

239.0 462.0 760.0 58.0 rement Naucler. en fait foy en ſa Chro. Ge¬

232.0 512.0 766.0 59.0 nerat.27.où il dit ainſi: Charlemaigne s’ap¬

234.0 562.0 766.0 60.0 pelloit Roy de France, qui eſtoit autãt com

229.0 611.0 766.0 56.0 me s’il euſt eſté intitulé Roy d’Alemaigne,

228.0 659.0 769.0 60.0 & de Gaule. Car cela eſt bien aſſeuré, que a¬

229.0 713.0 765.0 55.0 donc toute la Gaule, qui eſt delà les monts,

227.0 760.0 769.0 58.0 toute l’Alemaigne, bref tout le pays qui s’e¬

225.0 809.0 772.0 58.0 ſtend depuis les mõts Pyrenæes iuſques en

224.0 855.0 771.0 62.0 Hõgrie, eſtoit entieremẽt cõpris ſous le nõ

224.0 908.0 771.0 58.0 de France: dont la premiere partie, c’eſt à ſa

223.0 955.0 769.0 60.0 uoir la Gaule, ſe nõmoit, la Frãce Occiden¬

220.0 1008.0 772.0 59.0 tale: L’autre, qui cõprenoit les Alemaignes

219.0 1055.0 773.0 55.0 eſtoit appellee, la Frãce Oriẽtale. Et toutes

219.0 1105.0 772.0 58.0 les meilleures & plus vrayes hiſtoires s’ac¬

217.0 1154.0 774.0 60.0 cordẽt en ce point-là: cõme Eguinart, en la

218.0 1203.0 771.0 59.0 vie de Charlemaigne: La riuiere de Sala, dit

215.0 1251.0 770.0 62.0 il, fait la ſeparation des Thoringiens, & des

216.0 1302.0 768.0 58.0 Sorabiẽs, & tout au pres habitẽt les Frãçois,

214.0 1350.0 767.0 59.0 qu’on ſurnõme Orientaux. Ott. Friſ. Chr.5.

212.0 1401.0 772.0 59.0 ch.9. parlant du Royaume de Dagobert, dit

212.0 1451.0 768.0 61.0 que l’empire des François eſtoit de ſi grãde

210.0 1500.0 765.0 69.0 eſtẽdue, qu’il embraſſoit toutes les nations,

908.0 1560.0 70.0 53.0 qui
