1023 1853
189.0 62.0 445.0 58.0 FRANCOISE.

746.0 71.0 40.0 64.0 35

26.0 146.0 765.0 41.0 qui ſont depuis l'Heſpagne, iuſques en Hon

29.0 178.0 761.0 56.0 grie, & cõprenoit ſous ſoy, deux fort belles

28.0 225.0 761.0 58.0 principautez, celle d’Aquitaine, & celle de

26.0 274.0 764.0 53.0 Bauiere. mais au 6.liu. cha.17. il en diſcourt

25.0 321.0 765.0 64.0 bien plus amplemẽt, & God. de Viterb. qui

26.0 374.0 762.0 55.0 l’a enſuiuy, & qui en a tiré quaſi de mot à

23.0 424.0 760.0 54.0 mot tout ce qu’il en a eſcrit dit auſsi, en la 17

24.0 470.0 761.0 63.0 partie de ſes Chr. ſous l’an 881. Que l’Empe

23.0 519.0 762.0 57.0 reur Arnoul gouuernoit la France Orien¬

24.0 570.0 762.0 57.0 tale, qu’on nõmoit de ſon tẽps le Royaume

25.0 616.0 762.0 61.0 des Teutõs, ſous lequel eſtoyẽt cõpriſes tou

25.0 670.0 757.0 55.0 tes ces prouinces icy, à ſauoir Bauiere, Sue¬

26.0 717.0 759.0 60.0 ue, Saxe, Turinge, Friſe, & Lorraine: & que

26.0 766.0 761.0 58.0 Odõ tenoit la Frãce Occìdẽtale. Et luy meſ

23.0 816.0 762.0 61.0 mes ſous l’an 913. I’ay dit-il, appris par la cõ

24.0 866.0 758.0 58.0 ferẽce de pluſieurs hiſtoires, que le Royau¬

23.0 916.0 763.0 57.0 me des Teutõs, que l’ẽpereur Frideric tient

24.0 966.0 758.0 59.0 pour le iourdhuy, eſt vne partie du Royau¬

22.0 1014.0 760.0 57.0 me des Frãçois. Car les premiers François

21.0 1063.0 760.0 59.0 habiterent tãt au deçà qu’au delà du Rhein,

23.0 1112.0 763.0 60.0 au pays qu’on appelle la Frãce Oriẽtale, iuſ

24.0 1163.0 761.0 59.0 ques aux confins de Bauiere. Mais ce qu’on

23.0 1211.0 760.0 59.0 appelle la Frãce Occidẽtale, c’eſt ce Royau

21.0 1261.0 760.0 59.0 me, qui eſt deçà & delà les riuieres de Seine

23.0 1311.0 755.0 57.0 & de Loire. Et bien peu apres, il adiouſte:

25.0 1359.0 755.0 60.0 Que du temps de Charlemaigne Roy de

23.0 1409.0 760.0 57.0 France, toute la Gaule vniuerſellemẽt, c’eſt

21.0 1458.0 755.0 61.0 à ſcauoir la prouince Celtique, la Belgique,

23.0 1508.0 756.0 69.0 & la Lyonnoiſe, & tout tant qu’il y a de l’A¬

583.0 1568.0 66.0 51.0 c 2
