1023 1853
242.0 71.0 36.0 58.0 36

367.0 56.0 498.0 60.0 DE LA GAVLE

231.0 136.0 768.0 41.0 lemaigne, depuis le Rhein, iuſques en Eſcla

230.0 173.0 773.0 53.0 uonie, tout cela n’eſtoit qu’vne France. Et

229.0 219.0 772.0 58.0 fait bien auſsi à noter, ce que Regino en a e¬

228.0 269.0 775.0 58.0 ſcrit en la Chron. de l’an 576. C’eſt que le

229.0 319.0 772.0 58.0 Roy Pepin, eſtant decedé, le Roy Louis ſon

228.0 369.0 771.0 57.0 fils, apres auoir aſsiſté au deces de ſon pere,

226.0 416.0 776.0 54.0 & auoir celebré les obſeques de ſes funerail

226.0 469.0 775.0 52.0 les, eſtoit reſſeant en la ville de Francford,

225.0 520.0 776.0 56.0 comme le principal ſiege du Royaume de

224.0 568.0 776.0 54.0 la France Orientale. Luitprand de Pauie, au

223.0 615.0 775.0 59.0 1.liu. chap.6. Et fut conclud, dit-il, que Vvi¬

223.0 671.0 775.0 54.0 do auroit pour ſon partage la France, qu’on

222.0 717.0 775.0 57.0 appelle Romaine, & Berenger l’Italie. Et vn

225.0 766.0 766.0 57.0 petit apres: Ainſi comme il vouloit entrer

220.0 815.0 774.0 54.0 dedans la France, qu’on ſurnõme Romaine.

219.0 862.0 774.0 61.0 Si ſemble biẽ qu’ils appelloyẽt la Frãce Ro¬

220.0 919.0 775.0 52.0 maine: premieremẽt, pourautãt que les Frã¬

222.0 965.0 772.0 54.0 çois s’eſtoyent ſaiſis de la Gaule, qui auoit

217.0 1011.0 776.0 61.0 eſté en la ſuietion des Romains: ſeconde¬

217.0 1064.0 775.0 57.0 ment, par ce que la langue Romaine auoit

216.0 1114.0 775.0 56.0 cours en tout ce pays-là, cõme il a eſté dit

215.0 1164.0 774.0 53.0 cy deuant: & de là eſt extraite celle anciene

214.0 1209.0 773.0 61.0 façon de parler: Parler le Romand, par la¬

216.0 1262.0 773.0 57.0 quelle, on entendoit ceux qui ne parloyent

215.0 1310.0 772.0 51.0 l’Alemand, ou le François. Ainſi le tient

214.0 1357.0 769.0 61.0 Otton Friſing. Chro.4. chap, pen. Il me ſem

212.0 1408.0 770.0 59.0 ble bien, dit-il, que les François, qui habi¬

212.0 1459.0 768.0 57.0 tent és Gaules, ont emprunté des Romains,

211.0 1508.0 768.0 64.0 la langue dont ils vſent encore auiourdhuy.

893.0 1558.0 83.0 65.0 Car
