1023 1853
21 133 760 45 Car les autres, qui demeurent au long du

18 709 761 58 auteurs qui teſmoignent, que les Alemans,

21 756 762 57 que l’Empereur Frideric 2. tranſporta au

20 801 763 64 Royaume de Sicile & de Naples, leur aſ¬

19 851 763 57 ſignant terres & poſſeſsions pour s’aſſeurer

21 902 760 62 du pays, s’appelloyent François. Comme

21 950 758 62 Pierre des Vignes, au liu.6. des Epiſt. chap.

21 999 760 62 25. où il dit, Vſant du droit des François,

20 1049 760 61 c’eſt à ſcauoir, en ce poinct, Que l’aiſné ſuc¬

20 1097 766 57 cedaſt à l’heritaige du fief noble, par droit

20 1147 763 60 d’aiſneſſe, les puiſnez, eſtans deboutez de la

21 1199 761 55 ſucceſsion. Et l’Empereur Frideric 2. au 2.

21 1245 764 64 liu. tit.32. des conſtit. Neapol. les nõme auſ¬

23 1296 760 62 ſi de ce nom, quand il dit, Les cas, qui ſe pre

23 1346 765 60 ſentoyent à nous ſur ceſte matiere, touchãt

21 1393 768 63 les François, leſquels mettoyent leurs biens

22 1444 769 60 & leurs perſonnes, au haſard d’vn combat

19 160 759 64 Rhein, & ceux qui ſont reſtez en Alemai¬

19 208 762 66 gne, parlẽt le Theutonique, ou l’Alemand.

19 261 761 57 Godefroy, qui la voulu imiter en eſcrit tout

17 308 762 64 autant. Il m’eſt bien aduis, dit il, que les

19 359 759 64 François ont appris la langue qu’ils parlẽt,

17 409 765 60 de ces anciens Romains, qui ont autrefois

18 457 764 63 tenu ces pays-là. Tous leſquels paſſages fõt

18 508 763 61 ample foy, que le nom François, eſtoit lors

18 557 767 62 en treſ-grande reputatiõ, & qu’il s’eſtendoit

19 607 763 62 bien loing: cõme celuy, qui occupoit la plus

19 654 763 64 grande partie de l’Europe. Il y a meſme des

23 1494 767 69 d’homme à homme en camp clos. Et con¬

168 55 459 56 FRANCOISE.

724 50 51 59 37

608 1551 58 75 c 3
