1023 1853
234.0 55.0 37.0 54.0 38

369.0 48.0 492.0 58.0 DE LA GAVLE

226.0 125.0 763.0 43.0 ſequemment: La ſuſdite façon de preuue,

226.0 159.0 766.0 60.0 dont vſoyent ceux qui viuoyent ſelon la po¬

229.0 208.0 764.0 58.0 lice des François. Et au 2.liu. tit.33. Lequel

230.0 263.0 764.0 46.0 droit nous voulons eſtre commun, tant aux

230.0 307.0 765.0 54.0 François, cõme aux Lombards, en tous dif¬

229.0 356.0 767.0 54.0 ferens, & en toutes cauſes. Or nonobſtãt ces

230.0 407.0 765.0 59.0 teſmoignages ſi formels Gregoire Eueſque

230.0 456.0 768.0 57.0 de Tours, qui a eſcrit de l’origine des Fran¬

232.0 507.0 766.0 58.0 çois, depuis huict cens ans en ça, proteſte à

229.0 554.0 770.0 59.0 l’ẽtree de ſon hiſtoire, que quoy qu’il ſe fuſt

230.0 606.0 763.0 59.0 ſoigneuſement enquis, d’où ils eſtoyent ex¬

230.0 659.0 769.0 54.0 traits, toutefois il n’en auoit riẽ peu ſcauoir

229.0 706.0 770.0 48.0 au vray: combien qu’au demeurant il euſt vn

232.0 757.0 767.0 52.0 de leurs anciens hiſtoriens nommé Sulpi¬

232.0 803.0 769.0 56.0 tius Alexander: mais qu’il ne diſoit rien du

230.0 856.0 765.0 55.0 tout ny des pays où ils auoyẽt premieremẽt

232.0 902.0 763.0 55.0 habité, ny des commencemẽs de leur Roy¬

231.0 954.0 767.0 55.0 aume. Mais quant à moy, ie treuue en confe¬

232.0 1004.0 765.0 55.0 rant les auteurs, les vns aux autres, que les

234.0 1051.0 765.0 55.0 Frãçois demeurerẽt premieremẽt és terres

234.0 1103.0 769.0 53.0 qui ſont entre les riuieres de Albis, & du

232.0 1150.0 771.0 56.0 Rhein, ioignant la mer Oceane, enuiron l’en

233.0 1201.0 767.0 53.0 droit, oú les Geographes ont accouſtumé

233.0 1248.0 767.0 52.0 d’aſſeoir les Chauciens grans & petits: peu¬

236.0 1296.0 765.0 60.0 ple (comme dit Tacitus) qui eſtoit des plus

234.0 1349.0 769.0 57.0 grans de l’Alemaigne, & maintenoit ſa gran

234.0 1400.0 769.0 48.0 deur par innocence & iuſtice, confinant aux

236.0 1445.0 767.0 57.0 Batauiens, qui ſont bas Alemans, & Hollan

236.0 1494.0 762.0 69.0 dois. Car en premier lieu, il eſt bien aſſeuré,

921.0 1550.0 76.0 65.0 que
