1023 1853
196.0 40.0 452.0 59.0 FRANCOISE.

738.0 41.0 45.0 58.0 39

30.0 103.0 763.0 63.0 que les François habitoyent le long de la

28.0 147.0 764.0 65.0 coſte de la mer en lieux fort mareſcageux,

27.0 195.0 768.0 67.0 & qu’ils eſtoyent fort entendus au fait de la

28.0 248.0 767.0 64.0 marine, & biẽ experts aux combats de mer.

25.0 295.0 772.0 67.0 Et de cecy peut-on tirer certaines preuues

28.0 343.0 768.0 66.0 des liures anciens: noramment du poëte

30.0 394.0 766.0 64.0 Claudian, là où il cõgratule à Stilicon pour

30.0 439.0 764.0 70.0 ſes victoires, és vers qu’il en a faits en telle

29.0 499.0 202.0 56.0 ſubſtance:

83.0 553.0 710.0 73.0 Le Chayc ne tient plus le pas de la fron¬

116.0 622.0 112.0 45.0 tiere,

84.0 654.0 712.0 72.0 Quand les troupeaux Flamãs trauerſent

113.0 719.0 190.0 53.0 la riuiere,

81.0 757.0 714.0 64.0 Et le berger Gaulois, mene au trauers

113.0 807.0 154.0 61.0 d’Albis

82.0 852.0 714.0 67.0 Sur les monts des François esbatre ſes

114.0 912.0 145.0 55.0 brebis.

33.0 1008.0 764.0 36.0 Et au regard du voitage de la iner, dous

32.0 1026.0 762.0 70.0 I’apprenons d’vn Panegyric adreſſé à l’Em¬

32.0 1078.0 763.0 66.0 pereur Conſtantin, où l’orateur parle ainſi:

35.0 1126.0 762.0 67.0 Que diray-ie derechef des nations de Fran¬

32.0 1178.0 768.0 66.0 ce les plus reculees, qu’on a tirees, nõ point

32.0 1229.0 767.0 61.0 de ces lieux, que les Romains auoyẽt cõquis,

31.0 1274.0 769.0 62.0 mais de leurs ancienes habitatiõs, & de leurs

36.0 1321.0 767.0 68.0 ports & riuages du fond de la Barbarie, afin

35.0 1371.0 770.0 65.0 qu’eſtãs miſes aux endroits deſerts & depeu

37.0 1420.0 772.0 65.0 plez de la Gaule, elles aſſeuraſſent l’eſtat &

35.0 1471.0 772.0 81.0 la paix de l’ẽpire Romain, & fourniſsẽt gens

603.0 1535.0 73.0 69.0 c 4
