1023 1853
233 44 61 45 40

230 111 761 45 pour la guerre. Et en vn autre Panegyric l’o¬

227 141 764 64 rateur Eumenius, dit en ceſte ſorte: Celle

228 190 758 66 terre, qui ceſſe maintenant d’eſtre barbare,

226 240 766 63 n’eſtoit pas moins chargee, & par maniere

225 291 764 64 de dire, noyee, par la façon de viure eſtrãge

226 337 761 67 & beſtiale des François, que ſi les riuieres,

225 391 767 64 qui la baignẽt tout à l’entour, & la mer, qui

226 437 765 63 bat ſon tiuage, ſe fuſſent debordees ſur elle.

225 488 765 61 De cela meſme nous donne aſſeurance Pro

224 540 767 63 copius au 1.liu. de la guerre des Gots: car au

226 587 763 63 paſſage, auquel il deſcrit l’endroit, où le

224 637 761 64 Rhein ſe deſcharge dedans l’Ocean, il dit,

227 689 759 62 Que tout ce pays-là, eſt plein de grans ma¬

224 738 763 62 reſts: anciene reſidence des Alemans, qui e¬

223 785 766 58 ſtoit vne nation barbare, & dont on ne fai¬

223 835 764 62 ſoit pas grand conte pour lors: & que de ſon

222 888 764 59 temps, on les nommoit François. Ce paſſa¬

225 932 761 66 ge de Procopius, eſt auſsi allegué dedans le

226 986 758 58 3.tome des Annales de Zonare. Et pouuons

222 1031 757 65 retirer cela meſmes de Flauius Vopiſcus,

224 1080 756 66 qui eſcrit en la vie de l’Empereur Probus,

224 1132 759 63 qu’il mit les François en route, & les chaſſa

223 1180 760 63 iuſques en des fondrieres de mareſts inac¬

221 1229 762 71 ceſsibles. Et de Sidonius Apollinaris, quãd

224 1276 109 60 il dit,

369 26 494 69 DE LA GAVLE

230 1327 467 59 Tu irois iuſqu’aux mareſts

273 1373 527 71 Et iuſqu’au fond de la France,

223 1425 442 62 Et le Sicambre és foreſts

279 1474 440 74 T’iroit faiſant reuerence,

923 1527 57 68 Et
