1023 1853
25 100 764 59 Et quant à ce que nous auons dit du voiſi¬

26 147 765 63 nage des Chauciens, il ſe peut aiſémẽt voir

27 197 764 62 par la conference des lieux, & par l’aſsiette

25 246 766 62 du pays, ainſi que le deſcriuent les Geogra¬

27 297 764 60 phes & autres auteurs. Celuy des Chauciens

26 345 762 60 eſt deſcrit au 16.liu. chap. 1. de Pline: celuy

28 395 758 58 des François, par l’orateur Panegyriſte, au

29 445 764 61 parauant allegué. Car voicy qu’en dit Pline.

31 493 757 60 Nous auons veu du long de l’Ocean Sep¬

28 549 768 50 tentrional, les natiõs des hauts & bas Chau

28 592 766 56 ciens, où le flux de la mer ſe desborde deux

29 642 766 61 fois en vingt quatre heures, & regorge ſi a¬

31 695 761 59 uant, qu’il noye vne grande eſpace du pays,

30 743 767 50 meſlant & confondant la diſtinction que na

31 793 763 50 ture miſe entre ces deux elemens de la mer

31 841 764 59 & de la terre, de ſorte qu’à grãd peine peut

31 892 765 54 on iuger, ſi c’eſt terre ferme, ou bien ſi c’eſt

32 941 767 57 vne partie de la mer. Voicy auſsi ce qu’en

32 990 766 57 dit le Panegyriſte: combien que pourſuyuãt

31 1040 765 57 tes diuines conqueſtes, Cæſar, tu ayes cou¬

33 1092 766 54 ru & gaigné toute celle contree, au trauers

33 1137 765 59 de laquelle ſe traine la riuiere du Rhein par

33 1187 763 53 des canaux obliques & tortus, & la va mi¬

37 1237 762 54 nant par deſſous, toutefois en maniere de

37 1288 762 58 parler, ce n’eſt point proprement vne terre:

36 1336 762 57 attẽdu qu’elle eſt ſi fort deſtrempee par les

35 1384 767 60 eaux, que non ſeulement celle là, qu’on deſ¬

36 1434 764 55 couure aiſément à l’œil, n’eſtre autrechoſe

36 1483 762 72 que bourbier & mareſt, eſt molle & enfon¬

183 44 446 53 FRANCOISE.

742 58 47 44 41

611 1550 59 59 c 5
