1023 1853
224.0 50.0 68.0 48.0 42

342.0 33.0 495.0 60.0 DE LA GAVLE

219.0 93.0 757.0 59.0 drante: mais auſsi celle qui ſemble eſtre

221.0 141.0 760.0 60.0 plus ferme à la voir par le deſſus, tremble

220.0 192.0 760.0 58.0 toute quand on y marche. Nous auõs donc

220.0 242.0 758.0 57.0 finablement eſclarcy & deſcouuert le pays,

221.0 295.0 757.0 52.0 d’où partirent les François, pour s’en venir

220.0 338.0 757.0 60.0 és Gaules, c’eſt à ſcauoir, celle coſte mare¬

219.0 390.0 759.0 58.0 ſcageuſe, qui eſt entre les riuieres d’Albis,

220.0 438.0 760.0 60.0 & du Rhein, tout ioignant l’Ocean. Mais ce

220.0 487.0 760.0 63.0 qui plus me ſemond à le croire, c’eſt la ma¬

220.0 539.0 760.0 59.0 niere de viure qu’ils tenoyent, & ce que les

220.0 588.0 761.0 62.0 auteurs racontent, qu’ils eſtoyent gens ad¬

219.0 637.0 762.0 59.0 uentureux & hardis, & fort experts au fait de

218.0 686.0 762.0 60.0 la marine, pillans & rodans tout au long de

218.0 737.0 765.0 54.0 celle coſte: comme on le peut voit, au 9. liu.

218.0 782.0 763.0 64.0 d’Eutropius, où il deduit l’hiſtoire de l’Em¬

220.0 835.0 762.0 62.0 pereur Gallien, & parle d’vn certain Carau¬

220.0 883.0 761.0 63.0 ſius, à qui la charge & commiſsion fut don¬

218.0 934.0 763.0 58.0 nee, de nettoyer la mer de Flandres, & tou¬

217.0 983.0 764.0 60.0 tes les coſtes de Bretaigne, & de Picardie,

217.0 1032.0 764.0 61.0 où les Francois, & les Saxons ſouloyent eſ¬

217.0 1082.0 765.0 62.0 cumer: à quoy s’accorde ce qu’en dit Oroſe

218.0 1136.0 764.0 51.0 au 7.liure de ſes hiſtoires. Il y a vn autre en¬

217.0 1179.0 765.0 64.0 droit du Panegyric, deſia ſouuent allegué,

217.0 1232.0 767.0 62.0 où l’orateur parle encore des François, qui

217.0 1278.0 765.0 63.0 firent voir leurs armes, iuſques en Heſpa¬

217.0 1327.0 765.0 66.0 gne. Les François, dit-il, eſtoyent ſi coura¬

218.0 1375.0 764.0 69.0 geux & ſi bouillans de combatre, qu’ils paſ¬

217.0 1426.0 766.0 64.0 ſerent meſmes l’Ocean, & allerẽt courir &

218.0 1476.0 764.0 75.0 rauager les Heſpagnes. Et à raiſon de cela

865.0 1520.0 114.0 79.0 l’Em¬
