1023 1853
194.0 49.0 455.0 59.0 FRANCOISE.

757.0 56.0 48.0 54.0 43

36.0 117.0 773.0 50.0 l’Empereur Iuſtinian declarant l’office du

37.0 153.0 776.0 67.0 Gouuerneur de l’Afrique, fait mention des

37.0 202.0 768.0 68.0 François, qui auoyent empieté vn coing de

37.0 255.0 769.0 63.0 la Gaule ſur les frõtieres d’Heſpagne. Mais

37.0 301.0 766.0 65.0 entre tout ce qu’en diſent les auteurs, il n’y

37.0 355.0 771.0 61.0 a rien de plus memorable, ne qui face mieux

40.0 402.0 769.0 67.0 cognoiſtre leur vaillance, que ce qu’en dit

41.0 452.0 761.0 62.0 encore le Panegyric, à ſcauoir, Que l’Empe¬

42.0 502.0 767.0 56.0 reur Probus, les ayant desfait en bataille, en

41.0 551.0 766.0 64.0 emmena quelques compagnies priſonnie¬

41.0 602.0 768.0 60.0 res, & les confina en la prouince de Pont:

42.0 651.0 769.0 60.0 mais ces compagnies ayans recouuré quel¬

43.0 700.0 768.0 63.0 ques nauires, eſchapperent de là, coururent

43.0 748.0 766.0 60.0 toute la Grece & l’Aſie: gaignerẽt la Sicile,

43.0 798.0 769.0 63.0 & prindrent la ville de Syracuſe: & puis s’e¬

43.0 846.0 769.0 58.0 ſtãs chargez de butin & de deſpouilles, s’en

44.0 897.0 769.0 61.0 retournerent par la mer Mediterranee, &

44.0 946.0 771.0 60.0 entrerent dedans l’Ocean, par le deſtroit

45.0 993.0 762.0 58.0 des colomnes d’Hercules. Brief la hardieſ¬

48.0 1043.0 764.0 65.0 ſe incroyable de ces priſonniers la, effroya

47.0 1094.0 765.0 60.0 tellement tout le monde, qu’on vit bien

49.0 1141.0 761.0 64.0 qu’il n’eſtoit poſsible de tenir des gẽs ſi de¬

48.0 1194.0 767.0 61.0 ſeſperez, qui ſe iettoyent la teſte baiſſee, &

49.0 1244.0 765.0 60.0 s’aduenturoyent à entreprendre toutes cho¬

49.0 1290.0 767.0 60.0 ſes hazardeuſes. Et faut rapporter auſsi à ce

51.0 1342.0 762.0 64.0 propos, les paſſages des auteurs, qui diſent,

50.0 1392.0 761.0 61.0 que le pays des François conſinoit aux ter¬

52.0 1440.0 767.0 54.0 res de Hollande, comme celuy de ceſt ora¬

51.0 1489.0 766.0 71.0 teur, où il parle aux Empereurs Maximian,
