1023 1853
212.0 66.0 65.0 45.0 44

353.0 49.0 496.0 58.0 DE LA GAVLE

209.0 118.0 763.0 48.0 & Conſtantin. Il rompit, dit-il, & emmena

211.0 158.0 765.0 57.0 pluſieurs milliers de François, qui auoyent

209.0 207.0 766.0 58.0 occupé le pays de Hollande, & autres terres

209.0 252.0 768.0 65.0 de delà le Rhein. Le paſſage du 20. de Cor.

215.0 303.0 762.0 59.0 Tacitus, eſt auſsi remarquable, où diſcou¬

209.0 352.0 769.0 62.0 rãt du voiſinage des pays de Friſe & de Hol

208.0 402.0 768.0 56.0 lande, il y met auſsi les Caninefats, & de¬

209.0 453.0 765.0 59.0 ſcrit la façon qu’ils tenoyent d’elire leur

209.0 502.0 768.0 56.0 Roy, qui eſt celle-là meſme, qu’obſeruerẽt

209.0 554.0 767.0 56.0 depuis les François, ainſi comme nous di¬

208.0 607.0 765.0 55.0 rons cy apres: mais voicy ce qu’il en dit. Et

206.0 652.0 766.0 58.0 depeſcherent, dit-il, ambaſſadeurs vers les

209.0 701.0 763.0 58.0 Caninefats, pour les attirer à leur ligue. Ce

207.0 753.0 765.0 55.0 peuple-là, tiẽt vne partie de l’iſle: au demeu¬

203.0 802.0 771.0 59.0 rant, quant à leur origine, en langage & en

203.0 850.0 767.0 56.0 vaillãce, ils ſont aſſez eſgaux aux Hollãdois:

203.0 902.0 770.0 50.0 mais ils ſont moindres en nombre. Et bien

203.0 950.0 770.0 57.0 toſt apres: Il y eut vn Brinio, lequel ils mirẽt

205.0 999.0 768.0 57.0 ſur vn grand pauois, ſuyuant leurs ancienes

206.0 1047.0 766.0 57.0 couſtumes, & l’ayans hauſſé deſſus leurs eſ¬

205.0 1101.0 766.0 54.0 paules, l’eleurent pour leur Chef. Ces teſ¬

201.0 1150.0 771.0 55.0 moignages ſont ſi cõformes les vns aux au¬

203.0 1201.0 769.0 54.0 tres, que ie ne me puis aſſez esbahir du iuge

202.0 1246.0 771.0 56.0 ment d’Adrianus Turnebus, homme d’auſ¬

202.0 1295.0 770.0 58.0 ſi rare ſauoir, qu’il y en ait eu de noſtre tẽps:

201.0 1346.0 771.0 55.0 lequel paſſant par deſſus tant d’authoritez

201.0 1393.0 768.0 55.0 des anciens auteurs dit, qu’il eſt d’opinion,

202.0 1445.0 767.0 57.0 que les François furent extraits du pays de

205.0 1496.0 762.0 64.0 Scandinauie: ne ſe fondant ſur autre raifon,

865.0 1546.0 105.0 59.0 ſinon
