1023 1853
205.0 47.0 441.0 58.0 FRANCOISE.

754.0 53.0 47.0 47.0 45

37.0 126.0 767.0 45.0 ſinon que ſur ce que Ptolemæe faiſant le de¬

37.0 158.0 768.0 62.0 nombrement des nations de celle iſle, y con

37.0 208.0 766.0 63.0 te les Phiraſſois, qui eſt vn terme corrom¬

44.0 258.0 762.0 63.0 pu, ſelon ſon aduis, & qu’il y faut mettre au

42.0 303.0 762.0 65.0 lieu de Phiraſſois, François. Qui eſt certai¬

38.0 354.0 769.0 63.0 nement vn aduis pluſtoſt fondé ſur apparen

38.0 407.0 767.0 61.0 ce de coniecture, que ſur vn ferme diſcours

37.0 457.0 766.0 59.0 de raiſon: attendu meſmes qu’il n’y a auteur

37.0 506.0 764.0 61.0 ancien, qui n’y contrediſe. Quãt aux autres,

41.0 550.0 764.0 71.0 qui pour le gouſt qu’ils ont pris à des fables

40.0 602.0 765.0 63.0 & contes faits à plaiſir, ont r’apporté l’ori¬

41.0 653.0 765.0 61.0 gine des François aux Troiens, & à vn ne

42.0 700.0 767.0 65.0 ſcay quel Francion fils de Priamus: ie n’en

43.0 750.0 766.0 63.0 veux dire autre choſe, ſinon qu’ils ont pluſ¬

42.0 801.0 766.0 60.0 toſt fourny de matiere à eſcrire aux Poëtes,

43.0 848.0 768.0 64.0 qu’aux hiſtoriens veritables: & ſemble bien

45.0 898.0 763.0 65.0 que Guillaume du Bellay doit tenir le pre¬

43.0 951.0 771.0 60.0 mier reng de tous ceux qui s’en ſont meſlez:

44.0 997.0 768.0 63.0 lequel eſtãt au demeurant tenu pour vn des

46.0 1047.0 766.0 64.0 plus gentils eſprits, & d’auſsi bon ſcauoir,

45.0 1096.0 767.0 64.0 qui ait eſté de ce temps, s’eſt neãtmoins tãt

46.0 1146.0 767.0 58.0 licencié en ſon liure, des Antiquitez de la

48.0 1194.0 760.0 65.0 Gaule, & de la France, qu’il ſemble pro¬

50.0 1249.0 759.0 60.0 prement, qu’il n’ait pas entrepris de dedui¬

96.0 1296.0 662.0 63.0 re vne hiſtoire Françoiſe: ains pluſ¬

205.0 1342.0 451.0 66.0 toſt des contes d’Amadis

337.0 1391.0 186.0 64.0 de Gaule.
