1023 1853
231.0 49.0 42.0 54.0 46

258.0 106.0 731.0 65.0 ¶ Du nõ des Frãçois, & des diuerſes cour

326.0 148.0 663.0 71.0 ſes, qu’ils firent en Gaule, & en quel

325.0 199.0 661.0 71.0 temps, ils y eſtablirẽt leur Royaume.

441.0 256.0 304.0 71.0 CHAP. V.

349.0 38.0 499.0 63.0 DE LA GAVLE

216.0 470.0 171.0 96.0 M

415.0 354.0 567.0 66.0 AIS il eſt temps maintenant,

417.0 410.0 566.0 60.0 que nous recerchions de plus

411.0 458.0 570.0 59.0 pres, d’ou peut eſtre venu le nõ

414.0 509.0 565.0 58.0 des Frãçois: lequel nous ne trou¬

205.0 551.0 774.0 67.0 uons point en la deſcription que font les

207.0 597.0 770.0 72.0 Geographes de la Germanie, cõme nous a¬

202.0 648.0 773.0 68.0 uons dit cy deſſus. Et pour dire brieuement

200.0 702.0 772.0 64.0 ce qui en eſt, il faut de deux choſes l’vne,

199.0 744.0 774.0 74.0 c’eſt à ſcauoir, ou que les Frãçois, quoy que

197.0 797.0 775.0 63.0 leur nation fuſt au parauãt obſcure, cachee

195.0 847.0 777.0 66.0 & incognue, ayent donné leur nom, à ceux

197.0 897.0 771.0 65.0 qui s’eſtoyent adioints à eux, & auoyent en¬

192.0 948.0 775.0 67.0 ſuiuy leur exemple, comme ayans les pre¬

190.0 997.0 775.0 61.0 miers ietté les fondemens de la liberté & ſe¬

190.0 1045.0 768.0 68.0 coué le ioug de la dominatiõ des Romains,

193.0 1097.0 770.0 59.0 (ne plus ne moins qu’il eſt aduenu entre les

193.0 1148.0 766.0 61.0 Cantons: car ceux qui les premiers encou¬

187.0 1198.0 773.0 57.0 ragerent les autres, & tindrent la main au

186.0 1247.0 767.0 60.0 recouurement de la liberté, eſtans de Suitz,

187.0 1294.0 770.0 64.0 qui eſt le moindre de tous les Cantons, ac¬

182.0 1342.0 775.0 66.0 quirent tant de reputation pour ceſt exploit

184.0 1393.0 773.0 61.0 là, que de lors en auant, tous les autres Can

185.0 1443.0 768.0 58.0 tons des Heluetiens, en voulurẽt eſtre nom

182.0 1492.0 770.0 73.0 mez Suiſſes.) Ou bien, ce qui me ſemble le

864.0 1556.0 85.0 66.0 plus
