1023 1853
186.0 50.0 451.0 53.0 FRANCOISE.

733.0 50.0 46.0 53.0 47

22.0 121.0 764.0 49.0 plus approchant de verité, il faut dire, qu'a¬

21.0 148.0 765.0 69.0 pres auoir mis à chef vne ſi belle entrepriſe,

19.0 199.0 770.0 67.0 ceux qui auoyẽt eſté les principaux auteurs

19.0 248.0 770.0 62.0 de recouurer la liberté, ſe nõmerent Frãcs:

20.0 296.0 767.0 68.0 qui vaut autãt à dire en Alemãt cõme libres,

19.0 347.0 769.0 68.0 & hors de ſeruitude: & par ce moyen, l’occa

19.0 397.0 767.0 69.0 ſion preſente, leur impoſa ce nõ de Frãçois,

20.0 444.0 768.0 72.0 ſans qu’ils y euſſent autrement penſé, cõme

20.0 495.0 767.0 65.0 eſtant conuenable au bel exploit qu’ils ve¬

20.0 540.0 769.0 69.0 noyent de faire. Et delà viẽt qu’en noſtre lan

20.0 596.0 769.0 70.0 gue vulgaire, nous appellons franc, celuy qui

20.0 643.0 768.0 67.0 eſt libre & exempt de toute ſeruitude: & vn

22.0 691.0 765.0 70.0 lieu de ſeureté & refuge, frãchiſe: & pour di

21.0 740.0 766.0 70.0 re, mettre en liberté, nous diſons Affrãchir.

22.0 790.0 760.0 70.0 La premiere raiſon qui monſtre, que cecy

20.0 838.0 765.0 67.0 eſt indubitablemẽt vray, c’eſt ce que Proco¬

23.0 888.0 764.0 72.0 pius a laiſſé par eſcrit, au 1. liu. de la guerre

22.0 939.0 761.0 67.0 des Gots: à ſauoir, que les François ſe nom¬

21.0 989.0 767.0 64.0 moyent ancienement Germains, ou Alemãs

21.0 1040.0 766.0 65.0 du nõ general de toute leur nation. Mais de¬

23.0 1088.0 764.0 69.0 puis qu’ils furẽt partis de leur pays, il prin¬

22.0 1139.0 764.0 64.0 drent le nom de François. Pluſieurs autres

23.0 1187.0 765.0 64.0 tienent cela meſmes, comme Gregoire de

28.0 1235.0 761.0 67.0 Tours, l’Abbé d’Vrſp. Sigebert, Adon de

28.0 1283.0 761.0 66.0 Viẽne, & Godfroy de Viterbe: c’eſt à ſauoir

24.0 1335.0 766.0 65.0 que le nõ des Frãçois fut tiré de là, pource

25.0 1384.0 766.0 69.0 qu’ils s’eſtoyent affrãchis, & qu’ils auoyẽt vn

23.0 1436.0 766.0 62.0 courage magnanime & feroce (comme ils

26.0 1483.0 760.0 74.0 parlent faiſans alluſion au mot de François)
