1023 1853
226.0 42.0 67.0 55.0 48

364.0 32.0 501.0 68.0 DE LA GAVLE

223.0 109.0 770.0 52.0 de ſorte, qu’ils oſerent bien meſmes refuſer

224.0 146.0 767.0 65.0 de payer tribut à l’Empereur Valentinian,

224.0 197.0 770.0 62.0 comme faiſoyent les autres peuples. L’au¬

228.0 246.0 765.0 63.0 tre raiſon eſt fondee ſur ce que dit Tacitus,

225.0 296.0 771.0 62.0 au 20.liure, où il parle des Caninefates (qui

226.0 344.0 771.0 64.0 eſtoyent proches voiſins des François, ou

227.0 396.0 769.0 61.0 pluſtoſt les Frãçois meſmes, ainſi que nous

225.0 444.0 772.0 63.0 auons monſtré nagueres) & où il deſcrit la

227.0 497.0 770.0 59.0 premiere victoire, qu’ils gaignerent ſur les

224.0 547.0 774.0 58.0 Romains: car il eſcrit que celle victoire fut

223.0 595.0 776.0 62.0 ſi illuſtre pour lors, que le bruit en courut

226.0 647.0 772.0 58.0 par tout: mais qu’elle eut encore plus grãde

226.0 694.0 772.0 63.0 efficace pour l’aduenir: de ſorte qu’au lieu

230.0 742.0 766.0 63.0 qu’ils n’auoyent ſuffiſamment, ny armes, ny

227.0 794.0 772.0 60.0 vaiſſeaux, ils en recouurerent tãt qu’ils vou

224.0 845.0 772.0 61.0 lurent, & acquirent vne ſi grãde reputation,

228.0 896.0 772.0 58.0 que par toute l’Alemagne, & par toute la

228.0 944.0 771.0 56.0 Gaule, ils eſtoyent louez & reclamez, cõme

230.0 994.0 768.0 55.0 Auteurs de la liberté. Les Alemans meſ¬

227.0 1041.0 769.0 58.0 mes depeſcherent vne ambaſſade vers eux,

229.0 1094.0 770.0 55.0 pour leur offrir autant de ſecours, comme

225.0 1142.0 775.0 57.0 ils en auroyent beſoin. Mais comment que

225.0 1191.0 775.0 60.0 ce ſoit, & quel accídent que ç’ait eſté, qui

226.0 1240.0 774.0 58.0 ait donné ce nom aux François, quant à

227.0 1292.0 771.0 55.0 moy ie ſuis content de croire, que ce fut ce¬

226.0 1339.0 772.0 58.0 ſte gentille rencõtre, de bon & heureux pre¬

226.0 1389.0 775.0 59.0 ſage, dont il prit ſon origine, de ſorte, que

228.0 1439.0 772.0 58.0 dés lors, ceux là porterent meritoirement &

236.0 1491.0 763.0 67.0 proprement le titre de François, qui ayans

857.0 1541.0 139.0 53.0 abbatu
