1023 1853
184.0 53.0 436.0 57.0 FRANCOISE.

730.0 62.0 50.0 55.0 49

22.0 129.0 761.0 43.0 abbatu la domination des tyrãs, ſe maintin¬

22.0 157.0 761.0 64.0 drent en liberté honeſte, meſme ſous l’au¬

23.0 203.0 762.0 67.0 thorité des Roys. Car il ne faut pas eſtimer

24.0 258.0 754.0 61.0 eſtre ſeruitude que d’obeir à vn Roy, ny

24.0 307.0 758.0 67.0 ceux qui ſont ſuiets à vn Roy, ne doyuent e¬

25.0 357.0 763.0 60.0 ſtre tenus en qualité de ſerfs: mais ceux qui

26.0 403.0 764.0 66.0 ſe ſoumettent à l’appetit d’vn tyran, ou d’vn

26.0 456.0 764.0 62.0 larron, ou d’vn bourreau, comme les brebis

27.0 506.0 764.0 61.0 au bouchier, ceux-là ne meritent pas d’eſtré

28.0 555.0 762.0 63.0 autrement appellez, que d’vn nom le plus

29.0 605.0 763.0 58.0 contemptible, dont on ſe peut aduiſer, com

30.0 650.0 759.0 67.0 me de ſerfs ou d’eſclaues. Les Frãçois meſ¬

30.0 706.0 761.0 58.0 mes eurent bien touſiours des Roys, voire

30.0 752.0 763.0 64.0 meſmes lors qu’ils ſe nommoyent publique

31.0 803.0 760.0 60.0 ment & ſe portoyent pour auteurs & prote¬

32.0 851.0 763.0 61.0 cteurs de la liberté:mais quand ils eliſoyent

35.0 900.0 758.0 64.0 des Roys, ils ne les eleuoyent pas là pour e¬

32.0 952.0 764.0 60.0 ſtre des tyrans, ou des bourreaux, mais pour

35.0 1002.0 760.0 59.0 eſtre leurs Gouuerneurs, leurs tuteurs gar¬

36.0 1046.0 762.0 63.0 diens & defenſeurs de leur liberté: ce que

35.0 1097.0 763.0 61.0 monſtroit bien la forme de la Republique

37.0 1147.0 759.0 64.0 Françoiſe, comme elle eſtoit eſtablie pour

37.0 1200.0 761.0 59.0 lors: ainſi que nous verrons tantoſt. Car

37.0 1247.0 762.0 63.0 quant à ce qu’vn ne ſcay quel Iean Turpin,

38.0 1298.0 763.0 57.0 au demeurant aſſez ſot & ignorant pour vn

38.0 1345.0 764.0 62.0 moine, qui s’eſt meſlé d’eſcrire, non pas la

41.0 1396.0 757.0 58.0 vie de Charlemaigne, ains pluſtoſt vne fa¬

41.0 1444.0 760.0 61.0 ble, barbouille du nom des François: à ſca¬

42.0 1498.0 758.0 65.0 uoir, Que celuy, qui auroit contribué quel¬

644.0 1550.0 25.0 74.0 d
