1023 1853
241.0 71.0 37.0 50.0 50

360.0 48.0 502.0 64.0 DE LA GAVLE

227.0 133.0 769.0 49.0 que argent pour le baſtiment du temple S.

228.0 161.0 770.0 68.0 Denis, il eſtoit nommé Franc, c’eſt à dire, li¬

228.0 211.0 771.0 66.0 bre:comme ſi ce mot n’euſt commencé à ve

228.0 259.0 771.0 71.0 nir en vſage, que du temps de Charlemai¬

229.0 305.0 772.0 75.0 gne: cela eſt auſsi ſot, comme le reſte de ſes

229.0 356.0 767.0 73.0 contes, dont il a gaſté le papier. Mais voicy

228.0 409.0 769.0 66.0 bien ce qui s’en peut dire & aſſeurer, com¬

228.0 456.0 772.0 72.0 me choſe toute certaine. Que celle premie¬

228.0 506.0 767.0 70.0 re & ſoudaine impoſitiõ du nõ des Frãçois,

228.0 555.0 771.0 68.0 c’eſt à dire (cõme Tacitus l’expoſe) des Au¬

230.0 604.0 774.0 72.0 teurs de liberté ſe trouua eſtre ſi propremẽt

230.0 657.0 775.0 66.0 rencõtree, & fut de là en auant de ſi bõne &

230.0 704.0 772.0 71.0 ſi heureuſe encontre, que de la s’en enſuyui¬

235.0 752.0 771.0 69.0 rent des victoires preſque infinies. Car de¬

232.0 801.0 774.0 74.0 puis que les Frãçois furent vne fois ſortis de

232.0 853.0 773.0 67.0 leur pays auec ceſte deliberation, ils eurẽt le

232.0 902.0 768.0 71.0 tẽps ſi à gré, qu’ils affranchirent de la tyran¬

230.0 952.0 775.0 69.0 nie des Romains, non ſeulement l’Alemai¬

235.0 1002.0 770.0 71.0 gne, leur cõmune patrie, mais auſsi la Gau¬

232.0 1050.0 775.0 72.0 le & finablemẽt paſſans les monts, mirẽt la

237.0 1099.0 771.0 72.0 plus grande partie de l’Italie en liberté. Au

234.0 1151.0 773.0 67.0 demeurant la premiere & la plus anciene

234.0 1199.0 770.0 68.0 mention de ce nom tant glorieux, & tant il¬

235.0 1245.0 770.0 73.0 luſtre, ſe trouue dedans Trebellius Pollio

235.0 1298.0 771.0 72.0 en la vie de l’Empereur Gallien: qui fut en¬

235.0 1347.0 769.0 67.0 uiron l’an de ſalut 260. Ainſi comme Gal¬

230.0 1396.0 774.0 70.0 lien ne vacquoit (dit-il) tout le long du iour,

232.0 1447.0 772.0 71.0 à autre choſe qu’à yurogner & gourmãder,

231.0 1499.0 773.0 71.0 & ne ſe ſoucioit non plus du maniement

930.0 1547.0 72.0 62.0 des
