1023 1853
193.0 67.0 460.0 57.0 FRANCOISE.

772.0 83.0 20.0 49.0 51

37.0 141.0 767.0 44.0 des affaires, que les petis enfans, quand ils

36.0 172.0 766.0 61.0 contrefont les Princes, adonc les Gaulois,

40.0 220.0 762.0 64.0 qui ont cela de nature, qu’ils ne peuuent en¬

38.0 269.0 770.0 61.0 durer les Princes vicieux & diſſolus, con¬

39.0 321.0 768.0 61.0 traignirent Poſthumus, qui eſtoit gouuer¬

40.0 372.0 763.0 59.0 neur de la Gaule au nom de l’Empereur,

42.0 421.0 767.0 60.0 d’accepter l’Empire. Et vn petit apres: Gal¬

40.0 468.0 767.0 61.0 lien donc commença la guerre contre Poſt¬

42.0 519.0 765.0 59.0 humus, & Poſthumus ayant grand nombre

40.0 567.0 767.0 59.0 de Celtes & de François à ſon ſecours, tira

40.0 619.0 767.0 56.0 ſon armee aux champs, pour aller contre

44.0 665.0 764.0 59.0 Victorinus, l’vn des Capitaines de Gallien.

46.0 717.0 762.0 58.0 Ces mots donnent aſſez à entendre, que les

44.0 765.0 764.0 60.0 Gaulois voulans ſecouër le ioug de la do¬

43.0 815.0 768.0 60.0 mination de Gallien le tyran, ſe ſeruirẽt du

44.0 863.0 762.0 59.0 ſecours des François, c’eſt à dire, des Au¬

48.0 915.0 762.0 53.0 teurs de liberté. Ce que Zonaras touche

44.0 965.0 767.0 58.0 auſsi en paſſant en la vie de Gallien: Il com¬

42.0 1015.0 768.0 57.0 batit, dit-il, contre les François. Il en eſt en¬

42.0 1062.0 768.0 55.0 core fait mention vne autre fois dedans Fl.

47.0 1111.0 763.0 60.0 Vopiſcus en la vie de l’empereur Aurelian.

46.0 1160.0 766.0 60.0 Car il dit, que Aurelian eſtant Coulonnel

43.0 1211.0 763.0 60.0 d’vne compaignie de Gaulois à Mayence,

43.0 1264.0 770.0 55.0 ainſi cõme les François couroyent deſia tou

44.0 1310.0 768.0 57.0 te la Gaule, il les attacha ſi viuement en vne

43.0 1357.0 772.0 58.0 rencõtre, qu’il en demeura ſept cẽs ſur la pla

44.0 1410.0 769.0 57.0 ce, & en furẽt pris trois cẽs priſonniers, leſ¬

45.0 1456.0 770.0 68.0 quels il fit vendre publiquement. Car auſsi

609.0 1511.0 73.0 53.0 d 2
