1023 1853
220.0 54.0 41.0 64.0 52

358.0 53.0 501.0 57.0 DE LA GAVLE

215.0 126.0 771.0 54.0 ne faut-il pas penſer, que nos François ayẽt

217.0 161.0 772.0 60.0 eu touſiours du meilleur en toutes les ba¬

223.0 208.0 766.0 65.0 tailles, qui ont eſté donnees durãt celle guer

219.0 261.0 771.0 65.0 re:õ plus qu’il n’aduient pas touſiours que

221.0 308.0 770.0 64.0 de toutes les guerres, qui ſont iuſtes, les eue

221.0 356.0 771.0 70.0 nemens en ſoyent heureux. Car meſmes

224.0 406.0 768.0 67.0 Eutropius, au 9. liu. & le Panegyric ſouuent

222.0 457.0 770.0 65.0 allegué recitent, qu’ils perdirent vne batail¬

224.0 507.0 771.0 67.0 le contre Conſtantin le Grand, où deux de

224.0 556.0 771.0 66.0 leurs Roys furent pris, & depuis iettez aux

225.0 607.0 769.0 65.0 beſtes, pour en donner le paſſe-tẽps au peu¬

228.0 656.0 769.0 67.0 ple de Rome. Mais d’autant que l’auteur du

227.0 706.0 769.0 68.0 Panegyric parle en vn autre endroit des

227.0 755.0 768.0 64.0 guerres, qu’ils firent dedans le pays de Hol¬

227.0 806.0 769.0 66.0 lande, auquel ils confinoyent, nous auons i¬

227.0 856.0 770.0 64.0 cy inſeré ſes propres mots. Il desfit, dit-il,

229.0 904.0 767.0 70.0 chaſſa & emmena pluſieurs milliers de Frã¬

232.0 954.0 768.0 69.0 çois, qui rauageoyent la Hollande & autres

232.0 1004.0 768.0 64.0 terres au deçà du Rhein. Et ailleurs: Il net¬

232.0 1052.0 767.0 68.0 toya toute la Hollande de François, qui l’a¬

233.0 1105.0 769.0 65.0 uoyent occupee: & non content de les auoir

235.0 1151.0 767.0 65.0 vaincus à force d’armes, les logea dedans les

235.0 1204.0 764.0 62.0 prouinces Romaines, pour les accouſtu¬

234.0 1249.0 769.0 64.0 mer, non ſeulement à laiſſer les armes, mais

236.0 1302.0 769.0 65.0 auſsi leur naturel ſauuage. En quoy on peut

236.0 1351.0 768.0 65.0 apperceuoir, que Conſtãtin fut comme for¬

236.0 1401.0 765.0 64.0 cé par la violence, & par les armes des Frã¬

243.0 1449.0 762.0 68.0 çois, de leur ottroyer finablement pays &

249.0 1497.0 752.0 71.0 ieux à habiter dedans les terres de l’obeiſ¬

898.0 1547.0 106.0 54.0 ſance
