1023 1853
198.0 49.0 448.0 58.0 FRANCOISE.

758.0 40.0 47.0 74.0 53

33.0 125.0 772.0 44.0 ſance de l’empire. Et en fit depuis ſi grand

36.0 154.0 768.0 67.0 cas, que nous liſons dedans Amm. Mar¬

36.0 203.0 770.0 65.0 cell.que s’eſtant allumee vne guerre ciuile

36.0 253.0 768.0 63.0 entre Conſtantin & Licinius, ils combati¬

38.0 302.0 770.0 66.0 rent vaillamment, pour le party de Conſtan

39.0 355.0 762.0 59.0 tin. Et en vn autre endroit du meſme liure,

39.0 400.0 769.0 68.0 il dit, qu’il y auoit beaucoup de François à

42.0 448.0 766.0 67.0 la cour du ieune Conſtantin, fils du grand

44.0 502.0 764.0 64.0 Conſtantin, & qu’ils eſtoyent en grande fa¬

43.0 550.0 767.0 62.0 ueur & en grand credit vers l’Empereur. Et

43.0 598.0 765.0 63.0 ſous l’empire de Iulian l’Apoſtat, les Fran¬

45.0 649.0 767.0 62.0 çois s’entremirent de deliurer la ville de Co

44.0 697.0 764.0 65.0 loigne, de la tyrãnie des Romains, qui la te¬

44.0 748.0 768.0 63.0 noyent oppreſſee: & de fait, ils mirẽt le ſiege

45.0 797.0 769.0 58.0 deuant, & la forcerent de ſe rendre, teſmoin

47.0 846.0 769.0 61.0 Ammian. Marcell.au 12.liure. Il y eut auſsi

47.0 897.0 769.0 64.0 quelque François, qui s’habituerẽt enuiron

48.0 948.0 766.0 59.0 ce temps-là, au pres de la riuiere de Sala,

49.0 994.0 767.0 61.0 dont ils furent ſurnommez Saliens, & ce

49.0 1045.0 768.0 61.0 ſont ceux, dont il parle au meſme liure: Ces

54.0 1094.0 765.0 62.0 preparatifs eſtans faits (dit-il, parlant de Iu¬

50.0 1145.0 770.0 60.0 lian) il alla tout premierement contre les

51.0 1197.0 772.0 59.0 François, qu’on appelloit communement

51.0 1245.0 768.0 61.0 Saliens, qui auoyent bien oſé entrepren¬

56.0 1297.0 764.0 55.0 dre de ſe loger ſur les terres des Romains,

59.0 1343.0 764.0 56.0 en vn endroit, nommé Toxiandria. Au 10.

57.0 1389.0 768.0 64.0 liure, il ſpecifie nommément, qu’ils auoyẽt

60.0 1442.0 769.0 62.0 deſia occupé vne prouince deçà le Rhein, &

65.0 1491.0 764.0 68.0 la nommoyent France de leur nom. Ayant

641.0 1547.0 52.0 63.0 d 3
