1023 1853
226.0 49.0 58.0 60.0 54

368.0 39.0 491.0 61.0 DE LA GAVLE

219.0 115.0 763.0 45.0 paſſé le Rhein, dit-il, il courut le pays des

217.0 152.0 766.0 59.0 François, qu’on appelle Attuariens, gens

216.0 203.0 767.0 57.0 qui ne pouuoyent demeurer en repos, & qui

216.0 250.0 769.0 59.0 ſe promenoyẽt deſia hardiment par les Gau

217.0 299.0 768.0 60.0 les. Au 30. liu. il parle d’vn Roy Macrian, a¬

217.0 347.0 768.0 61.0 uec lequel l’Empereur Valẽtinian auoit fait

218.0 398.0 767.0 60.0 paix aupres de la ville de Mayence. Et que

218.0 446.0 767.0 58.0 ceſtuy Macrian s’ettant ietté en Frãce, ainſi

216.0 496.0 768.0 62.0 cõme il alloit ruinant & gaſtant le plat pays,

218.0 548.0 768.0 58.0 & ſe iettoit aux dangers plus inconſideré¬

216.0 599.0 768.0 51.0 ment, qu’il ne conuient à vn Prince, il don¬

215.0 646.0 772.0 58.0 na dedans les filets, que luy auoit tendus le

218.0 694.0 769.0 59.0 Roy des François, nommé Mellobaudes, &

220.0 745.0 769.0 60.0 y demeura mort ſur le champ. Auſsi dit le

216.0 792.0 773.0 62.0 meſme auteur, que ce Roy Mellobaudes fut

218.0 844.0 771.0 60.0 fort vaillãt & belliqueux: & que pour ſa va¬

218.0 894.0 771.0 58.0 leur & prouëſſe, l’Emp. Gratian luy donna

218.0 941.0 771.0 58.0 vn eſtat de Cõte des domeſtiques, c’eſt à di¬

218.0 992.0 771.0 57.0 re, de Chambellan, ou de Grand maiſtre, &

218.0 1041.0 772.0 60.0 le fit ſon Lieutenant General auec vn Nan¬

218.0 1095.0 772.0 53.0 nienus, pour conduire ſon armee contre les

219.0 1142.0 771.0 57.0 Lantz peuple d’Alemaigne. Du temps de

219.0 1192.0 773.0 57.0 l’Empereur Honorius, auec lequel ils cõtra

219.0 1240.0 774.0 57.0 cterent amitié & alliance, ils defendirent la

221.0 1290.0 768.0 58.0 Gaule, que les Romains tenoyent, encon¬

217.0 1338.0 774.0 58.0 tre les menees de Stillicon. Car ainſi qu’O¬

221.0 1386.0 773.0 56.0 roſe dit, au dernier liure de ſes hiſtoires Stil

220.0 1440.0 769.0 51.0 licon fit adonc ſouleuer les nations des A¬

220.0 1487.0 772.0 70.0 lains, des Sueuiens, des Vandales, & beau¬

879.0 1534.0 107.0 70.0 coup
