1023 1853
201.0 44.0 449.0 56.0 FRANCOISE.

736.0 44.0 51.0 54.0 55

26.0 98.0 765.0 66.0 coup d’autres, contre ſon maiſtre, leſquelles

27.0 146.0 765.0 70.0 paſſerent le Rhein, & ſe ietterent dedans la

28.0 196.0 762.0 70.0 Gaule maugré les François. Apres le temps

27.0 246.0 761.0 61.0 d’Honorius, les hiſtoriens les laiſſent repo¬

27.0 294.0 766.0 69.0 ſer, & ne parlent que bien peu des geſtes &

28.0 342.0 765.0 73.0 prouëſſes des François hors mis, qu’il faut

27.0 395.0 766.0 68.0 rapporter à ce temps-là, ce qu’eſcrit d’eux

29.0 440.0 764.0 71.0 S. Ambroiſe à l’Empereur Theodoſe, en la

29.0 492.0 764.0 70.0 29. de ſes epiſtres. Que les François auoyẽt

30.0 540.0 764.0 69.0 desfait & rõpu pluſieurs fois en Sicile, & ail

29.0 591.0 763.0 63.0 leurs vn Maximus Capitaine des Romains.

29.0 637.0 766.0 72.0 Mais vn peu apres, cõme s’ils ſe ſouuenoyẽt

31.0 689.0 764.0 66.0 d’eux, ils s’accordent tous en ce poinct:à ſa

31.0 741.0 764.0 67.0 uoir, que ſous l’empire de Valentinian 3. qui

31.0 788.0 763.0 69.0 fut enuiron l’an de grace 450. Childeric fils

32.0 838.0 763.0 64.0 de Merouee Roy de Fr. finablemẽt extermi

33.0 887.0 760.0 65.0 na de tout poinct, la puiſsãce des Romains,

33.0 935.0 760.0 68.0 & mit la Gaule en liberté: apres que les Frã¬

35.0 986.0 759.0 66.0 çois eurent debatu ceſte querele, à l’encõtre

35.0 1037.0 758.0 65.0 des Romains, l’eſpace de plus de deux cens

33.0 1088.0 754.0 60.0 ans: & lors premierement commença à y

38.0 1135.0 755.0 69.0 planter le ſiege de ſon Royaume, qui iuſ¬

36.0 1189.0 759.0 58.0 ques alors, n’y auoit encore peu prendre

35.0 1233.0 762.0 66.0 fermes racines. Car combien que quel¬

38.0 1287.0 759.0 60.0 ques vns content pour les premiers Roys

36.0 1330.0 763.0 61.0 de France Pharamond & Clodion le che¬

36.0 1379.0 764.0 68.0 uelu, toutefois c’eſt bien choſe aſſeu¬

38.0 1430.0 766.0 64.0 ree, qu’auant eux, il y auoit deſia eu plu¬

36.0 1480.0 769.0 77.0 ſieurs Roys de France, qui auoyent

601.0 1531.0 72.0 70.0 d 4
