1023 1853
233.0 54.0 51.0 53.0 56

363.0 39.0 488.0 60.0 DE LA GAVLE

228.0 118.0 758.0 39.0 meſme fait des courſes en la Gaule: dõt pas

228.0 152.0 759.0 60.0 vn n’auoit encore eu ſiege de Royaume ar¬

229.0 200.0 758.0 60.0 reſté & paiſible dedãs les limites de la Gau¬

231.0 250.0 758.0 62.0 le. Quant à Merouee qu’on conte pour le

230.0 301.0 760.0 59.0 troiſieme, il fut bien Roy des Frãçois: mais

230.0 350.0 760.0 61.0 au regard de la Gaule, il n’eſtoit rien plus

231.0 402.0 759.0 58.0 qu’vn eſtranger, & ſi ne regna iamais ſur les

231.0 450.0 760.0 57.0 François & Gaulois tout enſemble, ny ne

231.0 500.0 760.0 58.0 fut iamais eleu par la volonté & conſente¬

231.0 551.0 761.0 56.0 ment des deux nations vnies & incorporees

230.0 597.0 761.0 59.0 enſemble. Brief tous ces premiers-là, ont e¬

231.0 648.0 762.0 57.0 ſté Roys des François ſeulement: mais non

234.0 695.0 760.0 62.0 pas des Francsgaulois, c’eſt à dire, François

234.0 749.0 761.0 56.0 confondus & meſlez auec les Gaulois. Mais

233.0 796.0 762.0 59.0 celuy qui fut le premier eleu, & declaré

234.0 845.0 763.0 58.0 Roy de France & de la Gaule tout enſem¬

235.0 894.0 762.0 57.0 ble par la commune voix de l’aſſemblee fai

234.0 945.0 762.0 52.0 te des deux nations, ce fut ſans doute Chil¬

236.0 994.0 760.0 58.0 deric fils de Merouee: apres que ſon pere

236.0 1045.0 762.0 57.0 eut eſté occis en vne groſſe bataille, qui fut

237.0 1097.0 758.0 55.0 donnee par les Romains contre Attila Roy

240.0 1142.0 757.0 56.0 des Huns: ſous l’empire de Valentinian le

236.0 1192.0 760.0 58.0 tiers, Prince luxurieux, & tout gaſté de vi¬

239.0 1241.0 760.0 57.0 ces. En ce meſme temps-là, les Anglois, &

240.0 1294.0 759.0 55.0 les Eſcoſſois s’emparerent de la grande Bre

239.0 1343.0 758.0 57.0 taigne: les Bourguignons, des terres des Se¬

240.0 1390.0 757.0 58.0 quaniens, des Aeduiens, & Allobroges: les

239.0 1441.0 761.0 55.0 Gots de l’Aquitaine: les Vandales de l’A¬

237.0 1490.0 764.0 72.0 frique, & de l’Italie, & de la ville meſme de

860.0 1542.0 136.0 69.0 Rome.
