1023 1853
189.0 50.0 466.0 60.0 FRANCOISE.

757.0 50.0 37.0 67.0 57

33.0 131.0 768.0 37.0 Nome. Les Huns de Tautre coſte gaſtoyent

36.0 160.0 765.0 58.0 & rauageoyent la Gaule, ſous la cõduite de

39.0 212.0 760.0 57.0 Attila, qui menoit vne armee de cinq cens

37.0 259.0 762.0 56.0 mille hommes, & courut la Guule iuſques à

37.0 307.0 767.0 58.0 Thoulouze. Or eſtoit lors Gouuerneur de

39.0 357.0 765.0 60.0 la Gaule vn Aẽtius, lequel redoutant la fot¬

39.0 405.0 767.0 58.0 ce d’Attila, fit alliance auec les Gots: & les

41.0 455.0 766.0 60.0 ayant à ſon ſecours, donna vne bataille à

44.0 506.0 763.0 58.0 Attila, qui fut ſi aſprement debatue de co¬

43.0 554.0 765.0 59.0 ſté & d’autre, qu’on dit, qu’il ne demeura

44.0 606.0 764.0 61.0 pas moins de cẽt & quatre vingt mille hom¬

45.0 656.0 764.0 58.0 mes morts ſur le champ: mais Aëtius la gai

46.0 705.0 764.0 59.0 gna. Ceſte ſi glorieuſe victoire, comme il

46.0 754.0 764.0 58.0 aduient ſouuent, luy engendra l’enuie & la

46.0 802.0 763.0 58.0 haine des courtiſans, leſquels le calomnie¬

46.0 855.0 765.0 55.0 rent vers Valentinian, & luy mirent à ſus

49.0 901.0 761.0 61.0 qu’il aſpiroit à ſe faire Roy: à raiſon dequoy

50.0 954.0 762.0 55.0 l’Empereur le fit mourir, ſans autre forme

50.0 1002.0 763.0 55.0 de proces. Mais vn peu apres, l’Empereur

49.0 1047.0 766.0 62.0 fut tué luy-meſme, par ce Maximus, dont

51.0 1098.0 765.0 59.0 nous auons touché cy deſſus. Pendant ces

51.0 1143.0 771.0 65.0 confuſions Merouee Roy des François, vo¬

54.0 1199.0 765.0 61.0 yant ſon poinct, & que l’occaſion luy eſtoit

52.0 1244.0 776.0 63.0 ineſperément offerte de bien faire ſes be¬¬

53.0 1298.0 762.0 59.0 ſognes, mit force gens de guetre enſemble,

57.0 1344.0 762.0 63.0 paſſa le Rhein, & vint en Gaule, où il trou¬

56.0 1396.0 761.0 60.0 ua pluſieurs villes, qui le receurent volon¬

56.0 1446.0 764.0 58.0 tiers ſous eſperance de liberté, & ayant don¬

57.0 1495.0 763.0 68.0 né iuſqu’au fond de la Gaule Celtique, en

655.0 1554.0 65.0 67.0 d 5
