1023 1853
235 72 43 36 58

349 50 494 57 DE LA GAVLE

221 127 764 41 ſaiſit les meilleures villes. Mais apres le

224 158 762 61 deces de Merouee, toutes les deux natiõs ſe

221 210 763 58 ioignirent en vn corps de Republique, &

219 256 766 61 eleurent pour leur Roy Childeric ſon fils

220 309 765 56 d’vn commun accord: & l’ayant mis ſur vn

222 356 759 59 pauois, à la maniere accouſtumee, & por¬

217 405 764 60 té ſur leurs eſpaules trois fois tout à l’en¬

216 452 766 60 tour de l’aſſemblee du peuple, auec grand

217 507 764 55 batement de mains, & acclamations de io¬

222 554 758 59 yee, le ſaluerent Roy de France & de Gau¬

218 605 762 60 le. Nous auons pour auteurs de cecy Si¬

214 649 758 64 donius Apollinaris, Gregoire de Tours,

214 704 761 58 Otton Friſing. Aimoinus & quelques au¬

212 754 765 58 tres, deſquels nous alleguerons les teſmoi¬

213 803 761 59 gnages au lieu deſtiné, pour traiter de l’an¬

206 851 768 63 ciene façon de ſacrer les Roys. Mais quant

208 900 761 59 aux villes, dont les François ſe ſaiſirent,

207 951 766 63 voicy qu’en dit Otton, au 4.liu. de ſa Chro.

207 1003 765 55 en termes formels. Les François, ayans

209 1049 764 60 paſſé le Rhein, chaſſerent premierement

203 1099 768 60 les Romains, qui ſe tenoyent là: partans de

205 1148 765 59 là, ils prindrent Tournay & Cambray vil¬

202 1196 767 59 les de la Gaule: & tirans plus outre, prin¬

202 1245 762 60 drent encore Rheins, Soiſſons, Orleans,

207 1292 762 63 Treues & Coloigne. Voila en brief ce qu’õ

201 1346 771 60 treuue touchant du premier Roy de la Fran

200 1394 764 60 ce & de Gaule. A quoy on peut encore ad¬

200 1444 765 61 iouſter cecy: Que nonobſtant que le Roy¬

201 1495 763 63 aume de France ait deſia duré plus de mil¬

876 1550 86 68 le &
