1023 1853
23.0 116.0 767.0 56.0 le & deux cents ans, on ne conte en tout que

24.0 157.0 768.0 61.0 trois diuerſes races & familles de Roys:

24.0 206.0 766.0 64.0 La premiere eſt, celle des Merouingiens,

25.0 257.0 774.0 63.0 qui furent extraits de Merouee, & dura leur

24.0 305.0 771.0 65.0 race enuiron deux cents & quatre vingts

25.0 355.0 767.0 61.0 ans. L’autre eſt celle des Carlouingiens,

26.0 404.0 767.0 65.0 qui ſortirent de Charlemaigne, & eſten¬

27.0 453.0 771.0 64.0 dirent leur poſterité iuſques à trois cents &

25.0 503.0 770.0 60.0 trenteſept ans: la tierce eſt la maiſon des

30.0 549.0 766.0 66.0 Capeuingiens, qui ſont iſſus de Hugues Ca

28.0 602.0 768.0 64.0 pet, & y a deſia cinq cens & quatre vingts

27.0 649.0 771.0 67.0 ans, que le Royaume eſt en la poſſeſsion de

29.0 705.0 294.0 59.0 ceſte maiſon là.

194 49 454 60 FRANCOISE.

732.0 42.0 50.0 68.0 59

92 821 706 63 ¶ A ſcauoir ſi le Royaume de la Gaule

140 867 661 63 Françoiſe ſe trãsferoit par ſucceſsion

135 919 666 53 hereditaire, ou s’il ſe deferoit par ele¬

138 968 636 76 ction, & de la façon d’elire les Roys.

250 1046 338 116 CHAP. VI.

239 1186 567 64 A IS icy ſe preſente vne treſ¬

241 1240 566 59 belle queſtion, & fort propre

241 1289 566 63 pour cognoiſtre la ſageſſe de nos

239 1338 567 58 anceſtres. A ſcauoir-mon ſi le

37 1388 770 60 Royaume de la France Gauloiſe eſche¬

40 1438 769 56 oit par droit de ſucceſsion, où s’il eſtoit

41 1486 765 71 deferé par le conſentement & par les voix

57 1334 159 71 M
