1023 1853
219.0 50.0 60.0 60.0 60

358.0 48.0 490.0 59.0 DE LA GAVLE

213.0 135.0 763.0 42.0 du peuple. Quailt aux Roys d’Alemaigne

214.0 157.0 760.0 64.0 (d’ou nos François partirent ancienement)

217.0 206.0 762.0 58.0 Cor. Tacitus au liu. des mœurs & couſtu¬

211.0 254.0 766.0 67.0 mes de l’Alemaigne, nous aſſeure, qu’ils s’e¬

211.0 303.0 766.0 65.0 liſoyent par les ſuffrages du peuple. Ils choi

210.0 352.0 768.0 65.0 ſiſſent, dit-il, les Roys à la nobleſſe, & les Ca

210.0 405.0 768.0 63.0 pitaines à la vertu. Laquelle couſtume eſt

208.0 457.0 768.0 62.0 encore entretenue par les Alemans, Da¬

208.0 504.0 771.0 65.0 nois, Sueuiens, & Polonois: car ils eliſent

209.0 552.0 768.0 66.0 leurs Roys en l’aſſemblee generale des e¬

208.0 601.0 769.0 65.0 ſtats de leur nation: toutefois les fils ont la

210.0 653.0 764.0 60.0 prerogatiue, & ſont volõtiers preferez, com

208.0 702.0 769.0 63.0 me Tacitus l’a laiſſé par eſcrit. De moy, ie

208.0 754.0 765.0 62.0 ne penſe pas, qu’on ſceuſt inuenter vne loy

207.0 801.0 766.0 62.0 ou couſtume, ny plus ſagement ordonnee,

205.0 850.0 768.0 68.0 ny plus profitable pour la choſe publique,

207.0 902.0 768.0 57.0 que ceſte police-là. Car (comme diſcourt

203.0 950.0 774.0 61.0 ſagement Plutarque en la vie de Sylla) tout

203.0 1001.0 772.0 58.0 ainſi que les bons veneurs, ne cerchent pas

203.0 1051.0 773.0 61.0 ce qui eſt né d’vn bon chien, mais le chien

202.0 1099.0 773.0 57.0 meſme qui ſoit bon: ny ſemblablement les

202.0 1148.0 774.0 59.0 ſages hommes d’armes, ce qui eſt né d’vn

201.0 1193.0 780.0 66.0 cheual, mais le cheual meſme, auſsi ceux

201.0 1246.0 770.0 59.0 qui s’entremettent d’eſtablir vn gouuerne¬

198.0 1295.0 771.0 62.0 ment politique, commettent vne lourde fau

200.0 1347.0 770.0 58.0 te, s’ils s’amuſent à cercher, de qui deura

196.0 1393.0 776.0 63.0 naiſtre leur Prince, & non pas quel il ſera.

200.0 1447.0 770.0 59.0 Or pour verifier que nos anceſtres auoyent

198.0 1493.0 769.0 74.0 ſuyuant ceſte regle ſagement eſtably le gou¬

890.0 1556.0 82.0 53.0 uer¬
