1023 1853
185.0 47.0 443.0 70.0 FRANCOISE.

725.0 49.0 61.0 62.0 61

19.0 132.0 770.0 45.0 uernement du Royaume de France, nous

21.0 166.0 769.0 60.0 produirons premierement le teſtament de

22.0 213.0 767.0 63.0 Charlemaigne, ainſi qu’il eſt couché dedãs

22.0 262.0 763.0 63.0 Nauclere, & Hen. Mutius: auquel il y a no¬

20.0 311.0 770.0 56.0 tammẽt ceſte clauſe: S’il y a vn de mes trois

20.0 361.0 770.0 64.0 fils, à qui il naiſſe vn fils, & que le peuple

22.0 412.0 768.0 61.0 vueille elire ce fils-là, pour ſucceder à ſon

24.0 463.0 765.0 60.0 pere en l’heritage du Royaume, nous vou¬

23.0 513.0 769.0 58.0 lons que ſes oncles y conſentent, & qu’ils

24.0 561.0 768.0 59.0 permettent de regner le fils de leur frere, en

23.0 612.0 769.0 58.0 la portion du Royaume de ſon pere. Item

24.0 659.0 767.0 60.0 ce que dit Aimoinus. au 1.liu.chap.4. parlãt

24.0 711.0 768.0 56.0 de Pharamond, qu’on conte communemẽt

26.0 756.0 763.0 63.0 pour le premier Roy de France: Les Fran¬

26.0 808.0 769.0 62.0 çois, dit-il, eliſans vn Roy pour eux, ſuyuant

26.0 859.0 772.0 56.0 la couſtume des autres nations, eleuerent

26.0 906.0 769.0 59.0 Pharamond ſur le throne Royal. Et au 4.

26.0 955.0 770.0 61.0 liu. chap.51. Les François prindrent vn cer¬

28.0 1004.0 770.0 61.0 tain clerc nommé Daniel, & apres qu’il eur

27.0 1055.0 768.0 57.0 laiſſé croiſtre ſes cheueux, l’eſtablirẽt Roy,

28.0 1104.0 769.0 54.0 & le nommerent Chilperic. Item au 67. ch.

29.0 1152.0 770.0 60.0 du 4.liu. Apres le deces du Roy Pepin, ſes

30.0 1203.0 767.0 51.0 fils Charles & Caroloman, furent creez

31.0 1253.0 766.0 59.0 Roys du conſentement de tous les Frãçois.

31.0 1304.0 765.0 57.0 Et en vn autre paſſage: Pepin eſtãt decedé,

32.0 1353.0 765.0 57.0 Les François tindrent vne aſſemblee gene¬

31.0 1402.0 763.0 54.0 rale, où ils eleurent ſes deux enfans Roys,

31.0 1451.0 767.0 56.0 ſous ceſte condition, qu’ils partiroyent tout

32.0 1500.0 761.0 67.0 le Royaume en deux portions egales. Et ail¬
