1023 1853
194.0 57.0 57.0 55.0 62

324.0 54.0 488.0 55.0 DE LA GAVLE

193.0 124.0 767.0 38.0 leurs: Charles, apres la mort de ſon frere

193.0 156.0 768.0 61.0 fut eleu Roy abſolu du cõſentemẽt de tous

195.0 205.0 768.0 61.0 les François. Item ſur la fin de l’hiſtoire de

197.0 255.0 766.0 60.0 Charlemaigne: Ayant fait venir à ſoy Loys

197.0 305.0 768.0 60.0 Roy d’Aquitaine, qui ſeul reſtoit viuant des

196.0 352.0 772.0 65.0 fils de la Roine Hildegardis, fit aſſembler

196.0 405.0 770.0 58.0 ſolennellement tous les principaux de Fran

197.0 452.0 771.0 62.0 ce, & par l’aduis de tous le declara ſõ cõſort

196.0 509.0 771.0 54.0 & compagnon au gouuernement de tout le

197.0 551.0 771.0 61.0 Royaume, & ſon ſucceſſeur à l’Empire. Voi

198.0 601.0 769.0 60.0 la ce qu’en dit Aimoinus. Mais il y a plu¬

200.0 651.0 767.0 61.0 ſieurs ſemblables teſmoignages dedãs Gre

198.0 702.0 769.0 62.0 goire de Tours: dont nous en tirerons quel¬

199.0 752.0 769.0 54.0 ques vns. Car au 12.ch. du 2.liu. Les Frãçois

198.0 798.0 770.0 63.0 dit-il, ayãs depoſé Childeric, eleurẽt vn Eu¬

198.0 852.0 772.0 58.0 do pour leur Roy. Itẽ au 51.ch.du.4. liu. A¬

198.0 899.0 773.0 60.0 donc les François enuoyerẽt vne ambaſſade

200.0 948.0 770.0 61.0 à Sigebert, afin qu’il s’ẽ vinſt vers eux, & que

198.0 998.0 773.0 59.0 laiſſans là Chilperic, ils l’eleuſſent Roy: Et

200.0 1045.0 771.0 58.0 en vn autre endroit: Sigebert s’accordãt à la

202.0 1100.0 769.0 57.0 volõté des François fut eleué ſur vn pauois

200.0 1144.0 770.0 63.0 & eſtably Roy, & par ainſi il iouit du Roy¬

199.0 1196.0 772.0 59.0 aume de ſon frere Chilperic. Et incõtinent

200.0 1245.0 770.0 61.0 apres Les Bourguignons & les Auſtraſiens

201.0 1297.0 770.0 58.0 ayans fait paix auec les autres François, e¬

201.0 1345.0 771.0 61.0 leurent Clotaire Roy de tous les trois Roy¬

201.0 1392.0 777.0 61.0 aumes. Ce qu’eſcrit auſsi conformément

203.0 1441.0 770.0 58.0 l’Abbé d’Vrſper. Et vn peu au deſſous: Les

203.0 1492.0 769.0 72.0 François eleurent Roy Childeric ſon autre

870.0 1544.0 104.0 68.0 frere
