1023 1853
176.0 60.0 443.0 52.0 FRANCOISE.

737.0 64.0 41.0 54.0 63

20.0 138.0 766.0 39.0 frere qui regnoit deſia ſur ceux d’Auſtraſie.

21.0 165.0 774.0 64.0 A cela ſe rapporte auſsi ce qu’eſcrit Luit¬

22.0 216.0 767.0 62.0 prand de Pauie au 6.chap. du 1.liu. Ayãt paſ

20.0 266.0 766.0 61.0 ſé le Royaume de Bourgongne, ainſi com¬

18.0 318.0 770.0 58.0 me il vouloit entrer dedans la Gaule, qu’on

19.0 362.0 769.0 63.0 appelle Romaine, les ambaſſadeurs des

18.0 412.0 769.0 61.0 François vindrent au deuant de luy, diſans

23.0 464.0 765.0 63.0 qu’ils s’en retournoyent, pourautant qu’a¬

19.0 512.0 768.0 61.0 pres auoir long temps attendu & ne pouuãs

19.0 561.0 766.0 61.0 plus longuement demeurer ſans Roy, ils a¬

19.0 611.0 766.0 59.0 uoyent eleu Odon à la requeſte & ſollicita¬

19.0 658.0 769.0 63.0 tion de tout le peuple &c. Mais Sigebert

18.0 710.0 768.0 57.0 fait vn conte memorable de ceſtuy Odon,

19.0 758.0 767.0 61.0 duquel on peut plus aiſémẽt retirer, que les

19.0 806.0 768.0 63.0 François laiſſerent là le fils du Roy, & ap¬

20.0 857.0 767.0 61.0 pellerent vn eſtranger à la couronne. Car

19.0 906.0 768.0 62.0 voicy ce qu’il en dit, ſous l’an.890. Les Fran

23.0 956.0 762.0 59.0 çois, dit-il, reiettans Charles fils de Loys le

19.0 1005.0 766.0 61.0 Begue, qui n’auoit pas encore dix ans, eſta¬

20.0 1053.0 766.0 55.0 blirent Roy ſur eux Odon fils du Duc Ro¬

19.0 1102.0 764.0 60.0 bert, qui fut tué par les Normans. Item Ot¬

20.0 1152.0 767.0 60.0 ton Friſing. au 10. chap. du 6.liu. des Chro.

20.0 1204.0 767.0 57.0 Les Frãçois Occidentaux, dit-il, deſignerẽt

20.0 1252.0 770.0 59.0 pour Roy, Odon fils de Rob. homme vail¬

18.0 1305.0 771.0 53.0 lant, par le conſentement d’Arnoul. Et en la

18.0 1350.0 768.0 55.0 cõtinuation des hiſtoires de Gre. de Tours

19.0 1400.0 769.0 61.0 au 15.liu.ch.30. Apres le deces de Dagob.ſõ

18.0 1449.0 767.0 55.0 fils Clouis eſtãt encore en bas aage, fut inue

19.0 1500.0 767.0 69.0 ſty du Royaume de ſõ pere, & tous les ſuiets
