1023 1853
217.0 41.0 67.0 64.0 64

360.0 38.0 497.0 63.0 DE LA GAVLE

218.0 108.0 767.0 53.0 aſſemblez au bourg de Maſolan l’eleuerent

218.0 150.0 767.0 60.0 au Royaume. Item Sigebert, en la Chron.

219.0 198.0 764.0 61.0 de l’an 987. Loys Roy de France decedé,

220.0 249.0 764.0 57.0 les François voulurent tranſporter le Roy¬

219.0 297.0 771.0 61.0 aume à Charles, frere du Roy Lothaire:

223.0 347.0 766.0 63.0 mais cependant que ceſtuy-là s’amuſa à

223.0 396.0 761.0 56.0 demander le conſentement des eſtats, Hu¬

225.0 447.0 762.0 60.0 gues Capet vſurpa le Royaume de France.

223.0 496.0 764.0 60.0 &c. Il y a vne infinité de tels teſmoignages

226.0 545.0 763.0 59.0 dedans Adon: comme de l’an 686. Le Roy

228.0 593.0 761.0 62.0 Clouis decedé, les François eſtablirent Clo

226.0 645.0 765.0 60.0 taire ſon fils pour Roy: Et peu apres, Clo¬

227.0 698.0 765.0 56.0 taire mourut, apres auoir regné quatre ans:

226.0 744.0 766.0 57.0 au lieu duquel les François eleuerent ſon

227.0 790.0 765.0 63.0 frere Theoderic. Item de l’an 669. Les Fran

230.0 843.0 762.0 57.0 çois eſtablirent au Royaume vn clerc nom¬

229.0 891.0 764.0 62.0 mé Daniel apres qu’il eut laiſſé croiſtre ſes

229.0 941.0 766.0 60.0 cheueux, & le hommerent Chilperic. Et vn

232.0 991.0 762.0 61.0 peu plus bas: Les François eſtablirent Roy

229.0 1038.0 766.0 61.0 ſur eux Theoderic, fils de Dagobert. Item

232.0 1090.0 762.0 59.0 au 13. chap. de la 6. Chro. d’Otton Friſing.

233.0 1137.0 765.0 62.0 Apres le deces d’Odon Roy de Frãce, Char

233.0 1189.0 765.0 60.0 les fut creé Roy par le conſentement de

232.0 1238.0 767.0 59.0 tous. Item en la continuation de l’hiſt. de

235.0 1285.0 760.0 58.0 Greg. de Tours, au liu.11. chap.101. Thierry

236.0 1336.0 763.0 53.0 Roy de France, eſtant decedé, Les Frãçois

233.0 1384.0 766.0 57.0 eleurent Roy vn petit fils qu’il laiſſa nõmé

237.0 1436.0 764.0 59.0 Clouis. Et au 106 chap. Mais les François

233.0 1484.0 767.0 68.0 eſtablirent Roy vn certain Chilperic. Item

857.0 1531.0 138.0 67.0 Godef.
