1023 1853
193.0 47.0 437.0 65.0 FRANCOISE.

746.0 63.0 45.0 48.0 65

31.0 134.0 762.0 33.0 Godef. de Viterbe en la 17. partie de ſes

27.0 162.0 764.0 57.0 chron chap.4. Apres que Childeric le Roy

27.0 214.0 765.0 58.0 fait-neant fut confiné en vn monaſtere par

29.0 261.0 765.0 60.0 les François: Pepin fut eſtably & confermé

30.0 308.0 765.0 64.0 Roy de Frãce apres l’election des François

32.0 362.0 763.0 61.0 par le Pape Zacharie. I’eſtime qu’il appert

31.0 410.0 763.0 61.0 aſſez par ces paſſages icy & autres ſembla¬

32.0 460.0 763.0 61.0 bles, que les Rois de France eſtoyent ancie¬

31.0 508.0 767.0 59.0 nement eſtablis pluſtoſt par le conſentemẽt

31.0 557.0 766.0 61.0 & volonté du peuple, que par droit de ſuc¬

32.0 609.0 766.0 60.0 ceſsion. A quoy meſme ſe rapporte la ce¬

32.0 657.0 767.0 54.0 remonie, dont nos anceſtres vſoyent au ſa¬

33.0 709.0 767.0 50.0 cre & couronnement des Rois. Car ce que

35.0 758.0 766.0 58.0 nous diſions n’agueres par le rapport de Ta

33.0 809.0 767.0 53.0 citus, que les Caninefats, voiſins ou parens

36.0 856.0 762.0 57.0 des François auoyent de couſtume de met¬

35.0 902.0 765.0 62.0 tre ſur vn pauois celuy qui auoit eſté decla¬

36.0 953.0 765.0 59.0 ré Roy, & le porter haut ſur les eſpaules:

35.0 1004.0 768.0 58.0 nous voyons que cela meſmes a eſté mis en

37.0 1053.0 764.0 59.0 vſage à l’endroit de nos Rois. Car ils vſoyent

37.0 1102.0 764.0 55.0 de ceſte ceremonie la meſme, eleuans ſur

37.0 1152.0 766.0 60.0 vn large pauois celuy qui auoit eſté nommé

38.0 1201.0 766.0 62.0 Roy par les voix & ſuffrages du peuple, & le

36.0 1252.0 770.0 57.0 hauſſans ſur leurs eſpaules, le promenoyent

39.0 1301.0 767.0 60.0 par trois fois tout à lentour de l’aſſemblee

38.0 1352.0 767.0 59.0 du peuple, ou de l’armee, auecques grans

38.0 1399.0 768.0 56.0 cris de reſiouiſſance. Gregoire en eſt teſ¬

38.0 1447.0 770.0 54.0 moin au liu. 2. ou il traite de l’election du

39.0 1496.0 768.0 72.0 Roy Clouis: Mais eux, dit-il, ayans ouy cela

647.0 1559.0 28.0 48.0 e
