1023 1853
222.0 61.0 64.0 45.0 66

362.0 52.0 497.0 63.0 DE LA GAVLE

220.0 129.0 765.0 48.0 auec batemens de mains & cris de ioye, le

222.0 163.0 767.0 63.0 hauſſerent ſur vn bouclier & l’eſtablirent

222.0 211.0 763.0 61.0 Roy ſur eux. Item au chap. 10. du 7. liure où

220.0 257.0 766.0 67.0 il parle de Goudebaud, le Roy, dit-il, fut mis

222.0 310.0 765.0 61.0 ſur vn pauois, & eleué en haut: mais ainſi cõ¬

222.0 360.0 764.0 64.0 me ils le portoyent pour la troiſieme fois &

222.0 408.0 764.0 65.0 le promenoyent à l’entour de l’armee, il tõ¬

222.0 457.0 767.0 61.0 ba tout de ſon long à terre: & la cheute fut ſi

220.0 510.0 769.0 63.0 lourde, qu’a toute peine ceux qui l’accompa

222.0 558.0 765.0 63.0 gnoyent par honneur le peurent-ils releuer.

223.0 606.0 764.0 61.0 Aimoinus en eſcrit tout autant liu.3. chap.

222.0 656.0 769.0 61.0 6. Item Adon de Vienne Aage 6. Sigibert

222.0 708.0 768.0 55.0 dit-il, s’occordant au vouloir des François

222.0 756.0 768.0 61.0 fut eleué ſur vn bouclier & eſtably Roy. De

222.0 805.0 764.0 61.0 ceſte ceremonie eſt procedé que les hiſto¬

222.0 856.0 770.0 59.0 riens quand ils parlent de l’election d’vn

224.0 901.0 763.0 66.0 Roy, ils diſent volontiers qu’il a eſté hauſ¬

222.0 952.0 768.0 64.0 ſé ou eleuè en Roy. Mais maintenãt paſſons

223.0 1005.0 768.0 60.0 outre pour venir au troiſieme argument qui

223.0 1053.0 767.0 60.0 ſert à prouuer combien le droit & authori¬

224.0 1101.0 766.0 64.0 té du peuple eſtoit grande à eſtablir & rete¬

222.0 1151.0 769.0 61.0 nir les Rois: attẽdu qu’il appert par tous les

224.0 1201.0 769.0 65.0 Annales de France que le peuple a eu plein

224.0 1252.0 766.0 60.0 pouuoir & ſouueraine authorité de les de¬

225.0 1301.0 766.0 65.0 poſer quand ils l’auoyent deſſeruy. Et de

224.0 1354.0 768.0 56.0 ceſte puiſſance populaire nous en auons vn

222.0 1401.0 772.0 62.0 exemple notable en celuy meſmes qui fut

223.0 1450.0 769.0 59.0 le premier declaré Roy de France & de

224.0 1498.0 769.0 73.0 Gaule. Car le peuple eſtant informé qu’il

875.0 1551.0 114.0 54.0 eſtoit
