1023 1853
38.0 145.0 769.0 35.0 eſtoit tant perdu d’amour de femmes & de

39.0 170.0 768.0 65.0 vin, qu’il ne vacquoit à autre choſe qu’à

37.0 220.0 771.0 65.0 paillardiſes & diſſolutions, le depoſa par

35.0 269.0 774.0 61.0 l’aduis des eſtats, & le contraignit de ſor¬

35.0 320.0 778.0 62.0 tir du Royaume de France: cecy aduint l’an

37.0 369.0 771.0 62.0 479. ainſi que nos hiſtoriens afferment. Au¬

36.0 417.0 773.0 65.0 tant en aduint-il à Eudo, celuy qu’ils auoyẽt

36.0 467.0 773.0 62.0 ſubſtitué en la place de ceſtuy la: car ve¬

35.0 515.0 772.0 66.0 nant à abuſer de ſa puiſſance, en arrogance

36.0 565.0 771.0 65.0 & cruauté tyrannique, il fut depoſé de meſ¬

37.0 615.0 766.0 65.0 mes l’autre. Et de cecy ſont teſmoins Greg.

38.0 661.0 766.0 66.0 de Tours liur. 2. chapitre 12. Aimoi. liu.1.

38.0 713.0 765.0 63.0 chapitre 7. Godefr. de Viter. partie 17. diſt.

38.0 762.0 768.0 68.0 1.Sigebert ſous l’an 461. & 469. Car Gregoi

38.0 816.0 765.0 61.0 re parlant de Childeric, dit qu’eſtant Roy

39.0 862.0 766.0 63.0 des François & homme diſſolu en toutes

41.0 911.0 767.0 60.0 voluptez, il commença à ſolliciter leurs fil¬

39.0 959.0 770.0 65.0 les à paillardiſe. Dequoy eux eſtans irritez le

39.0 1008.0 769.0 67.0 depoſerent de ſon Royaume: mais luy e¬

39.0 1061.0 769.0 63.0 ſtant aduerty qu’ils le vouloyent encore

38.0 1111.0 768.0 63.0 tuer auec cela, s’enfuit en Thuringe. L’Ab

40.0 1157.0 767.0 70.0 bé d’Vrſperg dit preſque de meſmes, que

37.0 1207.0 772.0 68.0 ſes ſubiets ne pouuans ſupporter ſes dete¬

39.0 1256.0 770.0 67.0 ſtables luxures qu’il commettoit auec les

41.0 1307.0 766.0 67.0 filles du peuple, & ne le voulans pas tuer

40.0 1356.0 767.0 65.0 le depoſerent, Et conformément Sigebert

41.0 1407.0 767.0 65.0 recite qu’ils l’oſterent du ſiege Royal, &

45.0 1457.0 760.0 64.0 y mirent vn nommé Gillon en ſa place.

47 1505 759 71 C’eſt acte ſi vertueux & magnanime de

194.0 66.0 443.0 56.0 FRANCOISE.

751.0 54.0 47.0 80.0 67

605.0 1578.0 72.0 43.0 e 2
