1023 1853
195.0 50.0 450.0 53.0 FRANCOISE.

735.0 47.0 57.0 54.0 69

30.0 132.0 767.0 35.0 ſtant homme de vile, laſche & meſchante

29.0 156.0 768.0 59.0 nature, les François (dit Aimoinus) ſe ſou¬

30.0 206.0 768.0 62.0 leuerent contre luy, le priuerent de ſa digni¬

31.0 257.0 768.0 55.0 té Royale, & luy coupperent les cheueux

33.0 307.0 767.0 63.0 par force. au liure quatrieme chap. quaran¬

32.0 360.0 770.0 54.0 te & quatrieme. Adon en l’aage ſixieme, en

31.0 405.0 772.0 59.0 l’an ſix cens nonanteſix. Mais Sigebert ſous

32.0 455.0 769.0 60.0 l’an ſix cẽs ſoixãte ſept reiette la plus grande

36.0 504.0 762.0 58.0 partie de la faute ſur Ebroin maiſtre du Pa¬

32.0 553.0 768.0 60.0 lais, quì rendoit le Prince ainſi auare & me¬

32.0 603.0 768.0 60.0 chanique: Thierry, dit-il, fut demis par les

33.0 650.0 768.0 61.0 François à cauſe de l’inſolence, & maluerſa¬

35.0 700.0 765.0 56.0 tion d’Ebroin: & ſon frere Childeric ſub¬

33.0 751.0 770.0 58.0 ſtitué en ſon lieu. Adon dit outre cela qu’ils

33.0 800.0 767.0 58.0 firent raire la teſte à Ebroin & l’enferme¬

33.0 850.0 766.0 60.0 rent dedans l’abbaye de Lizieux. On trou¬

35.0 898.0 765.0 56.0 ue tout le meſmes ainſi raconté dedans

36.0 947.0 764.0 62.0 la continuation de l’hiſtoire de Gregoi¬

35.0 997.0 770.0 62.0 re de Tours, au liure onzieme chapitre ſoi¬

36.0 1049.0 767.0 61.0 xantequatrieme. Que les François s’eſle¬

36.0 1097.0 771.0 58.0 uans contre Theodoric le tondirent & le

36.0 1148.0 767.0 55.0 confinerent auec Ebroin dedans vn con¬

37.0 1197.0 771.0 58.0 uent de moines. Si pratiquerent auſsi la meſ

36.0 1242.0 769.0 64.0 me iuſtice à l’endroit de Chilperic dixhui¬

36.0 1297.0 770.0 53.0 tieme Roy de France. Car eſtant homme

37.0 1343.0 770.0 64.0 de neant & qui ſe portoit ſi nonchalam¬

38.0 1396.0 772.0 59.0 ment au maniement des affaires, qu’il les

39.0 1444.0 771.0 55.0 laiſſoit aller comme elles pouuoyent, ils

39.0 1493.0 768.0 73.0 le iugerent finablement indigne & incapo¬

565.0 1559.0 67.0 51.0 e 3
