<?xml version="1.0" encoding="UTF-8"?>
<alto xmlns:xsi="http://www.w3.org/2001/XMLSchema-instance"
      xmlns="http://www.loc.gov/standards/alto/ns-v4#"
      xsi:schemaLocation="http://www.loc.gov/standards/alto/ns-v4# http://www.loc.gov/standards/alto/v4/alto-4-2.xsd">
  <Description>
    <MeasurementUnit>pixel</MeasurementUnit>
    <sourceImageInformation>
      <fileName>95_8fd8e_default.jpg</fileName>
      <fileIdentifier>mets//0_4c28e_default.zip/95_8fd8e_default.jpg</fileIdentifier>
    </sourceImageInformation>
  </Description>
  <Tags>
    <OtherTag ID="BT7" LABEL="CustomZone" DESCRIPTION="block type CustomZone"/><OtherTag ID="BT8" LABEL="DamageZone" DESCRIPTION="block type DamageZone"/><OtherTag ID="BT9" LABEL="DigitizationArtefactZone" DESCRIPTION="block type DigitizationArtefactZone"/><OtherTag ID="BT10" LABEL="DropCapitalZone" DESCRIPTION="block type DropCapitalZone"/><OtherTag ID="BT11" LABEL="GraphicZone" DESCRIPTION="block type GraphicZone"/><OtherTag ID="BT12" LABEL="MainZone" DESCRIPTION="block type MainZone"/><OtherTag ID="BT13" LABEL="MarginTextZone" DESCRIPTION="block type MarginTextZone"/><OtherTag ID="BT14" LABEL="MusicZone" DESCRIPTION="block type MusicZone"/><OtherTag ID="BT15" LABEL="NumberingZone" DESCRIPTION="block type NumberingZone"/><OtherTag ID="BT17" LABEL="QuireMarksZone" DESCRIPTION="block type QuireMarksZone"/><OtherTag ID="BT18" LABEL="RunningTitleZone" DESCRIPTION="block type RunningTitleZone"/><OtherTag ID="BT19" LABEL="SealZone" DESCRIPTION="block type SealZone"/><OtherTag ID="BT20" LABEL="StampZone" DESCRIPTION="block type StampZone"/><OtherTag ID="BT21" LABEL="TableZone" DESCRIPTION="block type TableZone"/><OtherTag ID="BT22" LABEL="TitlePageZone" DESCRIPTION="block type TitlePageZone"/><OtherTag ID="BT100001" LABEL="MainZone-Head" DESCRIPTION="block type MainZone-Head"/><OtherTag ID="BT100005" LABEL="MainZone-P" DESCRIPTION="block type MainZone-P"/><OtherTag ID="BT100006" LABEL="MainZone-Continued" DESCRIPTION="block type MainZone-Continued"/><OtherTag ID="BT100002" LABEL="MainZone-Lg" DESCRIPTION="block type MainZone-Lg"/><OtherTag ID="BT100007" LABEL="MarginTextZone-ManuscriptAddendum" DESCRIPTION="block type MarginTextZone-ManuscriptAddendum"/><OtherTag ID="BT100003" LABEL="MainZone-Signature" DESCRIPTION="block type MainZone-Signature"/><OtherTag ID="BT100012" LABEL="TitlePageZone-Index" DESCRIPTION="block type TitlePageZone-Index"/>
    <OtherTag ID="LT7" LABEL="CustomLine" DESCRIPTION="line type CustomLine"/><OtherTag ID="LT8" LABEL="DefaultLine" DESCRIPTION="line type DefaultLine"/><OtherTag ID="LT9" LABEL="DropCapitalLine" DESCRIPTION="line type DropCapitalLine"/><OtherTag ID="LT10" LABEL="HeadingLine" DESCRIPTION="line type HeadingLine"/><OtherTag ID="LT11" LABEL="InterlinearLine" DESCRIPTION="line type InterlinearLine"/><OtherTag ID="LT12" LABEL="MusicLine" DESCRIPTION="line type MusicLine"/><OtherTag ID="LT766" LABEL="default" DESCRIPTION="line type default"/>
  </Tags>
  <Layout>
    <Page WIDTH="1023"
          HEIGHT="1853"
          PHYSICAL_IMG_NR="95"
          ID="eSc_dummypage_">
      <PrintSpace HPOS="0"
                  VPOS="0"
                  WIDTH="1023"
                  HEIGHT="1853">
        <TextBlock HPOS="218.0"
                   VPOS="62.0"
                   WIDTH="56.0"
                   HEIGHT="43.0"
                   ID="block_0"
                   TAGREFS="BT15">
          <Shape><Polygon POINTS="274 62 274 105 218 105 218 62"/></Shape>
          <TextLine ID="line_0"
                    TAGREFS="LT8"
                    BASELINE="235 87 273 87" 
                    HPOS="235.0"
                    VPOS="63.0"
                    WIDTH="38.0"
                    HEIGHT="40.0">
            <Shape><Polygon POINTS="246 63 235 63 235 87 235 103 273 100 273 87 273 66 254 63 246 63"/></Shape>
	    <String CONTENT="70"
                    HPOS="235.0"
                    VPOS="63.0"
                    WIDTH="38.0"
                    HEIGHT="40.0"
                    WC="0.9999960660934448"></String>
          </TextLine>
        </TextBlock>
        <TextBlock HPOS="372.0"
                   VPOS="49.0"
                   WIDTH="500.0"
                   HEIGHT="52.0"
                   ID="block_2"
                   TAGREFS="BT18">
          <Shape><Polygon POINTS="872 49 872 101 372 101 372 49"/></Shape>
          <TextLine ID="line_1"
                    TAGREFS="LT10"
                    BASELINE="367 90 869 88" 
                    HPOS="366.0"
                    VPOS="48.0"
                    WIDTH="503.0"
                    HEIGHT="58.0">
            <Shape><Polygon POINTS="850 50 840 50 830 50 820 50 809 50 799 50 789 50 778 50 768 50 758 50 747 50 737 50 727 50 717 50 706 50 696 50 686 50 675 50 665 50 655 50 644 50 634 50 624 50 614 50 603 50 593 50 583 50 572 50 562 50 552 50 541 50 531 50 521 50 510 50 500 50 490 50 480 50 469 50 459 50 449 50 438 50 428 50 418 50 407 50 397 50 387 50 386 48 366 48 367 90 367 98 379 105 380 105 381 105 382 105 395 99 400 103 400 105 401 105 402 105 403 106 441 106 441 105 442 105 453 99 455 98 470 99 508 103 509 103 510 103 518 100 522 97 617 97 635 101 641 102 642 102 661 101 737 97 744 102 745 103 746 103 747 103 748 105 868 105 869 88 866 50 861 50"/></Shape>
	    <String CONTENT="DE LA GAVLE"
                    HPOS="366.0"
                    VPOS="48.0"
                    WIDTH="503.0"
                    HEIGHT="58.0"
                    WC="0.9999815442345359"></String>
          </TextLine>
        </TextBlock>
        <TextBlock HPOS="211.0"
                   VPOS="115.0"
                   WIDTH="787.0"
                   HEIGHT="1452.0"
                   ID="block_1"
                   TAGREFS="BT100006">
          <Shape><Polygon POINTS="998 116 996 1566 213 1567 211 120 646 115"/></Shape>
          <TextLine ID="line_2"
                    TAGREFS="LT8"
                    BASELINE="214 151 983 149" 
                    HPOS="213.0"
                    VPOS="127.0"
                    WIDTH="770.0"
                    HEIGHT="42.0">
            <Shape><Polygon POINTS="975 129 965 129 955 129 944 129 934 129 924 129 913 129 903 129 893 129 882 129 872 129 862 129 851 129 841 129 831 129 821 129 810 129 800 129 790 129 779 129 769 129 759 129 748 129 738 129 728 129 718 129 707 129 697 129 687 129 676 129 666 129 656 129 645 129 635 129 625 129 615 129 604 129 594 129 584 129 573 129 563 129 553 129 542 129 532 129 522 129 512 129 501 129 491 129 481 129 470 129 460 129 450 129 439 129 429 129 419 129 408 129 398 129 388 129 378 129 367 129 357 129 347 129 336 129 326 129 316 129 305 129 295 129 285 129 275 129 264 129 254 129 244 129 233 129 223 129 222 127 213 127 214 151 214 164 395 160 403 165 407 168 408 168 410 168 411 169 437 169 437 168 438 168 439 168 445 165 454 160 480 160 495 165 504 168 505 168 506 169 549 169 549 168 550 168 559 165 574 160 602 165 604 165 605 165 606 165 607 165 618 159 667 159 695 165 697 165 698 166 982 166 983 149 980 129 975 129"/></Shape>
	    <String CONTENT="ble d’vn ſi grand gouuernement, &amp; pource"
                    HPOS="213.0"
                    VPOS="127.0"
                    WIDTH="770.0"
                    HEIGHT="42.0"
                    WC="0.9963764160871506"></String>
          </TextLine>
          <TextLine ID="line_3"
                    TAGREFS="LT8"
                    BASELINE="219 200 981 197" 
                    HPOS="218.0"
                    VPOS="157.0"
                    WIDTH="763.0"
                    HEIGHT="59.0">
            <Shape><Polygon POINTS="219 200 219 210 243 215 244 215 304 210 310 210 312 210 334 216 335 216 336 216 451 211 470 216 471 216 472 216 473 216 486 208 488 208 624 208 625 208 645 215 646 215 648 215 649 215 667 208 676 215 677 215 678 215 679 216 723 216 723 215 724 215 749 207 752 207 759 207 821 213 822 213 867 207 868 207 882 214 883 214 884 215 961 215 961 214 962 214 981 206 981 197 978 158 819 164 793 160 780 158 779 158 767 160 747 164 733 160 723 158 722 158 721 158 705 161 684 165 659 161 629 157 628 157 560 163 538 164 530 163 499 157 498 157 467 164 455 167 351 167 349 165 341 158 339 158 338 158 253 158 252 158 251 158 218 166 219 200"/></Shape>
	    <String CONTENT="le contraignirẽt de ſe demettre de la digni¬"
                    HPOS="218.0"
                    VPOS="157.0"
                    WIDTH="763.0"
                    HEIGHT="59.0"
                    WC="0.9935370471742418"></String>
          </TextLine>
          <TextLine ID="line_4"
                    TAGREFS="LT8"
                    BASELINE="216 250 984 246" 
                    HPOS="215.0"
                    VPOS="206.0"
                    WIDTH="769.0"
                    HEIGHT="57.0">
            <Shape><Polygon POINTS="216 250 216 263 983 258 984 246 981 207 721 214 706 211 686 206 685 206 684 206 673 212 667 214 656 212 640 208 639 208 638 208 631 212 627 214 598 212 555 210 554 210 533 213 524 215 521 214 515 207 514 207 513 207 440 207 439 207 438 207 412 215 406 216 404 215 391 208 390 208 253 208 252 208 251 208 250 208 241 217 215 217 216 250"/></Shape>
	    <String CONTENT="té royale &amp; le mirent en religion. Ainſi l’aſ¬"
                    HPOS="215.0"
                    VPOS="206.0"
                    WIDTH="769.0"
                    HEIGHT="57.0"
                    WC="0.9969950128108898"></String>
          </TextLine>
          <TextLine ID="line_5"
                    TAGREFS="LT8"
                    BASELINE="212 300 984 297" 
                    HPOS="211.0"
                    VPOS="258.0"
                    WIDTH="773.0"
                    HEIGHT="59.0">
            <Shape><Polygon POINTS="212 300 212 317 256 317 256 316 257 316 278 308 298 313 299 313 300 313 366 308 378 316 379 316 380 316 381 316 390 316 473 307 546 307 565 315 566 315 567 315 568 316 643 316 643 315 644 315 645 315 646 313 657 307 983 311 984 297 982 266 909 258 908 258 907 258 890 266 887 268 840 268 838 266 829 258 828 258 827 258 811 258 810 258 809 258 808 258 797 266 795 267 783 266 695 260 694 260 610 267 597 268 595 267 576 259 575 259 551 259 550 259 549 259 548 259 537 268 536 269 523 269 519 268 479 259 478 259 476 259 464 264 391 260 390 260 389 260 373 268 370 270 334 270 332 269 321 261 320 261 319 261 318 261 317 261 302 269 300 270 254 270 253 269 227 260 226 260 225 260 224 260 223 260 211 266 212 300"/></Shape>
	    <String CONTENT="ſeur ent Aimoinus au quatrieme liure, cha¬"
                    HPOS="211.0"
                    VPOS="258.0"
                    WIDTH="773.0"
                    HEIGHT="59.0"
                    WC="0.9998046855131785"></String>
          </TextLine>
          <TextLine ID="line_6"
                    TAGREFS="LT8"
                    BASELINE="216 348 983 345" 
                    HPOS="215.0"
                    VPOS="306.0"
                    WIDTH="768.0"
                    HEIGHT="58.0">
            <Shape><Polygon POINTS="216 348 216 358 275 363 276 363 332 358 335 358 336 358 344 364 345 364 346 364 347 364 393 359 410 364 411 364 412 364 413 364 414 364 422 358 425 358 651 363 652 363 653 363 654 363 664 357 702 362 703 362 704 362 715 357 789 357 801 362 802 362 803 362 804 362 805 362 813 357 883 362 884 362 944 357 959 362 960 362 961 362 962 362 983 355 983 345 981 317 936 308 935 308 934 308 912 316 911 317 843 317 841 316 830 307 829 307 828 307 827 307 782 312 773 306 772 306 771 306 770 306 722 315 718 315 712 315 657 307 656 307 655 307 654 307 646 313 642 317 625 313 603 310 602 310 570 313 536 317 531 313 525 307 524 307 523 307 522 307 447 312 441 312 438 312 413 308 412 308 411 308 400 312 385 319 282 319 273 311 268 308 267 308 266 308 265 308 215 310 216 348"/></Shape>
	    <String CONTENT="ſoixante &amp; vnieſme, Sigebert &amp; Tritemius"
                    HPOS="215.0"
                    VPOS="306.0"
                    WIDTH="768.0"
                    HEIGHT="58.0"
                    WC="0.9991598412394523"></String>
          </TextLine>
          <TextLine ID="line_7"
                    TAGREFS="LT8"
                    BASELINE="215 399 981 395" 
                    HPOS="214.0"
                    VPOS="354.0"
                    WIDTH="767.0"
                    HEIGHT="61.0">
            <Shape><Polygon POINTS="215 399 215 409 336 415 337 415 376 410 387 409 391 410 403 415 404 415 405 415 437 410 455 408 488 411 531 414 532 414 533 414 534 414 538 411 542 408 556 411 568 413 569 413 570 413 575 411 583 408 689 411 748 413 749 413 751 413 752 413 753 412 758 407 766 412 767 412 768 412 769 412 773 412 800 407 810 412 811 412 812 412 813 412 816 412 846 407 877 412 879 412 880 412 881 412 905 406 979 412 981 395 980 363 957 354 956 354 955 354 787 363 685 358 684 358 658 362 651 357 650 357 649 357 648 357 646 357 626 363 599 355 598 355 597 355 508 364 377 357 376 357 374 357 373 357 363 365 324 357 276 357 275 357 274 357 273 357 262 364 235 357 234 357 233 357 232 357 214 365 215 399"/></Shape>
	    <String CONTENT="ſous l’an ſept cens cinquante, &amp; Godefroy"
                    HPOS="214.0"
                    VPOS="354.0"
                    WIDTH="767.0"
                    HEIGHT="61.0"
                    WC="0.9960364757514582"></String>
          </TextLine>
          <TextLine ID="line_8"
                    TAGREFS="LT8"
                    BASELINE="218 448 984 445" 
                    HPOS="217.0"
                    VPOS="404.0"
                    WIDTH="767.0"
                    HEIGHT="60.0">
            <Shape><Polygon POINTS="218 448 218 459 452 464 453 464 454 464 472 458 474 458 533 458 534 458 542 463 543 463 544 463 546 463 692 458 727 463 728 463 729 463 730 463 738 458 798 462 799 462 910 457 932 462 933 462 934 462 935 462 950 457 970 462 971 462 972 462 973 462 984 456 984 445 980 408 959 414 937 408 922 404 921 404 919 404 918 404 907 408 893 414 868 409 866 409 865 409 864 409 848 414 835 409 822 405 821 405 820 405 819 405 807 410 795 414 777 410 752 404 751 404 749 404 730 410 711 407 710 407 709 407 708 407 702 411 694 416 630 416 623 412 615 408 614 408 612 408 582 412 559 415 546 412 510 405 509 405 508 405 482 413 470 417 429 417 421 414 398 406 397 406 396 406 250 411 237 406 236 406 235 406 234 406 217 414 218 448"/></Shape>
	    <String CONTENT="de Viterbe, en la partie dixſeptieme des"
                    HPOS="217.0"
                    VPOS="404.0"
                    WIDTH="767.0"
                    HEIGHT="60.0"
                    WC="0.9839364990592003"></String>
          </TextLine>
          <TextLine ID="line_9"
                    TAGREFS="LT8"
                    BASELINE="216 498 987 496" 
                    HPOS="215.0"
                    VPOS="457.0"
                    WIDTH="772.0"
                    HEIGHT="58.0">
            <Shape><Polygon POINTS="216 498 216 507 239 512 240 512 304 508 321 507 324 508 342 514 343 514 344 515 369 515 369 514 370 514 371 514 379 508 381 507 387 508 422 514 423 514 424 514 446 508 452 507 486 507 489 508 495 514 496 514 497 514 498 515 555 515 555 514 556 514 571 509 577 507 602 509 649 513 650 513 651 513 652 513 658 509 663 506 688 509 715 513 717 513 769 510 825 506 897 506 908 510 916 513 917 513 918 513 919 513 929 510 944 506 985 510 987 496 984 459 948 467 851 467 840 460 837 458 836 458 835 458 809 457 808 457 807 457 799 461 787 467 756 467 744 461 734 457 733 457 658 457 657 457 656 457 640 462 634 465 549 467 542 463 536 458 535 458 534 458 533 458 532 458 520 464 516 465 512 464 494 458 493 458 444 458 442 458 441 458 424 464 406 458 405 458 404 458 403 458 402 458 392 465 388 468 321 468 317 466 296 458 295 458 239 458 237 458 236 458 215 465 216 498"/></Shape>
	    <String CONTENT="chroniques, chapitre quatrieme. On trouue"
                    HPOS="215.0"
                    VPOS="457.0"
                    WIDTH="772.0"
                    HEIGHT="58.0"
                    WC="0.9921545807908221"></String>
          </TextLine>
          <TextLine ID="line_10"
                    TAGREFS="LT8"
                    BASELINE="217 548 983 544" 
                    HPOS="216.0"
                    VPOS="504.0"
                    WIDTH="767.0"
                    HEIGHT="59.0">
            <Shape><Polygon POINTS="217 548 217 556 254 563 255 563 398 555 415 555 417 555 431 562 432 562 433 562 434 562 454 555 455 555 456 555 484 562 485 562 517 556 574 562 575 562 576 562 599 554 601 554 603 554 636 561 637 562 740 562 740 561 741 561 755 555 772 561 773 561 774 561 775 561 799 554 971 560 972 560 973 560 974 560 983 553 983 544 981 513 915 513 883 504 882 504 881 504 796 513 787 513 758 513 722 512 712 505 711 505 710 505 709 505 614 512 602 505 601 505 600 505 599 505 598 505 584 513 580 515 549 515 544 513 532 506 531 506 530 506 529 506 514 513 509 514 505 513 485 506 484 506 483 506 482 506 481 506 469 513 467 514 460 513 425 506 424 506 391 513 379 516 355 516 350 513 338 507 337 507 336 507 254 512 228 507 227 507 226 507 216 511 217 548"/></Shape>
	    <String CONTENT="le meſme exemple pratiqué pour la ſixieme"
                    HPOS="216.0"
                    VPOS="504.0"
                    WIDTH="767.0"
                    HEIGHT="59.0"
                    WC="0.9963665703932444"></String>
          </TextLine>
          <TextLine ID="line_11"
                    TAGREFS="LT8"
                    BASELINE="219 597 983 597" 
                    HPOS="219.0"
                    VPOS="555.0"
                    WIDTH="764.0"
                    HEIGHT="57.0">
            <Shape><Polygon POINTS="219 597 219 608 364 606 370 609 372 611 373 611 374 611 376 611 377 611 382 609 390 606 421 609 439 611 440 611 461 609 498 606 536 610 554 611 555 611 556 611 562 610 577 606 583 610 584 611 585 611 586 611 587 612 675 612 675 611 686 610 720 606 777 610 789 611 790 611 796 611 825 606 856 611 860 611 861 611 865 611 899 606 947 611 951 611 952 611 953 611 968 606 981 611 983 597 983 561 946 555 945 555 944 555 943 555 938 560 933 564 916 560 894 555 893 555 892 555 880 560 876 563 788 563 778 560 763 556 762 556 737 560 717 563 712 560 706 555 705 555 704 555 672 555 671 555 670 555 669 555 663 560 658 563 641 560 618 555 617 555 616 555 615 555 609 560 601 566 507 566 494 560 485 555 484 555 483 555 463 560 437 566 390 566 376 560 366 555 365 555 364 555 363 555 353 560 339 565 327 560 319 555 318 555 317 555 300 560 286 563 280 560 273 555 271 555 270 555 219 558 219 597"/></Shape>
	    <String CONTENT="fois en la perſonne de Charles le Gros,"
                    HPOS="219.0"
                    VPOS="555.0"
                    WIDTH="764.0"
                    HEIGHT="57.0"
                    WC="0.9991455399073087"></String>
          </TextLine>
          <TextLine ID="line_12"
                    TAGREFS="LT8"
                    BASELINE="220 645 989 647" 
                    HPOS="219.0"
                    VPOS="605.0"
                    WIDTH="770.0"
                    HEIGHT="63.0">
            <Shape><Polygon POINTS="220 645 219 654 273 666 274 667 312 667 312 666 313 666 335 656 349 661 350 661 351 661 379 656 394 666 395 666 396 666 397 667 430 667 430 666 431 666 451 656 496 656 506 663 507 663 508 663 509 663 510 663 534 656 556 666 557 666 558 666 591 659 602 667 603 667 604 667 605 667 606 667 635 657 656 663 657 663 658 663 659 663 686 657 763 657 779 666 780 666 781 666 816 658 869 667 870 668 932 668 932 667 933 667 934 667 941 660 958 663 959 663 987 656 989 647 987 608 944 606 943 606 942 606 941 606 939 608 932 613 891 614 865 608 854 606 853 606 851 606 846 608 836 614 790 614 766 609 756 607 755 607 754 607 753 607 749 609 742 614 735 609 734 608 733 608 732 608 731 608 714 609 695 611 683 609 660 606 659 606 658 606 657 606 653 610 645 615 605 615 588 610 567 605 566 605 565 605 513 610 447 605 446 605 445 605 431 611 427 613 406 611 360 607 359 607 358 607 347 612 343 613 325 612 277 608 276 608 220 612 220 645"/></Shape>
	    <String CONTENT="vingt cinquieſme Roy de France. Lequel"
                    HPOS="219.0"
                    VPOS="605.0"
                    WIDTH="770.0"
                    HEIGHT="63.0"
                    WC="0.9954613243278704"></String>
          </TextLine>
          <TextLine ID="line_13"
                    TAGREFS="LT8"
                    BASELINE="218 697 983 692" 
                    HPOS="217.0"
                    VPOS="654.0"
                    WIDTH="766.0"
                    HEIGHT="60.0">
            <Shape><Polygon POINTS="218 697 218 714 267 707 393 712 400 712 401 712 403 712 433 706 491 711 507 712 508 712 509 712 515 711 533 705 597 710 609 710 610 710 619 709 648 705 657 709 663 711 664 711 665 711 666 711 672 709 684 704 727 708 754 710 755 710 982 704 983 692 979 655 959 663 869 663 826 657 797 654 796 654 795 654 778 658 758 663 748 658 741 655 740 655 677 654 676 654 675 654 652 660 649 660 646 660 624 655 623 655 622 655 608 660 601 663 595 661 581 655 580 655 546 655 544 655 543 655 528 660 459 656 458 656 457 656 456 656 448 661 436 656 435 656 434 656 433 656 432 656 421 663 417 667 351 667 346 666 327 658 326 658 325 658 285 666 280 668 217 668 218 697"/></Shape>
	    <String CONTENT="pour vne pareille nonchalance, &amp; pourau¬"
                    HPOS="217.0"
                    VPOS="654.0"
                    WIDTH="766.0"
                    HEIGHT="60.0"
                    WC="0.9936470657587051"></String>
          </TextLine>
          <TextLine ID="line_14"
                    TAGREFS="LT8"
                    BASELINE="218 744 984 746" 
                    HPOS="217.0"
                    VPOS="703.0"
                    WIDTH="767.0"
                    HEIGHT="58.0">
            <Shape><Polygon POINTS="217 753 250 760 251 761 337 761 337 760 338 760 351 755 362 760 363 760 364 760 365 760 379 755 404 760 405 760 458 755 474 760 475 760 476 761 521 761 521 760 522 760 523 760 529 755 534 755 777 761 778 761 779 761 800 756 801 756 822 761 823 761 824 761 825 761 838 756 839 756 982 756 984 746 984 715 941 704 940 704 939 704 864 711 780 704 779 704 778 704 754 712 738 706 737 706 736 706 735 706 734 706 727 712 725 714 682 714 660 711 601 703 535 703 534 703 533 703 515 710 504 713 494 710 475 703 474 703 473 703 472 703 456 709 445 714 424 714 417 709 411 704 410 704 408 704 407 704 406 704 397 709 395 709 388 708 346 703 345 703 344 703 343 703 335 708 325 714 227 714 220 707 218 744 217 753"/></Shape>
	    <String CONTENT="tant qu’il fut trop facile à conceder aux Nor"
                    HPOS="217.0"
                    VPOS="703.0"
                    WIDTH="767.0"
                    HEIGHT="58.0"
                    WC="0.9979028222353562"></String>
          </TextLine>
          <TextLine ID="line_15"
                    TAGREFS="LT8"
                    BASELINE="217 794 985 794" 
                    HPOS="217.0"
                    VPOS="756.0"
                    WIDTH="768.0"
                    HEIGHT="55.0">
            <Shape><Polygon POINTS="217 794 217 811 271 811 271 810 273 810 274 810 282 805 301 810 302 810 303 810 305 810 333 805 382 810 388 810 389 810 403 810 513 805 553 809 564 810 565 810 571 809 593 805 646 809 667 810 668 810 697 809 761 805 774 808 780 810 781 810 782 810 805 808 842 805 984 807 985 794 984 756 945 761 853 757 813 756 812 756 811 756 810 756 808 758 798 765 766 758 762 758 682 758 680 758 679 758 674 760 658 765 652 760 646 756 645 756 644 756 608 756 607 756 606 756 593 761 582 765 576 761 572 757 571 757 570 757 524 756 523 756 522 756 510 762 503 766 460 766 454 762 440 757 439 757 438 757 437 757 425 763 420 766 294 766 292 765 281 757 280 757 279 757 254 756 253 756 252 756 251 756 242 764 217 765 217 794"/></Shape>
	    <String CONTENT="mans vne partie de la Gaule pour y habiter"
                    HPOS="217.0"
                    VPOS="756.0"
                    WIDTH="768.0"
                    HEIGHT="55.0"
                    WC="0.9952263945624942"></String>
          </TextLine>
          <TextLine ID="line_16"
                    TAGREFS="LT8"
                    BASELINE="216 846 982 844" 
                    HPOS="215.0"
                    VPOS="801.0"
                    WIDTH="767.0"
                    HEIGHT="59.0">
            <Shape><Polygon POINTS="216 846 216 854 436 859 437 859 460 856 472 854 481 856 492 859 493 859 494 859 524 856 546 854 549 856 552 859 553 859 554 859 555 860 597 860 597 859 598 859 606 857 620 853 755 853 763 857 764 858 765 858 766 858 767 859 879 859 879 858 880 858 881 858 892 853 903 858 904 858 905 859 981 859 982 844 979 813 825 813 820 811 801 801 800 801 768 801 767 801 766 801 744 810 734 814 705 814 695 809 685 805 684 805 683 805 682 805 670 809 669 809 652 801 651 801 650 801 618 808 611 809 603 808 566 802 565 802 564 802 563 802 558 808 555 809 539 807 525 806 524 806 523 806 522 806 521 807 512 815 454 815 438 806 437 805 436 805 435 805 434 805 426 806 403 810 385 806 374 802 373 802 372 802 215 802 216 846"/></Shape>
	    <String CONTENT="&amp; laiſſa diminuer &amp; deſcheoir le Royaume,"
                    HPOS="215.0"
                    VPOS="801.0"
                    WIDTH="767.0"
                    HEIGHT="59.0"
                    WC="0.9796435106091383"></String>
          </TextLine>
          <TextLine ID="line_17"
                    TAGREFS="LT8"
                    BASELINE="217 895 985 892" 
                    HPOS="216.0"
                    VPOS="853.0"
                    WIDTH="769.0"
                    HEIGHT="59.0">
            <Shape><Polygon POINTS="217 895 217 905 237 912 239 912 240 912 274 905 279 905 291 905 386 912 387 912 453 905 472 904 481 905 504 911 505 912 541 912 541 911 542 911 543 911 550 905 553 904 573 905 620 910 621 910 652 905 665 904 667 905 674 911 675 911 676 911 677 912 724 912 724 911 725 911 737 905 745 903 790 905 849 910 850 910 984 905 985 892 983 862 892 862 869 855 868 855 867 855 866 855 840 861 830 853 829 853 828 853 809 853 808 853 807 853 806 853 796 861 777 854 776 854 775 854 727 862 640 855 639 855 638 855 623 862 604 854 603 854 602 854 534 860 525 854 524 854 523 854 472 854 471 854 470 854 450 863 403 857 402 857 401 857 388 864 332 864 316 855 315 855 235 855 234 855 233 855 216 863 217 895"/></Shape>
	    <String CONTENT="fut demis par les grans Seigneurs de France"
                    HPOS="216.0"
                    VPOS="853.0"
                    WIDTH="769.0"
                    HEIGHT="59.0"
                    WC="0.9984082357828007"></String>
          </TextLine>
          <TextLine ID="line_18"
                    TAGREFS="LT8"
                    BASELINE="217 944 984 940" 
                    HPOS="216.0"
                    VPOS="903.0"
                    WIDTH="768.0"
                    HEIGHT="56.0">
            <Shape><Polygon POINTS="217 944 217 959 983 955 984 940 982 914 921 903 919 903 918 903 917 903 904 913 901 913 874 907 873 907 872 907 857 912 830 903 829 903 828 903 827 903 810 908 781 903 780 903 779 903 765 912 764 912 759 912 715 904 714 904 713 904 712 904 704 911 699 914 641 910 556 904 555 904 554 904 553 904 548 910 540 915 470 916 448 916 434 908 431 906 430 906 429 906 428 906 424 907 407 916 373 916 352 907 347 905 346 905 298 905 297 905 296 905 295 905 293 906 282 914 216 906 217 944"/></Shape>
	    <String CONTENT="l&#x27;an 89o. comme eſcriuent Sigebert &amp; Go¬"
                    HPOS="216.0"
                    VPOS="903.0"
                    WIDTH="768.0"
                    HEIGHT="56.0"
                    WC="0.9974058866500854"></String>
          </TextLine>
          <TextLine ID="line_19"
                    TAGREFS="LT8"
                    BASELINE="217 995 985 992" 
                    HPOS="216.0"
                    VPOS="951.0"
                    WIDTH="769.0"
                    HEIGHT="59.0">
            <Shape><Polygon POINTS="217 995 217 1007 538 1003 547 1005 559 1009 560 1009 561 1009 562 1009 572 1005 580 1003 588 1005 603 1009 604 1009 605 1009 630 1005 639 1003 642 1005 648 1009 649 1009 650 1009 651 1010 708 1010 708 1009 731 1004 741 1002 824 1002 828 1003 837 1008 838 1008 839 1008 901 1003 905 1003 909 1003 955 1008 956 1008 984 1002 985 992 983 965 892 965 891 964 845 951 844 951 843 951 842 951 827 956 787 952 786 952 785 952 783 952 765 964 764 965 642 965 639 963 626 952 625 952 624 952 608 952 607 952 606 952 605 952 587 963 583 966 529 966 524 963 506 952 505 952 504 952 503 952 471 959 444 953 365 953 364 953 363 953 362 953 351 962 346 967 313 967 304 962 286 953 285 953 234 953 233 953 232 953 216 960 217 995"/></Shape>
	    <String CONTENT="deſtoy de Viterbe, en la partie dixſeptieme"
                    HPOS="216.0"
                    VPOS="951.0"
                    WIDTH="769.0"
                    HEIGHT="59.0"
                    WC="0.9989681895389113"></String>
          </TextLine>
          <TextLine ID="line_20"
                    TAGREFS="LT8"
                    BASELINE="217 1044 987 1042" 
                    HPOS="216.0"
                    VPOS="1003.0"
                    WIDTH="771.0"
                    HEIGHT="56.0">
            <Shape><Polygon POINTS="217 1044 217 1053 232 1058 233 1058 234 1058 235 1058 249 1053 251 1053 351 1053 355 1053 389 1059 390 1059 391 1059 392 1059 400 1053 401 1053 405 1053 470 1059 471 1059 564 1053 569 1053 570 1053 593 1059 594 1059 595 1059 596 1059 597 1059 606 1053 608 1052 621 1053 683 1058 684 1058 740 1053 741 1053 749 1058 751 1058 752 1058 753 1058 815 1053 823 1058 824 1058 825 1058 826 1058 862 1053 951 1053 964 1058 965 1058 966 1058 967 1058 987 1052 987 1042 986 1014 973 1007 972 1007 971 1007 970 1007 957 1014 955 1015 875 1015 869 1012 848 1007 847 1007 846 1007 845 1007 833 1012 828 1014 815 1011 785 1007 783 1007 757 1011 748 1012 743 1011 725 1005 724 1005 723 1005 722 1005 708 1011 702 1015 634 1015 626 1010 608 1003 607 1003 606 1003 605 1003 604 1003 597 1010 591 1015 573 1009 552 1004 551 1004 421 1004 420 1004 419 1004 418 1004 412 1008 410 1009 407 1008 397 1004 396 1004 395 1004 394 1004 393 1004 388 1008 378 1016 362 1016 349 1008 341 1004 339 1004 338 1004 337 1004 336 1004 331 1007 321 1016 309 1016 294 1007 288 1004 287 1004 286 1004 216 1006 217 1044"/></Shape>
	    <String CONTENT="de ſa chronique. Mais bien plus amplement"
                    HPOS="216.0"
                    VPOS="1003.0"
                    WIDTH="771.0"
                    HEIGHT="56.0"
                    WC="0.9988363734105739"></String>
          </TextLine>
          <TextLine ID="line_21"
                    TAGREFS="LT8"
                    BASELINE="217 1095 985 1093" 
                    HPOS="216.0"
                    VPOS="1054.0"
                    WIDTH="769.0"
                    HEIGHT="58.0">
            <Shape><Polygon POINTS="217 1095 217 1103 266 1108 267 1108 268 1108 269 1108 277 1103 279 1103 378 1103 380 1103 414 1111 415 1112 490 1112 490 1111 537 1103 539 1102 678 1102 683 1102 707 1109 708 1109 709 1109 742 1105 748 1110 749 1110 751 1110 752 1111 856 1111 856 1110 857 1110 858 1110 871 1102 872 1102 892 1108 893 1108 894 1108 938 1103 971 1110 972 1110 973 1110 974 1110 985 1102 985 1093 983 1064 940 1064 928 1054 927 1054 926 1054 925 1054 924 1054 892 1064 860 1064 847 1054 846 1054 845 1054 844 1054 843 1054 811 1063 759 1056 758 1056 757 1056 734 1063 713 1055 712 1055 711 1055 710 1055 687 1063 661 1054 660 1054 659 1054 658 1054 629 1064 607 1064 594 1055 593 1055 592 1055 591 1055 561 1060 529 1056 528 1056 527 1056 526 1056 515 1064 513 1065 459 1065 457 1064 434 1055 433 1055 350 1055 349 1055 348 1055 347 1055 335 1064 331 1064 297 1064 291 1064 224 1055 223 1055 222 1055 221 1055 221 1056 216 1060 217 1095"/></Shape>
	    <String CONTENT="Otton Friſing. en la chronique ſixieſme,"
                    HPOS="216.0"
                    VPOS="1054.0"
                    WIDTH="769.0"
                    HEIGHT="58.0"
                    WC="0.9964026093482972"></String>
          </TextLine>
          <TextLine ID="line_22"
                    TAGREFS="LT8"
                    BASELINE="216 1144 989 1141" 
                    HPOS="215.0"
                    VPOS="1102.0"
                    WIDTH="774.0"
                    HEIGHT="58.0">
            <Shape><Polygon POINTS="216 1144 216 1155 470 1160 471 1160 472 1160 483 1157 491 1154 505 1157 519 1159 520 1159 594 1157 695 1154 711 1157 721 1159 722 1159 723 1159 724 1159 726 1157 731 1154 757 1158 762 1158 763 1158 771 1158 828 1152 986 1158 989 1141 986 1111 884 1102 883 1102 882 1102 881 1102 869 1111 867 1111 824 1104 823 1104 822 1104 821 1104 811 1111 811 1112 772 1112 772 1111 734 1102 733 1102 732 1102 684 1112 682 1112 679 1112 656 1104 655 1104 590 1103 589 1103 588 1103 587 1103 571 1112 570 1113 552 1113 552 1112 540 1104 539 1104 538 1104 537 1104 536 1104 513 1113 506 1113 359 1113 358 1113 326 1104 325 1104 240 1104 239 1104 237 1104 215 1112 216 1144"/></Shape>
	    <String CONTENT="chapitre neufuieme, où il raconte vne hiſtoi"
                    HPOS="215.0"
                    VPOS="1102.0"
                    WIDTH="774.0"
                    HEIGHT="58.0"
                    WC="0.9945066028171116"></String>
          </TextLine>
          <TextLine ID="line_23"
                    TAGREFS="LT8"
                    BASELINE="216 1194 985 1191" 
                    HPOS="215.0"
                    VPOS="1152.0"
                    WIDTH="770.0"
                    HEIGHT="57.0">
            <Shape><Polygon POINTS="216 1194 216 1208 307 1204 326 1208 331 1209 332 1209 333 1209 335 1208 349 1204 361 1208 363 1209 364 1209 365 1209 371 1208 395 1204 408 1208 412 1209 413 1209 414 1209 425 1208 476 1203 667 1208 688 1208 689 1208 692 1208 729 1202 756 1207 757 1208 823 1208 823 1207 824 1207 825 1207 834 1202 983 1207 985 1191 982 1160 935 1162 926 1160 900 1152 899 1152 898 1152 897 1152 896 1152 884 1160 881 1163 814 1163 810 1161 801 1155 800 1155 799 1155 798 1155 797 1155 796 1155 786 1161 781 1164 757 1164 753 1162 733 1152 732 1152 731 1152 730 1152 729 1152 729 1154 720 1162 717 1165 685 1165 682 1162 669 1154 668 1154 667 1154 591 1154 590 1154 589 1154 588 1154 576 1163 575 1165 562 1165 560 1164 546 1154 544 1154 543 1154 472 1154 471 1154 447 1155 446 1155 445 1155 434 1163 412 1159 411 1159 410 1159 408 1159 399 1165 398 1166 358 1166 355 1166 269 1155 268 1155 267 1155 253 1163 240 1156 239 1156 237 1156 236 1156 215 1165 216 1194"/></Shape>
	    <String CONTENT="re fort memorable: à ſcauoir que ceſtuy¬"
                    HPOS="215.0"
                    VPOS="1152.0"
                    WIDTH="770.0"
                    HEIGHT="57.0"
                    WC="0.9971053847452489"></String>
          </TextLine>
          <TextLine ID="line_24"
                    TAGREFS="LT8"
                    BASELINE="216 1242 985 1240" 
                    HPOS="215.0"
                    VPOS="1202.0"
                    WIDTH="770.0"
                    HEIGHT="59.0">
            <Shape><Polygon POINTS="216 1242 216 1252 236 1260 237 1260 239 1260 240 1260 264 1252 266 1252 270 1252 321 1260 322 1260 323 1260 338 1252 361 1252 404 1252 407 1252 448 1260 449 1260 450 1260 463 1252 464 1252 500 1252 501 1252 516 1260 517 1260 518 1261 567 1261 567 1260 568 1260 597 1252 601 1251 604 1252 618 1259 619 1259 620 1260 668 1260 668 1259 669 1259 680 1252 684 1251 803 1252 885 1252 894 1259 895 1259 896 1259 897 1259 984 1251 985 1240 980 1206 972 1211 948 1206 940 1205 939 1205 938 1205 931 1206 912 1211 899 1207 884 1202 883 1202 882 1202 881 1202 871 1207 862 1212 826 1212 816 1207 803 1202 802 1202 801 1202 800 1202 799 1202 791 1208 785 1212 747 1212 738 1208 721 1202 720 1202 672 1202 671 1202 670 1202 669 1202 659 1209 656 1211 634 1209 603 1206 602 1206 601 1206 593 1209 587 1212 581 1209 565 1203 564 1203 563 1203 562 1203 546 1210 541 1211 531 1210 483 1203 482 1203 481 1203 462 1210 458 1212 454 1211 437 1204 436 1204 435 1204 405 1208 398 1203 397 1203 396 1203 331 1203 330 1203 329 1203 311 1212 310 1212 303 1212 253 1207 252 1207 215 1212 216 1242"/></Shape>
	    <String CONTENT="cy qui eſtoit le plus puiſſant de tous les"
                    HPOS="215.0"
                    VPOS="1202.0"
                    WIDTH="770.0"
                    HEIGHT="59.0"
                    WC="0.9929472619578952"></String>
          </TextLine>
          <TextLine ID="line_25"
                    TAGREFS="LT8"
                    BASELINE="217 1292 985 1288" 
                    HPOS="216.0"
                    VPOS="1250.0"
                    WIDTH="769.0"
                    HEIGHT="54.0">
            <Shape><Polygon POINTS="217 1292 217 1304 984 1302 985 1288 983 1264 904 1263 876 1250 875 1250 813 1250 812 1250 811 1250 810 1250 795 1261 791 1264 779 1261 768 1257 767 1257 766 1257 765 1257 758 1261 751 1264 725 1260 711 1259 710 1259 697 1260 662 1264 651 1260 637 1253 636 1253 635 1253 634 1253 616 1259 595 1266 518 1266 503 1257 502 1257 501 1257 500 1257 472 1265 466 1260 465 1260 464 1260 463 1260 420 1260 415 1256 411 1252 410 1252 408 1252 407 1252 317 1253 316 1253 315 1253 313 1255 299 1264 270 1264 249 1254 246 1253 245 1253 244 1253 216 1253 217 1292"/></Shape>
	    <String CONTENT="Roys de France, qui auoyent eſté depuis"
                    HPOS="216.0"
                    VPOS="1250.0"
                    WIDTH="769.0"
                    HEIGHT="54.0"
                    WC="0.9908353835344315"></String>
          </TextLine>
          <TextLine ID="line_26"
                    TAGREFS="LT8"
                    BASELINE="219 1341 987 1341" 
                    HPOS="219.0"
                    VPOS="1302.0"
                    WIDTH="768.0"
                    HEIGHT="55.0">
            <Shape><Polygon POINTS="219 1341 219 1350 253 1357 254 1357 255 1357 256 1357 264 1351 265 1351 266 1351 325 1357 326 1357 379 1352 389 1351 394 1352 414 1357 415 1357 416 1357 451 1352 462 1351 468 1352 486 1357 487 1357 488 1357 510 1353 521 1351 525 1353 534 1357 535 1357 536 1357 581 1353 598 1352 609 1354 625 1356 626 1356 627 1356 628 1356 630 1354 634 1351 986 1356 987 1341 986 1302 916 1310 906 1303 906 1302 905 1302 904 1302 863 1302 862 1302 861 1302 858 1303 838 1314 805 1314 790 1304 787 1302 786 1302 785 1302 763 1302 762 1302 761 1302 760 1302 757 1305 749 1309 725 1305 700 1302 699 1302 698 1302 697 1302 692 1306 680 1313 578 1308 577 1308 576 1308 563 1314 483 1314 473 1309 470 1308 469 1308 468 1308 461 1309 444 1313 433 1310 412 1302 411 1302 410 1302 408 1302 382 1310 372 1313 345 1313 343 1311 329 1302 328 1302 327 1302 326 1302 325 1302 291 1312 286 1313 285 1312 273 1302 271 1302 270 1302 247 1302 246 1302 245 1302 219 1312 219 1341"/></Shape>
	    <String CONTENT="Charlemaigne, neantmoins fut en brief"
                    HPOS="219.0"
                    VPOS="1302.0"
                    WIDTH="768.0"
                    HEIGHT="55.0"
                    WC="0.9993822429631207"></String>
          </TextLine>
          <TextLine ID="line_27"
                    TAGREFS="LT8"
                    BASELINE="215 1391 984 1388" 
                    HPOS="214.0"
                    VPOS="1348.0"
                    WIDTH="770.0"
                    HEIGHT="60.0">
            <Shape><Polygon POINTS="215 1391 215 1401 250 1407 251 1407 304 1401 313 1401 322 1401 374 1406 376 1406 419 1401 426 1401 427 1401 433 1406 434 1406 435 1406 436 1406 467 1401 479 1400 483 1401 496 1407 497 1407 498 1408 523 1408 523 1407 524 1407 525 1407 533 1401 536 1400 559 1401 620 1406 621 1406 622 1406 635 1401 640 1400 648 1401 673 1407 674 1407 983 1401 984 1388 980 1348 937 1359 847 1359 830 1352 829 1352 828 1352 794 1359 778 1351 774 1349 773 1349 746 1349 745 1349 744 1349 739 1351 723 1360 685 1352 671 1350 670 1350 646 1353 592 1361 518 1361 506 1355 497 1350 496 1350 495 1350 459 1351 458 1351 444 1356 429 1361 408 1356 384 1351 383 1351 214 1359 215 1391"/></Shape>
	    <String CONTENT="reduit en vn ſi poure eſtat, qu’ayant meſ¬"
                    HPOS="214.0"
                    VPOS="1348.0"
                    WIDTH="770.0"
                    HEIGHT="60.0"
                    WC="0.9966917932033539"></String>
          </TextLine>
          <TextLine ID="line_28"
                    TAGREFS="LT8"
                    BASELINE="215 1442 985 1439" 
                    HPOS="214.0"
                    VPOS="1401.0"
                    WIDTH="771.0"
                    HEIGHT="52.0">
            <Shape><Polygon POINTS="215 1442 215 1453 984 1453 985 1439 983 1412 912 1412 912 1411 888 1405 887 1405 885 1405 884 1405 883 1405 874 1411 874 1412 804 1412 804 1411 790 1401 789 1401 788 1401 728 1401 727 1401 726 1401 692 1411 688 1413 629 1413 627 1411 614 1402 612 1402 611 1402 610 1402 542 1411 531 1413 428 1413 425 1411 405 1403 404 1403 403 1403 402 1403 376 1411 367 1413 359 1411 332 1403 331 1403 241 1403 240 1403 239 1403 214 1410 215 1442"/></Shape>
	    <String CONTENT="me faute de viure ordinaire, il fut contraint"
                    HPOS="214.0"
                    VPOS="1401.0"
                    WIDTH="771.0"
                    HEIGHT="52.0"
                    WC="0.990790319442749"></String>
          </TextLine>
          <TextLine ID="line_29"
                    TAGREFS="LT8"
                    BASELINE="217 1489 984 1489" 
                    HPOS="217.0"
                    VPOS="1452.0"
                    WIDTH="767.0"
                    HEIGHT="56.0">
            <Shape><Polygon POINTS="217 1489 217 1498 264 1507 265 1507 304 1499 326 1507 327 1507 328 1507 329 1507 356 1499 436 1499 466 1507 467 1507 468 1508 573 1508 573 1507 574 1507 575 1507 586 1500 610 1507 611 1507 612 1507 668 1501 694 1506 695 1506 696 1506 697 1506 704 1500 735 1505 736 1505 737 1505 749 1499 868 1499 878 1507 879 1507 880 1507 881 1508 927 1508 927 1507 928 1507 942 1499 960 1506 961 1506 962 1506 963 1506 984 1498 984 1489 982 1454 964 1462 946 1454 940 1452 939 1452 914 1452 913 1452 912 1452 906 1455 890 1463 850 1463 840 1456 835 1452 834 1452 833 1452 721 1452 720 1452 719 1452 708 1457 698 1463 635 1463 626 1458 621 1456 620 1456 619 1456 618 1456 617 1456 614 1458 606 1462 601 1458 590 1452 589 1452 588 1452 561 1452 560 1452 559 1452 536 1459 528 1462 520 1459 499 1452 498 1452 497 1452 496 1452 495 1452 485 1460 481 1463 431 1463 427 1461 406 1452 405 1452 404 1452 403 1452 370 1461 366 1463 268 1463 268 1462 236 1452 235 1452 234 1452 233 1452 232 1452 217 1461 217 1489"/></Shape>
	    <String CONTENT="de prier Arnoul qui auoit eſté ſubrogé en"
                    HPOS="217.0"
                    VPOS="1452.0"
                    WIDTH="767.0"
                    HEIGHT="56.0"
                    WC="0.9989413161610448"></String>
          </TextLine>
          <TextLine ID="line_30"
                    TAGREFS="LT8"
                    BASELINE="218 1541 983 1537" 
                    HPOS="217.0"
                    VPOS="1502.0"
                    WIDTH="766.0"
                    HEIGHT="64.0">
            <Shape><Polygon POINTS="218 1541 218 1557 232 1564 233 1564 234 1564 283 1557 285 1557 351 1557 361 1557 374 1562 376 1562 377 1562 433 1557 469 1566 470 1566 471 1566 472 1566 514 1556 515 1556 551 1556 569 1565 570 1565 571 1565 783 1564 785 1564 786 1564 793 1559 808 1564 809 1564 810 1564 866 1559 874 1564 875 1564 876 1564 877 1564 908 1558 934 1564 935 1564 936 1564 983 1553 983 1537 981 1510 949 1504 948 1504 947 1504 946 1504 939 1510 938 1511 901 1511 899 1510 876 1502 875 1502 874 1502 873 1502 856 1510 855 1511 739 1511 738 1510 731 1504 730 1504 729 1504 693 1502 692 1502 691 1502 690 1502 677 1510 675 1512 630 1512 618 1510 522 1502 521 1502 520 1502 502 1511 501 1512 470 1512 466 1511 447 1504 446 1504 445 1504 367 1505 366 1505 365 1505 356 1511 354 1512 350 1511 318 1504 317 1504 255 1509 225 1504 224 1504 223 1504 222 1504 217 1507 218 1541"/></Shape>
	    <String CONTENT="ſon lieu, de luy aſsigner quelques petits ga¬"
                    HPOS="217.0"
                    VPOS="1502.0"
                    WIDTH="766.0"
                    HEIGHT="64.0"
                    WC="0.9923727167977228"></String>
          </TextLine>
        </TextBlock>
        <TextBlock HPOS="921.0"
                   VPOS="1565.0"
                   WIDTH="68.0"
                   HEIGHT="48.0"
                   ID="block_3"
                   TAGREFS="BT17">
          <Shape><Polygon POINTS="989 1565 989 1613 921 1613 921 1565"/></Shape>
          <TextLine ID="line_31"
                    TAGREFS="LT8"
                    BASELINE="923 1594 981 1590" 
                    HPOS="919.0"
                    VPOS="1554.0"
                    WIDTH="63.0"
                    HEIGHT="68.0">
            <Shape><Polygon POINTS="923 1594 925 1622 982 1613 981 1590 978 1560 952 1554 951 1554 950 1554 949 1554 948 1554 948 1555 947 1555 942 1562 919 1563 923 1594"/></Shape>
	    <String CONTENT="ges"
                    HPOS="919.0"
                    VPOS="1554.0"
                    WIDTH="63.0"
                    HEIGHT="68.0"
                    WC="0.9997736612955729"></String>
          </TextLine>
        </TextBlock>
      </PrintSpace>
    </Page>
  </Layout>
</alto>
