1023 1853
40 110 751 65 ges pour s’entretenir. En quoy on peut ai¬

36 147 758 77 ſément remarquer l’incertitude des choſes

36 202 763 72 humaines, de voir vn Roy qui tenoit aupa¬

38 251 756 69 rauant les Royaumes de la France Orien¬

39 297 759 75 tale & Occidentale auec l’Empire Romain,

40 344 758 74 eſtre finablement reduit à telle extremité

43 397 756 72 qu’il eut meſmes faute de pain. Le ſeptieme

44 442 758 78 auquel cela aduint, ce fut Odon vingtſixieſ.

44 494 760 73 me Roy de France que les François auoyẽt

45 541 760 74 eleu, ayans deietté Charles ſils de Loys le

46 595 756 73 Begue: mais quatre ans apres ils l’enuoye¬

45 640 758 75 rent en Aquitaine, le cõfinerent là, & ſubſti¬

47 690 758 70 tuerent en ſa place ce meſmes Charles fils

48 741 757 72 de Loys: ainſi le certiſient Sigebert ſous

49 793 757 69 I’an huit cens nonante quatre. Aimoinus

49 838 756 73 au cinquieme liure, chapi. quarantedeuxieſ¬

50 889 761 71 me, Godefroy en la part. dixſeptieſ. On met

51 939 758 71 auſſi de ce reng-la Charles vingrſeptieſme

53 988 756 72 Roy de France qu’on ſurnomme le Sim¬

55 1039 758 73 ple, pource qu’il auoit l’eſprit lourd & he¬

54 1086 759 69 beté. Car d’autant que par ſa folie & ſim¬

54 1135 766 74 pleſſe il laiſſoit ruiner le Royaume, & auoit

55 1194 765 63 perdu la Lorraine qu’il auoit auparauant

57 1236 763 71 recouuree, il fut mis en ſeure garde: & en

57 1286 765 64 ſon lieu fut pourueu d’vn autre nommé

59 1341 763 67 Raoul, ainſi que l’eſcriuent Aimoinus au

116 1390 650 71 liure cinquieſme, chapitre quarante¬

203 1441 484 66 deuxieſme, & Sigebert ſous

365 1491 166 74 l’an 926.

167 48 464 62 FRANCOISE.

757 41 35 71 71

621 1550 66 51 e 4
