<?xml version="1.0" encoding="UTF-8"?>
<alto xmlns:xsi="http://www.w3.org/2001/XMLSchema-instance"
      xmlns="http://www.loc.gov/standards/alto/ns-v4#"
      xsi:schemaLocation="http://www.loc.gov/standards/alto/ns-v4# http://www.loc.gov/standards/alto/v4/alto-4-2.xsd">
  <Description>
    <MeasurementUnit>pixel</MeasurementUnit>
    <sourceImageInformation>
      <fileName>97_28e65_default.jpg</fileName>
      <fileIdentifier>mets//0_4c28e_default.zip/97_28e65_default.jpg</fileIdentifier>
    </sourceImageInformation>
  </Description>
  <Tags>
    <OtherTag ID="BT7" LABEL="CustomZone" DESCRIPTION="block type CustomZone"/><OtherTag ID="BT8" LABEL="DamageZone" DESCRIPTION="block type DamageZone"/><OtherTag ID="BT9" LABEL="DigitizationArtefactZone" DESCRIPTION="block type DigitizationArtefactZone"/><OtherTag ID="BT10" LABEL="DropCapitalZone" DESCRIPTION="block type DropCapitalZone"/><OtherTag ID="BT11" LABEL="GraphicZone" DESCRIPTION="block type GraphicZone"/><OtherTag ID="BT12" LABEL="MainZone" DESCRIPTION="block type MainZone"/><OtherTag ID="BT13" LABEL="MarginTextZone" DESCRIPTION="block type MarginTextZone"/><OtherTag ID="BT14" LABEL="MusicZone" DESCRIPTION="block type MusicZone"/><OtherTag ID="BT15" LABEL="NumberingZone" DESCRIPTION="block type NumberingZone"/><OtherTag ID="BT17" LABEL="QuireMarksZone" DESCRIPTION="block type QuireMarksZone"/><OtherTag ID="BT18" LABEL="RunningTitleZone" DESCRIPTION="block type RunningTitleZone"/><OtherTag ID="BT19" LABEL="SealZone" DESCRIPTION="block type SealZone"/><OtherTag ID="BT20" LABEL="StampZone" DESCRIPTION="block type StampZone"/><OtherTag ID="BT21" LABEL="TableZone" DESCRIPTION="block type TableZone"/><OtherTag ID="BT22" LABEL="TitlePageZone" DESCRIPTION="block type TitlePageZone"/><OtherTag ID="BT100001" LABEL="MainZone-Head" DESCRIPTION="block type MainZone-Head"/><OtherTag ID="BT100005" LABEL="MainZone-P" DESCRIPTION="block type MainZone-P"/><OtherTag ID="BT100006" LABEL="MainZone-Continued" DESCRIPTION="block type MainZone-Continued"/><OtherTag ID="BT100002" LABEL="MainZone-Lg" DESCRIPTION="block type MainZone-Lg"/><OtherTag ID="BT100007" LABEL="MarginTextZone-ManuscriptAddendum" DESCRIPTION="block type MarginTextZone-ManuscriptAddendum"/><OtherTag ID="BT100003" LABEL="MainZone-Signature" DESCRIPTION="block type MainZone-Signature"/><OtherTag ID="BT100012" LABEL="TitlePageZone-Index" DESCRIPTION="block type TitlePageZone-Index"/>
    <OtherTag ID="LT7" LABEL="CustomLine" DESCRIPTION="line type CustomLine"/><OtherTag ID="LT8" LABEL="DefaultLine" DESCRIPTION="line type DefaultLine"/><OtherTag ID="LT9" LABEL="DropCapitalLine" DESCRIPTION="line type DropCapitalLine"/><OtherTag ID="LT10" LABEL="HeadingLine" DESCRIPTION="line type HeadingLine"/><OtherTag ID="LT11" LABEL="InterlinearLine" DESCRIPTION="line type InterlinearLine"/><OtherTag ID="LT12" LABEL="MusicLine" DESCRIPTION="line type MusicLine"/><OtherTag ID="LT766" LABEL="default" DESCRIPTION="line type default"/>
  </Tags>
  <Layout>
    <Page WIDTH="1023"
          HEIGHT="1853"
          PHYSICAL_IMG_NR="97"
          ID="eSc_dummypage_">
      <PrintSpace HPOS="0"
                  VPOS="0"
                  WIDTH="1023"
                  HEIGHT="1853">
        <TextBlock HPOS="230.0"
                   VPOS="58.0"
                   WIDTH="47.0"
                   HEIGHT="36.0"
                   ID="block_5"
                   TAGREFS="BT15">
          <Shape><Polygon POINTS="277 58 277 94 230 94 230 58"/></Shape>
          <TextLine ID="line_0"
                    TAGREFS="LT8"
                    BASELINE="236 86 282 83" 
                    HPOS="235.0"
                    VPOS="71.0"
                    WIDTH="47.0"
                    HEIGHT="36.0">
            <Shape><Polygon POINTS="235 74 236 86 237 101 265 107 266 107 267 107 282 97 282 83 279 71 235 72 235 74"/></Shape>
	    <String CONTENT="72"
                    HPOS="235.0"
                    VPOS="71.0"
                    WIDTH="47.0"
                    HEIGHT="36.0"></String>
          </TextLine>
        </TextBlock>
        <TextBlock HPOS="274.0"
                   VPOS="108.0"
                   WIDTH="718.0"
                   HEIGHT="271.0"
                   ID="block_3"
                   TAGREFS="BT100001">
          <Shape><Polygon POINTS="989 108 992 379 274 371 277 108"/></Shape>
          <TextLine ID="line_2"
                    TAGREFS="LT10"
                    BASELINE="288 143 986 146" 
                    HPOS="287.0"
                    VPOS="111.0"
                    WIDTH="699.0"
                    HEIGHT="53.0">
            <Shape><Polygon POINTS="957 111 946 111 942 111 908 115 877 111 874 111 864 111 854 111 851 111 836 115 831 116 828 115 820 111 812 111 802 111 792 111 781 111 771 111 765 111 761 114 758 116 749 114 738 111 730 111 720 111 709 111 699 111 689 111 678 111 668 111 662 111 660 113 656 116 524 116 508 111 503 111 493 111 483 111 472 111 471 111 464 112 455 111 452 111 441 111 431 111 423 111 414 115 368 115 362 111 359 111 349 111 338 111 333 111 321 114 300 111 297 111 288 111 288 143 287 161 311 162 312 162 313 162 314 162 314 161 322 155 357 162 360 162 361 162 383 162 624 156 641 163 642 163 643 164 717 164 717 163 718 163 719 163 729 156 747 156 754 161 755 161 756 161 757 161 781 157 808 162 809 162 932 157 984 164 986 146 986 117 968 111 967 111"/></Shape>
	    <String CONTENT="¶ Quand il y auoit pluſieurs enfans du"
                    HPOS="287.0"
                    VPOS="111.0"
                    WIDTH="699.0"
                    HEIGHT="53.0"
                    WC="0.9924182374226419"></String>
          </TextLine>
          <TextLine ID="line_3"
                    TAGREFS="LT10"
                    BASELINE="341 192 982 194" 
                    HPOS="339.0"
                    VPOS="155.0"
                    WIDTH="643.0"
                    HEIGHT="60.0">
            <Shape><Polygon POINTS="364 210 365 210 389 206 397 213 398 213 399 213 400 213 439 205 468 205 479 213 480 213 481 213 482 213 642 205 650 205 667 214 668 214 669 215 739 215 739 214 740 214 741 214 751 206 777 206 838 206 845 213 845 214 846 214 847 214 848 214 879 207 902 214 903 214 904 214 981 206 982 194 981 160 940 157 939 157 938 157 937 157 935 159 926 167 906 167 845 158 831 157 830 157 829 157 826 158 810 167 710 167 689 159 688 159 687 159 686 159 662 166 604 160 603 160 602 160 588 165 570 156 569 156 568 156 567 156 559 156 497 162 444 156 442 156 441 156 416 166 383 166 342 155 341 192 339 203"/></Shape>
	    <String CONTENT="Roy decedé, comment on leur aſsi¬"
                    HPOS="339.0"
                    VPOS="155.0"
                    WIDTH="643.0"
                    HEIGHT="60.0"
                    WC="0.9879046783727758"></String>
          </TextLine>
          <TextLine ID="line_4"
                    TAGREFS="LT10"
                    BASELINE="341 243 721 243" 
                    HPOS="341.0"
                    VPOS="208.0"
                    WIDTH="380.0"
                    HEIGHT="56.0">
            <Shape><Polygon POINTS="341 260 380 264 381 264 416 259 451 254 465 258 478 262 479 262 480 262 481 262 482 262 488 258 494 254 516 254 530 257 561 264 562 264 563 264 564 264 576 256 581 254 596 256 657 264 658 264 659 264 684 254 721 253 721 243 721 215 673 208 672 208 671 208 670 208 670 210 665 214 662 216 569 213 544 212 543 212 539 212 513 216 505 212 501 208 500 208 499 208 433 208 432 208 422 211 392 216 341 210 341 243"/></Shape>
	    <String CONTENT="gnoit leurs partages."
                    HPOS="341.0"
                    VPOS="208.0"
                    WIDTH="380.0"
                    HEIGHT="56.0"
                    WC="0.9952596426010132"></String>
          </TextLine>
        </TextBlock>
        <TextBlock HPOS="368.0"
                   VPOS="48.0"
                   WIDTH="488.0"
                   HEIGHT="49.0"
                   ID="block_0"
                   TAGREFS="BT18">
          <Shape><Polygon POINTS="856 48 856 97 368 97 368 48"/></Shape>
          <TextLine ID="line_1"
                    TAGREFS="LT10"
                    BASELINE="363 86 855 85" 
                    HPOS="362.0"
                    VPOS="47.0"
                    WIDTH="493.0"
                    HEIGHT="54.0">
            <Shape><Polygon POINTS="836 49 826 49 815 49 805 49 795 49 785 49 774 49 764 49 754 49 743 49 733 49 723 49 712 49 702 49 692 49 682 49 671 49 661 49 651 49 640 49 630 49 620 49 609 49 599 49 589 49 578 49 568 49 558 49 548 49 537 49 527 49 517 49 506 49 496 49 486 49 475 49 465 49 455 49 445 49 434 49 424 49 414 49 403 49 393 49 383 49 382 47 362 49 363 86 363 94 419 93 425 95 439 100 440 100 441 100 468 95 483 93 487 95 493 100 494 100 495 100 496 101 564 101 564 100 565 100 566 100 571 96 576 93 653 93 659 97 663 100 664 100 665 100 666 101 782 101 782 100 793 98 815 93 853 98 855 85 853 49 846 49"/></Shape>
	    <String CONTENT="DE LA GAVLE"
                    HPOS="362.0"
                    VPOS="47.0"
                    WIDTH="493.0"
                    HEIGHT="54.0"
                    WC="0.9999748847701333"></String>
          </TextLine>
        </TextBlock>
        <TextBlock HPOS="224"
                   VPOS="395"
                   WIDTH="210"
                   HEIGHT="213"
                   ID="eSc_textblock_314d84cf"
                   TAGREFS="BT10">
          <Shape><Polygon POINTS="226 395 224 608 434 608 430 397"/></Shape>
          <TextLine ID="line_9"
                    TAGREFS="LT9"
                    BASELINE="228 593 425 591" 
                    HPOS="225"
                    VPOS="558"
                    WIDTH="199"
                    HEIGHT="48">
            <Shape><Polygon POINTS="227 606 423 606 424 589 421 566 339 558 338 558 336 558 335 558 321 568 319 568 310 560 309 560 307 560 305 560 304 560 302 560 302 562 296 568 295 569 225 569 227 592"/></Shape>
	    <String CONTENT="T"
                    HPOS="225"
                    VPOS="558"
                    WIDTH="199"
                    HEIGHT="48"></String>
          </TextLine>
        </TextBlock>
        <TextBlock HPOS="211"
                   VPOS="392"
                   WIDTH="789"
                   HEIGHT="1157"
                   ID="block_1"
                   TAGREFS="BT100005">
          <Shape><Polygon POINTS="992 401 1000 1544 220 1549 211 392 851 398"/></Shape>
          <TextLine ID="line_5"
                    TAGREFS="LT10"
                    BASELINE="430 337 778 341" 
                    HPOS="429.0"
                    VPOS="301.0"
                    WIDTH="349.0"
                    HEIGHT="53.0">
            <Shape><Polygon POINTS="733 301 717 305 707 307 698 305 686 301 677 301 670 301 663 304 652 308 608 308 578 301 574 301 564 301 554 301 548 301 531 306 520 301 513 301 502 301 492 301 485 301 465 305 445 301 440 301 430 301 430 337 429 354 777 354 778 341 777 307 744 301 739 301"/></Shape>
	    <String CONTENT="CHAP. VII."
                    HPOS="429.0"
                    VPOS="301.0"
                    WIDTH="349.0"
                    HEIGHT="53.0"
                    WC="0.9991003632545471"></String>
          </TextLine>
          <TextLine ID="line_6"
                    TAGREFS="LT8"
                    BASELINE="448 438 989 439" 
                    HPOS="447.0"
                    VPOS="401.0"
                    WIDTH="542.0"
                    HEIGHT="57.0">
            <Shape><Polygon POINTS="448 438 447 452 518 450 524 453 531 457 532 457 533 457 551 453 564 450 571 453 581 457 582 457 583 458 633 458 633 457 687 452 711 450 714 452 722 457 723 457 724 457 725 458 774 458 774 457 775 457 776 457 781 451 782 450 829 450 837 451 880 457 881 457 882 457 883 457 892 450 987 449 989 439 989 411 958 401 957 401 884 401 883 401 882 401 881 401 872 409 870 411 742 411 738 406 733 402 733 401 732 401 731 401 730 401 705 405 695 407 692 405 686 401 685 401 684 401 683 401 682 401 666 405 644 410 628 404 620 401 619 401 618 401 617 401 607 404 585 411 552 411 536 402 535 401 534 401 533 401 513 401 512 401 510 401 509 401 509 402 499 411 479 411 467 401 466 401 465 401 448 401 448 438"/></Shape>
	    <String CONTENT="Out ce que nous venons de de¬"
                    HPOS="447.0"
                    VPOS="401.0"
                    WIDTH="542.0"
                    HEIGHT="57.0"
                    WC="0.983385024399593"></String>
          </TextLine>
          <TextLine ID="line_7"
                    TAGREFS="LT8"
                    BASELINE="439 486 992 490" 
                    HPOS="438.0"
                    VPOS="450.0"
                    WIDTH="554.0"
                    HEIGHT="58.0">
            <Shape><Polygon POINTS="439 486 438 498 487 506 488 506 489 506 514 500 552 506 553 506 595 500 598 500 600 500 622 507 623 507 624 507 625 507 626 507 636 501 662 507 663 507 664 507 695 501 699 501 752 501 755 502 765 507 766 507 767 507 796 502 806 501 812 503 830 508 831 508 832 508 991 504 992 490 991 459 940 461 936 458 932 455 932 453 931 453 930 453 890 453 889 453 888 453 887 453 883 457 876 462 821 457 820 457 819 457 807 462 736 455 714 452 713 452 712 452 707 453 689 460 654 453 648 452 646 452 645 452 643 452 624 461 544 461 534 452 533 452 532 452 531 452 530 452 512 457 439 450 439 486"/></Shape>
	    <String CONTENT="duire maintenant, tend à ce"
                    HPOS="438.0"
                    VPOS="450.0"
                    WIDTH="554.0"
                    HEIGHT="58.0"
                    WC="0.9987187726157052"></String>
          </TextLine>
          <TextLine ID="line_8"
                    TAGREFS="LT8"
                    BASELINE="440 538 991 540" 
                    HPOS="439.0"
                    VPOS="503.0"
                    WIDTH="552.0"
                    HEIGHT="53.0">
            <Shape><Polygon POINTS="440 538 439 552 495 548 520 553 521 553 558 548 564 553 564 554 565 554 566 554 567 554 571 553 597 548 703 548 743 553 757 555 758 555 766 553 787 549 800 553 804 555 805 555 806 555 820 553 854 549 865 553 869 555 870 555 871 556 945 556 945 555 946 555 947 555 948 553 956 549 989 553 991 540 990 504 951 504 950 504 949 504 932 511 900 504 896 504 895 504 894 504 893 505 877 512 853 505 848 504 847 504 812 504 811 504 810 504 809 504 807 505 796 512 652 512 645 507 639 503 638 503 637 503 604 503 603 503 602 503 601 503 601 504 597 508 595 509 590 508 567 503 566 503 565 503 564 503 564 504 559 508 557 510 555 508 548 503 547 503 546 503 528 503 527 503 526 503 525 503 519 509 515 511 440 510 440 538"/></Shape>
	    <String CONTENT="poinct de faire entendre, que le"
                    HPOS="439.0"
                    VPOS="503.0"
                    WIDTH="552.0"
                    HEIGHT="53.0"
                    WC="0.998289467766881"></String>
          </TextLine>
          <TextLine ID="eSc_line_895dad94"
                    TAGREFS="LT8"
                    BASELINE="443 591 990 586" 
                    HPOS="441.0"
                    VPOS="545.0"
                    WIDTH="548.0"
                    HEIGHT="58.0">
            <Shape><Polygon POINTS="441 582 441 589 441 603 989 600 989 585 985 555 860 545 859 545 805 555 802 555 795 555 622 546 621 546 619 546 581 557 577 557 576 557 531 548 530 548 449 557 441 582"/></Shape>
	    <String CONTENT="Royaume de la France Gauloi¬"
                    HPOS="441.0"
                    VPOS="545.0"
                    WIDTH="548.0"
                    HEIGHT="58.0"></String>
          </TextLine>
          <TextLine ID="line_10"
                    TAGREFS="LT8"
                    BASELINE="225 634 989 637" 
                    HPOS="224.0"
                    VPOS="600.0"
                    WIDTH="765.0"
                    HEIGHT="55.0">
            <Shape><Polygon POINTS="225 634 224 645 247 653 248 653 249 653 407 647 447 653 448 653 574 649 601 654 602 654 640 649 735 655 736 655 830 650 929 655 930 655 987 648 989 637 987 602 942 602 941 602 940 602 939 602 931 608 917 602 916 602 915 602 914 602 880 609 871 602 870 602 869 602 868 602 867 602 866 602 857 610 843 605 842 605 841 605 840 605 829 609 820 602 819 602 817 602 816 602 812 602 733 610 554 610 540 603 539 603 538 603 537 603 536 603 527 609 418 609 408 603 403 600 402 600 401 600 328 600 327 600 326 600 325 600 320 603 311 608 268 607 263 603 259 600 258 600 257 600 256 600 225 603 225 634"/></Shape>
	    <String CONTENT="ſe, ne ſouloit pas ancienement eſtre transfe¬"
                    HPOS="224.0"
                    VPOS="600.0"
                    WIDTH="765.0"
                    HEIGHT="55.0"
                    WC="0.9852070768674215"></String>
          </TextLine>
          <TextLine ID="line_11"
                    TAGREFS="LT8"
                    BASELINE="225 683 992 688" 
                    HPOS="224.0"
                    VPOS="648.0"
                    WIDTH="768.0"
                    HEIGHT="58.0">
            <Shape><Polygon POINTS="225 683 224 694 295 702 296 702 337 696 391 703 392 703 462 697 475 703 476 703 478 703 570 698 577 704 578 704 580 704 581 704 643 700 720 705 721 705 722 705 740 700 839 706 840 706 991 700 992 688 989 656 972 661 932 656 902 652 901 652 900 652 891 656 877 662 853 662 841 656 835 653 834 653 833 653 820 656 802 660 787 656 768 651 767 651 766 651 765 651 755 656 746 661 699 661 651 656 577 650 576 650 575 650 574 650 564 656 559 659 536 656 501 652 500 652 499 652 484 656 478 659 397 659 389 657 349 648 249 648 248 648 247 648 225 656 225 683"/></Shape>
	    <String CONTENT="ré des peres aux enfans, comme par droit"
                    HPOS="224.0"
                    VPOS="648.0"
                    WIDTH="768.0"
                    HEIGHT="58.0"
                    WC="0.9974629878997803"></String>
          </TextLine>
          <TextLine ID="line_12"
                    TAGREFS="LT8"
                    BASELINE="225 733 993 738" 
                    HPOS="224.0"
                    VPOS="694.0"
                    WIDTH="769.0"
                    HEIGHT="57.0">
            <Shape><Polygon POINTS="225 733 224 745 991 751 993 738 992 708 950 708 946 707 926 697 925 697 924 697 923 697 905 706 901 708 898 706 885 697 884 697 883 697 854 697 853 697 851 697 850 697 840 705 834 709 809 709 804 704 795 696 794 696 793 696 748 696 747 696 746 696 725 703 709 708 648 708 638 702 634 697 633 697 632 697 631 697 630 697 623 701 609 707 568 706 557 700 549 695 548 695 527 695 526 695 525 695 524 695 519 698 508 707 453 707 418 697 404 694 336 694 335 694 328 695 290 705 269 694 268 694 267 694 225 694 225 733"/></Shape>
	    <String CONTENT="ſucceſsif, mais eſtre decerné &amp; deferé au"
                    HPOS="224.0"
                    VPOS="694.0"
                    WIDTH="769.0"
                    HEIGHT="57.0"
                    WC="0.9955327801926191"></String>
          </TextLine>
          <TextLine ID="line_13"
                    TAGREFS="LT8"
                    BASELINE="226 784 987 786" 
                    HPOS="226.0"
                    VPOS="746.0"
                    WIDTH="761.0"
                    HEIGHT="60.0">
            <Shape><Polygon POINTS="985 751 973 754 958 751 941 747 940 747 939 747 938 747 934 750 928 755 907 750 904 750 903 750 897 750 851 755 837 750 831 748 830 748 829 748 828 748 823 750 809 756 755 756 742 749 737 747 736 747 708 747 707 747 706 747 700 749 684 755 645 749 643 749 642 749 640 749 611 755 592 749 587 747 586 747 585 747 565 748 526 752 486 748 463 746 462 746 461 746 460 746 458 748 449 755 403 755 394 748 393 746 392 746 391 746 390 746 389 746 382 748 363 752 349 747 345 746 344 746 343 746 323 747 273 751 262 747 260 746 259 746 258 746 257 746 256 746 255 747 248 753 227 747 226 784 226 802 273 796 325 796 336 802 337 803 338 803 339 803 341 805 444 805 444 803 445 803 449 801 460 796 532 796 544 800 552 803 553 803 554 803 555 803 562 800 572 796 591 800 609 805 610 805 611 805 623 800 631 797 653 800 678 803 679 803 708 799 727 797 733 799 744 805 745 805 746 805 782 799 797 797 810 799 847 805 848 806 875 806 875 805 876 805 877 805 884 798 887 797 985 797 987 786 985 751"/></Shape>
	    <String CONTENT="plus digne par l’aduis des eſtats &amp; par les"
                    HPOS="226.0"
                    VPOS="746.0"
                    WIDTH="761.0"
                    HEIGHT="60.0"
                    WC="0.9983410322388937"></String>
          </TextLine>
          <TextLine ID="line_14"
                    TAGREFS="LT8"
                    BASELINE="226 832 992 837" 
                    HPOS="226.0"
                    VPOS="794.0"
                    WIDTH="766.0"
                    HEIGHT="63.0">
            <Shape><Polygon POINTS="226 832 226 846 322 844 326 847 330 850 331 850 332 850 333 850 334 850 345 847 349 845 351 847 358 852 359 852 360 852 484 853 485 853 486 853 498 847 502 845 521 847 558 851 559 851 587 847 595 846 601 847 632 853 633 853 719 849 729 855 730 855 731 855 732 855 807 847 812 847 813 847 838 856 839 856 840 857 867 857 867 856 868 856 884 848 935 848 955 856 956 856 957 856 958 856 991 847 992 837 991 801 897 798 896 798 895 798 890 801 876 809 839 809 815 801 801 797 800 797 799 797 798 797 787 801 770 807 748 801 747 801 746 801 744 801 700 807 686 801 672 796 671 796 670 796 633 801 610 805 600 801 585 796 584 796 583 796 582 796 571 801 565 805 558 801 546 796 544 796 543 796 542 796 532 801 526 806 485 806 479 801 470 797 469 797 468 797 467 797 459 801 453 806 406 806 402 801 395 796 394 796 393 796 392 796 391 796 390 796 383 801 379 805 367 801 335 794 334 794 333 794 332 794 321 801 318 803 313 801 301 798 300 798 299 798 298 798 291 801 288 803 226 802 226 832"/></Shape>
	    <String CONTENT="voix du peuple. Cela eſtant preſuppoſé, il"
                    HPOS="226.0"
                    VPOS="794.0"
                    WIDTH="766.0"
                    HEIGHT="63.0"
                    WC="0.998393175213836"></String>
          </TextLine>
          <TextLine ID="line_15"
                    TAGREFS="LT8"
                    BASELINE="222 882 991 886" 
                    HPOS="221.0"
                    VPOS="844.0"
                    WIDTH="770.0"
                    HEIGHT="58.0">
            <Shape><Polygon POINTS="222 882 221 894 257 899 258 899 330 895 349 894 355 895 377 899 378 899 379 899 395 895 400 894 407 895 439 900 440 900 470 895 473 895 479 895 525 900 526 900 527 900 537 895 538 895 547 895 609 901 610 901 722 896 727 896 730 896 799 902 800 902 990 896 991 886 991 848 875 847 874 847 873 847 872 847 870 849 857 858 797 858 778 850 770 846 769 846 768 846 728 850 689 854 680 850 671 846 670 846 567 845 566 845 565 845 550 852 541 856 476 856 468 852 453 847 452 847 451 847 450 847 427 853 421 855 326 855 323 854 282 844 281 844 280 844 279 844 279 845 270 851 245 846 244 846 243 846 222 854 222 882"/></Shape>
	    <String CONTENT="ne ſera pas fort malaiſé de vuider ceſte diſ¬"
                    HPOS="221.0"
                    VPOS="844.0"
                    WIDTH="770.0"
                    HEIGHT="58.0"
                    WC="0.9989224711190099"></String>
          </TextLine>
          <TextLine ID="line_16"
                    TAGREFS="LT8"
                    BASELINE="223 931 993 935" 
                    HPOS="223.0"
                    VPOS="894.0"
                    WIDTH="770.0"
                    HEIGHT="62.0">
            <Shape><Polygon POINTS="223 931 223 953 270 953 270 952 271 952 273 952 283 945 381 952 416 954 417 954 418 954 419 954 422 952 427 948 450 952 461 953 462 953 463 953 464 953 465 952 473 946 559 946 569 951 570 952 571 952 572 952 573 952 574 952 577 951 590 946 610 951 627 955 628 955 629 955 650 951 667 947 676 951 686 955 687 955 688 955 689 955 700 951 709 947 745 950 801 956 802 956 803 956 821 950 825 949 850 949 854 950 863 956 864 956 865 956 866 956 914 950 932 948 991 949 993 935 992 901 908 905 895 901 883 897 882 897 881 897 880 897 867 901 862 902 858 901 848 897 847 897 846 897 845 897 831 901 821 904 728 904 722 901 711 896 710 896 649 896 648 896 623 901 608 904 574 904 569 901 559 896 558 896 479 895 478 895 429 902 417 903 411 902 385 894 384 894 338 894 337 894 336 894 318 902 317 902 304 894 303 894 302 894 301 894 300 894 273 902 270 902 269 902 241 894 240 894 239 894 237 894 223 901 223 931"/></Shape>
	    <String CONTENT="ficulté icy, c’eſt à ſcauoir, lors qu’il y auoit"
                    HPOS="223.0"
                    VPOS="894.0"
                    WIDTH="770.0"
                    HEIGHT="62.0"
                    WC="0.9840762674808502"></String>
          </TextLine>
          <TextLine ID="line_17"
                    TAGREFS="LT8"
                    BASELINE="223 982 989 986" 
                    HPOS="223.0"
                    VPOS="944.0"
                    WIDTH="766.0"
                    HEIGHT="60.0">
            <Shape><Polygon POINTS="223 982 223 1000 298 994 314 1001 315 1001 316 1001 317 1002 367 1002 367 1001 368 1001 403 994 414 1001 414 1002 415 1002 416 1002 417 1002 422 1001 462 995 527 995 538 1000 539 1000 540 1000 586 995 595 1002 596 1002 597 1002 598 1002 599 1002 619 996 662 1003 666 1003 667 1003 668 1003 669 1003 682 997 711 1003 713 1003 714 1003 721 1003 795 998 806 1003 808 1004 809 1004 810 1004 815 1003 848 997 899 1003 900 1003 957 997 985 1004 989 986 987 947 917 947 916 947 915 947 914 947 891 956 865 947 863 947 862 947 861 947 860 947 859 947 859 948 846 956 799 956 781 948 776 946 775 946 774 946 761 948 728 956 653 956 639 950 638 950 637 950 573 954 564 950 553 945 552 945 551 945 523 950 503 954 490 951 471 945 470 945 469 945 434 951 416 954 395 951 369 948 368 948 367 948 356 952 350 953 344 952 314 944 313 944 252 944 251 944 250 944 223 952 223 982"/></Shape>
	    <String CONTENT="pluſieurs enfans ſuruiuans au Roy decedé,"
                    HPOS="223.0"
                    VPOS="944.0"
                    WIDTH="766.0"
                    HEIGHT="60.0"
                    WC="0.9876594032560077"></String>
          </TextLine>
          <TextLine ID="line_18"
                    TAGREFS="LT8"
                    BASELINE="223 1031 992 1034" 
                    HPOS="222.0"
                    VPOS="994.0"
                    WIDTH="770.0"
                    HEIGHT="58.0">
            <Shape><Polygon POINTS="223 1031 222 1044 268 1050 269 1050 309 1045 338 1042 346 1045 353 1050 354 1050 355 1051 425 1051 425 1050 449 1046 479 1042 495 1046 509 1051 510 1051 512 1051 531 1046 551 1043 577 1047 601 1051 602 1051 603 1051 610 1047 618 1043 684 1043 727 1049 758 1052 759 1052 787 1049 826 1044 848 1050 862 1052 863 1052 864 1052 865 1052 868 1050 876 1044 925 1044 990 1050 992 1034 992 1004 966 996 965 996 869 996 868 996 867 996 845 1003 844 1004 844 1003 837 998 837 997 836 997 835 997 834 997 833 997 825 1001 791 996 790 996 789 996 788 996 775 1003 771 1005 655 1005 650 1003 623 996 622 996 621 996 620 996 592 1003 588 1004 583 1003 554 995 553 995 552 995 551 995 526 1003 523 1004 521 1003 505 995 504 995 503 995 502 995 487 1002 423 1003 397 1003 396 1003 386 994 385 994 384 994 383 994 325 999 299 994 298 994 297 994 278 1002 254 996 253 996 252 996 223 1002 223 1031"/></Shape>
	    <String CONTENT="quelle forme de droit on gardoit à faire"
                    HPOS="222.0"
                    VPOS="994.0"
                    WIDTH="770.0"
                    HEIGHT="58.0"
                    WC="0.9812652366917308"></String>
          </TextLine>
          <TextLine ID="line_19"
                    TAGREFS="LT8"
                    BASELINE="222 1080 994 1086" 
                    HPOS="221.0"
                    VPOS="1040.0"
                    WIDTH="773.0"
                    HEIGHT="66.0">
            <Shape><Polygon POINTS="221 1090 242 1099 243 1099 244 1099 276 1092 311 1101 312 1101 313 1102 342 1102 342 1101 343 1101 357 1094 439 1102 440 1102 441 1102 473 1093 475 1093 529 1093 532 1094 538 1098 539 1098 540 1098 541 1098 586 1095 596 1094 598 1095 608 1103 609 1103 610 1103 611 1104 634 1104 634 1103 635 1103 636 1103 645 1096 700 1104 701 1105 775 1105 775 1104 776 1104 802 1097 811 1095 837 1095 842 1098 854 1103 855 1103 856 1103 881 1098 894 1096 899 1098 913 1105 914 1105 915 1106 950 1106 950 1105 951 1105 952 1105 962 1099 967 1096 992 1099 994 1086 994 1052 951 1045 950 1045 949 1045 948 1045 942 1051 933 1057 907 1057 897 1050 891 1045 890 1045 889 1045 888 1045 887 1045 872 1050 863 1052 829 1049 779 1044 778 1044 777 1044 776 1044 771 1047 766 1052 748 1047 746 1047 745 1047 744 1047 743 1047 735 1055 721 1047 714 1044 713 1044 712 1044 711 1044 704 1046 688 1053 666 1046 665 1046 664 1046 663 1046 662 1046 661 1046 650 1054 632 1054 615 1046 614 1046 612 1046 611 1046 594 1054 568 1045 563 1043 562 1043 518 1042 517 1042 516 1042 515 1042 513 1044 498 1054 380 1054 356 1043 355 1043 354 1043 303 1052 282 1042 281 1042 280 1042 279 1042 254 1050 223 1040 222 1080 221 1090"/></Shape>
	    <String CONTENT="leurs partages. Car puis qu’ainſi eſt, que"
                    HPOS="221.0"
                    VPOS="1040.0"
                    WIDTH="773.0"
                    HEIGHT="66.0"
                    WC="0.9961880544821421"></String>
          </TextLine>
          <TextLine ID="line_20"
                    TAGREFS="LT8"
                    BASELINE="222 1131 994 1134" 
                    HPOS="221.0"
                    VPOS="1097.0"
                    WIDTH="773.0"
                    HEIGHT="54.0">
            <Shape><Polygon POINTS="222 1131 221 1140 331 1141 345 1148 346 1148 347 1148 387 1142 388 1142 397 1149 398 1149 399 1149 400 1149 432 1142 435 1142 437 1142 480 1150 481 1151 568 1151 568 1150 569 1150 585 1144 604 1150 605 1150 606 1150 993 1146 994 1134 993 1100 222 1097 222 1131"/></Shape>
	    <String CONTENT="l’aſſemblee du peuple, &amp; le conſeil general"
                    HPOS="221.0"
                    VPOS="1097.0"
                    WIDTH="773.0"
                    HEIGHT="54.0"
                    WC="0.9996004132337348"></String>
          </TextLine>
          <TextLine ID="line_21"
                    TAGREFS="LT8"
                    BASELINE="222 1179 993 1183" 
                    HPOS="221.0"
                    VPOS="1143.0"
                    WIDTH="772.0"
                    HEIGHT="57.0">
            <Shape><Polygon POINTS="222 1179 221 1196 267 1197 268 1197 269 1197 271 1196 284 1191 350 1196 368 1197 369 1197 414 1196 523 1192 533 1195 541 1198 542 1198 607 1199 608 1199 857 1194 878 1194 879 1194 890 1200 891 1200 892 1200 893 1200 992 1193 993 1183 992 1156 911 1146 910 1146 909 1146 908 1146 897 1155 896 1156 850 1156 848 1155 834 1146 833 1146 799 1145 798 1145 797 1145 774 1154 774 1155 609 1155 607 1154 595 1146 594 1146 593 1146 565 1152 549 1144 548 1144 504 1144 503 1144 502 1144 474 1152 459 1144 458 1144 457 1144 456 1144 430 1150 392 1143 391 1143 355 1149 318 1143 317 1143 282 1151 271 1143 270 1143 269 1143 240 1143 239 1143 237 1143 222 1150 222 1179"/></Shape>
	    <String CONTENT="des eſtats de la France, auoyent ſouueraine"
                    HPOS="221.0"
                    VPOS="1143.0"
                    WIDTH="772.0"
                    HEIGHT="57.0"
                    WC="0.9933859733648078"></String>
          </TextLine>
          <TextLine ID="line_22"
                    TAGREFS="LT8"
                    BASELINE="222 1231 993 1233" 
                    HPOS="222.0"
                    VPOS="1195.0"
                    WIDTH="771.0"
                    HEIGHT="52.0">
            <Shape><Polygon POINTS="222 1231 222 1247 992 1247 993 1233 992 1206 864 1206 863 1205 851 1196 850 1196 849 1196 764 1196 763 1196 762 1196 739 1204 711 1196 710 1196 709 1196 708 1196 707 1196 693 1205 691 1206 619 1206 616 1205 583 1195 582 1195 504 1195 503 1195 502 1195 473 1204 472 1205 432 1205 431 1204 420 1197 419 1197 418 1197 417 1197 416 1197 397 1204 396 1205 336 1205 335 1204 325 1195 324 1195 323 1195 296 1195 295 1195 294 1195 293 1195 281 1204 222 1204 222 1231"/></Shape>
	    <String CONTENT="puiſſance, non ſeulement de donner, mais"
                    HPOS="222.0"
                    VPOS="1195.0"
                    WIDTH="771.0"
                    HEIGHT="52.0"
                    WC="0.9979889482259751"></String>
          </TextLine>
          <TextLine ID="line_23"
                    TAGREFS="LT8"
                    BASELINE="222 1278 993 1282" 
                    HPOS="221.0"
                    VPOS="1239.0"
                    WIDTH="772.0"
                    HEIGHT="60.0">
            <Shape><Polygon POINTS="222 1278 221 1288 253 1297 254 1297 286 1290 297 1296 298 1296 299 1296 395 1290 414 1298 415 1298 416 1298 460 1292 468 1298 469 1298 470 1298 471 1298 640 1292 652 1299 653 1299 654 1299 655 1299 741 1292 775 1299 776 1299 808 1294 857 1294 863 1299 864 1299 865 1299 866 1299 867 1299 884 1294 992 1294 993 1282 991 1251 891 1252 882 1250 850 1242 849 1242 798 1242 797 1242 796 1242 778 1250 776 1251 775 1250 763 1241 762 1241 761 1241 724 1241 723 1241 722 1241 721 1241 706 1250 703 1252 688 1252 683 1250 658 1241 657 1241 656 1241 620 1244 619 1244 618 1244 611 1250 608 1251 552 1251 550 1249 535 1240 534 1240 533 1240 517 1240 516 1240 515 1240 478 1249 473 1250 470 1249 456 1243 455 1243 454 1243 418 1246 392 1241 391 1241 390 1241 376 1246 356 1239 355 1239 354 1239 222 1248 222 1278"/></Shape>
	    <String CONTENT="auſsi d’oſter la dignité Royale, il faut tirer"
                    HPOS="221.0"
                    VPOS="1239.0"
                    WIDTH="772.0"
                    HEIGHT="60.0"
                    WC="0.9891881879339827"></String>
          </TextLine>
          <TextLine ID="line_24"
                    TAGREFS="LT8"
                    BASELINE="223 1329 993 1334" 
                    HPOS="222.0"
                    VPOS="1289.0"
                    WIDTH="771.0"
                    HEIGHT="57.0">
            <Shape><Polygon POINTS="223 1329 222 1338 291 1345 292 1346 346 1346 346 1345 347 1345 348 1345 356 1340 357 1340 415 1346 416 1346 992 1345 993 1334 993 1304 971 1295 970 1295 878 1295 877 1295 876 1295 875 1295 865 1301 857 1306 787 1306 773 1300 761 1295 760 1295 759 1295 758 1295 746 1299 725 1294 724 1294 723 1294 722 1294 721 1294 714 1299 704 1305 628 1300 627 1300 533 1304 492 1304 473 1294 469 1291 468 1291 467 1291 466 1291 458 1294 422 1304 378 1304 335 1303 310 1290 309 1290 308 1290 307 1290 302 1290 261 1296 223 1289 223 1329"/></Shape>
	    <String CONTENT="de là vne conſequence neceſſaire, c’eſt à ſca"
                    HPOS="222.0"
                    VPOS="1289.0"
                    WIDTH="771.0"
                    HEIGHT="57.0"
                    WC="0.9825999533876459"></String>
          </TextLine>
          <TextLine ID="line_25"
                    TAGREFS="LT8"
                    BASELINE="222 1377 991 1380" 
                    HPOS="221.0"
                    VPOS="1342.0"
                    WIDTH="770.0"
                    HEIGHT="58.0">
            <Shape><Polygon POINTS="222 1377 221 1389 257 1397 258 1397 259 1397 277 1391 294 1397 295 1397 296 1399 363 1399 363 1397 364 1397 385 1391 404 1397 405 1397 406 1397 407 1397 421 1391 422 1391 436 1396 437 1396 438 1396 439 1396 453 1391 455 1391 568 1391 570 1392 587 1399 588 1399 589 1399 685 1393 694 1393 699 1393 746 1400 747 1400 748 1400 759 1394 762 1393 821 1393 825 1394 837 1400 838 1400 839 1400 990 1395 991 1380 987 1343 968 1348 962 1343 961 1343 960 1343 889 1343 888 1343 887 1343 885 1343 885 1344 878 1349 873 1345 872 1345 871 1345 870 1345 839 1352 812 1344 808 1343 807 1343 806 1343 805 1343 799 1344 765 1354 736 1354 720 1345 713 1342 712 1342 711 1342 696 1345 672 1351 659 1346 651 1342 650 1342 557 1342 556 1342 555 1342 554 1342 549 1347 540 1352 467 1352 457 1347 442 1342 441 1342 440 1342 439 1342 421 1348 408 1351 222 1350 222 1377"/></Shape>
	    <String CONTENT="uoir, que cela conſiſtoit auſsi en la puiſſan¬"
                    HPOS="221.0"
                    VPOS="1342.0"
                    WIDTH="770.0"
                    HEIGHT="58.0"
                    WC="0.9959534924963246"></String>
          </TextLine>
          <TextLine ID="line_26"
                    TAGREFS="LT8"
                    BASELINE="222 1427 992 1430" 
                    HPOS="221.0"
                    VPOS="1391.0"
                    WIDTH="771.0"
                    HEIGHT="57.0">
            <Shape><Polygon POINTS="222 1427 221 1439 315 1440 323 1447 324 1447 325 1447 326 1448 456 1448 456 1447 457 1447 471 1441 472 1441 473 1441 480 1446 481 1446 482 1446 594 1448 595 1448 596 1448 608 1443 616 1448 617 1448 618 1448 619 1448 991 1445 992 1430 991 1402 905 1392 904 1392 903 1392 902 1392 890 1401 888 1403 854 1403 847 1401 807 1392 806 1392 805 1392 787 1401 785 1402 782 1401 771 1392 770 1392 769 1392 768 1392 767 1392 753 1400 735 1391 734 1391 685 1391 684 1391 683 1391 659 1401 657 1402 624 1402 622 1401 598 1391 597 1391 596 1391 566 1397 559 1391 558 1391 557 1391 556 1391 527 1396 501 1391 500 1391 499 1391 498 1391 487 1400 485 1401 440 1401 439 1400 430 1391 429 1391 428 1391 427 1391 426 1391 410 1399 362 1391 361 1391 360 1391 330 1400 328 1401 305 1401 304 1400 294 1392 293 1392 292 1392 291 1392 290 1392 277 1400 276 1400 222 1400 222 1427"/></Shape>
	    <String CONTENT="ce du peuple, de faire part de la ſucceſsion"
                    HPOS="221.0"
                    VPOS="1391.0"
                    WIDTH="771.0"
                    HEIGHT="57.0"
                    WC="0.9993506561626088"></String>
          </TextLine>
          <TextLine ID="line_27"
                    TAGREFS="LT8"
                    BASELINE="222 1477 989 1482" 
                    HPOS="221.0"
                    VPOS="1441.0"
                    WIDTH="768.0"
                    HEIGHT="57.0">
            <Shape><Polygon POINTS="222 1477 221 1486 260 1494 376 1495 377 1495 378 1495 398 1490 438 1495 439 1495 440 1495 456 1489 465 1495 466 1495 467 1495 529 1496 530 1496 574 1490 648 1496 649 1496 678 1490 704 1497 705 1497 706 1497 755 1491 863 1491 881 1498 882 1498 883 1498 884 1498 899 1492 987 1492 989 1482 987 1456 847 1456 840 1453 819 1445 817 1445 751 1445 749 1445 748 1445 737 1451 730 1454 648 1454 637 1449 635 1448 634 1448 633 1448 627 1448 598 1452 560 1447 527 1443 526 1443 506 1446 471 1452 460 1445 459 1444 458 1444 457 1444 456 1444 446 1445 391 1452 359 1443 358 1443 357 1443 356 1443 355 1443 354 1443 331 1451 222 1441 222 1477"/></Shape>
	    <String CONTENT="à tous, &amp; autant à l’vn comme à l’autre: ou,"
                    HPOS="221.0"
                    VPOS="1441.0"
                    WIDTH="768.0"
                    HEIGHT="57.0"
                    WC="0.9818334757013524"></String>
          </TextLine>
          <TextLine ID="line_28"
                    TAGREFS="LT8"
                    BASELINE="222 1526 991 1530" 
                    HPOS="222.0"
                    VPOS="1487.0"
                    WIDTH="769.0"
                    HEIGHT="72.0">
            <Shape><Polygon POINTS="222 1526 222 1550 260 1545 268 1550 273 1554 274 1554 275 1554 276 1554 277 1554 293 1550 294 1550 296 1550 316 1556 317 1556 318 1557 385 1557 385 1556 386 1556 387 1556 396 1550 399 1547 406 1549 412 1551 413 1551 414 1551 415 1551 420 1549 432 1545 539 1549 607 1551 608 1551 629 1548 648 1546 668 1547 669 1548 682 1558 683 1558 684 1558 799 1559 800 1559 801 1559 837 1547 859 1547 891 1547 892 1547 900 1554 901 1554 902 1554 941 1556 942 1556 990 1546 991 1530 990 1495 962 1491 961 1491 960 1491 951 1494 934 1502 881 1502 874 1496 873 1496 872 1496 871 1496 848 1498 840 1493 838 1491 837 1491 836 1491 835 1491 826 1493 800 1499 789 1492 787 1491 786 1491 785 1491 783 1491 782 1491 781 1491 780 1492 767 1501 745 1501 727 1492 726 1492 725 1492 724 1492 680 1500 667 1491 666 1490 665 1490 664 1490 629 1490 628 1490 627 1490 625 1491 605 1500 560 1500 543 1490 542 1489 541 1489 540 1489 539 1489 531 1490 499 1494 490 1489 489 1489 488 1489 487 1489 486 1489 485 1489 453 1499 428 1489 427 1489 426 1489 425 1489 397 1498 352 1489 351 1489 350 1489 325 1499 296 1499 268 1488 267 1488 222 1487 222 1526"/></Shape>
	    <String CONTENT="ſi bon luy ſembloit, de ne la deferer qu’à"
                    HPOS="222.0"
                    VPOS="1487.0"
                    WIDTH="769.0"
                    HEIGHT="72.0"
                    WC="0.9945772220922071"></String>
          </TextLine>
        </TextBlock>
        <TextBlock HPOS="921.0"
                   VPOS="1555.0"
                   WIDTH="68.0"
                   HEIGHT="42.0"
                   ID="block_4"
                   TAGREFS="BT17">
          <Shape><Polygon POINTS="989 1555 989 1597 921 1597 923 1555"/></Shape>
          <TextLine ID="line_29"
                    TAGREFS="LT8"
                    BASELINE="921 1582 986 1582" 
                    HPOS="921.0"
                    VPOS="1550.0"
                    WIDTH="65.0"
                    HEIGHT="52.0">
            <Shape><Polygon POINTS="921 1602 986 1599 986 1582 986 1557 956 1550 955 1550 953 1550 940 1554 933 1556 922 1553 921 1582 921 1602"/></Shape>
	    <String CONTENT="vn,"
                    HPOS="921.0"
                    VPOS="1550.0"
                    WIDTH="65.0"
                    HEIGHT="52.0"
                    WC="0.9997785290082296"></String>
          </TextLine>
        </TextBlock>
      </PrintSpace>
    </Page>
  </Layout>
</alto>
