1023 1853
186.0 56.0 443.0 57.0 FRANCOISE.

751.0 51.0 43.0 62.0 73

33.0 132.0 765.0 41.0 vn, & en ex clurre tous ſes autres. Et ſur ce

35.0 157.0 764.0 65.0 propos, il ſe forme vne nouuelle queſtion: à

31.0 207.0 769.0 67.0 ſcauoir, ſi le peuple ayant deietté le fils du

36.0 260.0 762.0 63.0 Roy defunct, en choiſiſſoit vn autre pour

33.0 305.0 767.0 68.0 luy ſucceder à la couronne, que c’eſt qu’on

32.0 358.0 767.0 62.0 luy laiſſoit, ou aſsignoit pour entretenir

33.0 405.0 765.0 63.0 ſon eſtat. Ainſi donc pour bien eſclarcir ce¬

33.0 455.0 768.0 61.0 cy, il faut entendre, que des choſes, qui ſont

35.0 503.0 765.0 62.0 en la poſſeſsion du Roy, les Iuriſconſultes

36.0 555.0 765.0 61.0 en mettent quatre eſpeces: c’eſt à ſcauoir

37.0 606.0 764.0 59.0 (ainſi comme ils parlẽt en termes de Droit)

37.0 652.0 766.0 61.0 les droits de Cæſar, les droits du fiſc, les

38.0 706.0 766.0 59.0 biens publiques, & les biens particuliers.

40.0 753.0 764.0 60.0 Les droits de Cæſar s’appellent, les biens

39.0 803.0 766.0 60.0 qui ſont du propre patrimoine de chaſque

40.0 854.0 766.0 57.0 Prince, non pas le prenant en qualité de

40.0 901.0 768.0 57.0 Prince, mais entant qu’il eſt ſeulement ou

40.0 950.0 767.0 57.0 Loys, ou Lothaire, ou Dagobert, c’eſt à di¬

40.0 1000.0 769.0 63.0 re, perſonne particuliere. Ce patrimoine ſe

40.0 1050.0 770.0 60.0 nomme le Domaine du Roy par les couſtu

41.0 1099.0 768.0 61.0 mes de France, & ne ſe peut aliener ſans le

41.0 1146.0 769.0 63.0 conſentemẽt des eſtats: ainſi qu’il ſera trai¬

43.0 1200.0 766.0 57.0 té cy apres. Les biens du fiſc, ce ſont ceux,

43.0 1247.0 770.0 64.0 qui ſont aſsignez au Roy, par la volonté du

43.0 1302.0 767.0 58.0 peuple, en partie, pour auoir dequoy entre¬

44.0 1348.0 769.0 59.0 tenir ſon eſtat, en partie auſsi pour ſubuenir

44.0 1400.0 771.0 56.0 aux ſoudaines occurrences des affaires de

43.0 1446.0 771.0 61.0 la choſe publique. Les biens publiques, ce

43.0 1499.0 771.0 66.0 ſont ceux, qui appartienent en proprieté au

621.0 1559.0 72.0 57.0 e 5
