1023 1853
257.0 73.0 76.0 42.0 74

383.0 50.0 500.0 61.0 DE LA GAVLE

254.0 141.0 757.0 35.0 Royaume & à la choſe publique. Les biens

254.0 167.0 753.0 59.0 particuliers, qui ſont en la poſſeſsion & diſ¬

254.0 218.0 755.0 57.0 poſition de chaſque pere de famille. Ainſi

252.0 267.0 753.0 56.0 donques, quand il aduient qu’vn Roy dece¬

252.0 316.0 757.0 58.0 de, qui laiſſe des enfans apres ſoy, ſi la ſucceſ

249.0 363.0 760.0 61.0 ſion du Royaume eſt trãſportee à vn eſtran¬

250.0 416.0 757.0 59.0 ger, les biens qui ſont proprement du patri¬

249.0 466.0 758.0 57.0 moine de Roy, & qui ſont venus de ſon pro

251.0 515.0 758.0 56.0 pre & ancien eſtoc, doyuent eſtre laiſſez à

249.0 564.0 760.0 56.0 ſes enfans par droit de ſucceſsion heredi¬

249.0 613.0 758.0 59.0 taire. Quant eſt à ceux, qui ſont des appar

248.0 663.0 758.0 58.0 tenances du Royaume & de la Republique,

249.0 714.0 759.0 58.0 attendu qu’ils ſont dependans de la couron

247.0 763.0 760.0 54.0 ne, comme les membres du corps, il les faut

247.0 812.0 757.0 58.0 neceſſairement deferer à celuy là meſmes,

247.0 863.0 760.0 56.0 auquel on defere le Royaume. Il eſt bien

247.0 913.0 754.0 56.0 vray, que par droite raiſon, & ſuyuant l’e¬

245.0 960.0 757.0 59.0 quité en l’aſſemblee generale des Eſtats,

244.0 1011.0 761.0 57.0 doyuent eſtre aſsignees quelques Duchez

242.0 1059.0 760.0 58.0 & Contez aux enfans du feu Roy, pour en¬

241.0 1110.0 765.0 59.0 tretenir honorablement leur eſtat. Ce qui

239.0 1158.0 766.0 59.0 fut pratiqué par le Roy Dagobert fils de

240.0 1207.0 761.0 58.0 Lothaire, ainſi qu’eſcriuent Otton Friſing.

243.0 1255.0 761.0 60.0 5. Chro.9. chap. & Godefroy de Viter. Car

240.0 1305.0 764.0 60.0 luy eſtant eſtably Roy, donna à ſon frere

239.0 1356.0 765.0 60.0 Heribert certaines villes & villages, aupres

235.0 1406.0 767.0 58.0 de la riuiere de Loire, pour Apanage & pro

236.0 1457.0 767.0 54.0 uiſion. Et adiouſte à cela Aimoinus au 4.

236.0 1508.0 765.0 63.0 liu. chap.17. Que cela luy fut donné moyen¬

912.0 1564.0 92.0 47.0 nant
