1000 1671
137.0 90.0 163.0 40.0 M. D.LXXIIII

495.0 89.0 279.0 53.0 Eſtat de France

274.0 147.0 669.0 38.0 qu’ils ne peuuent aſſez à leur gré honnorer tout ce our

275.0 172.0 664.0 46.0 luy touche. Iuſtin dit que ceux de Calcedone, leur Roy

273.0 206.0 668.0 38.0 mort, furent vaincus. Lors ils prindrent vn petit en fant

275.0 236.0 666.0 45.0 qu’il auoit laiſſé, & le porterent en bataille, là où ils ob¬

274.0 267.0 665.0 43.0 tindrẽt la victoire. Telles affections à la verité ſurpaſſent

276.0 300.0 340.0 43.0 la filiale en pluſieurs parties.

305.0 336.0 635.0 38.0 Ie vien donc à ce propos, que les roys doiuent atten¬

275.0 362.0 666.0 44.0 dre du contraire le contraire, ainſi que diuerſes choſes

276.0 394.0 665.0 44.0 produiſent diuers effects: car quicõques a obtenu la puiſ

274.0 426.0 664.0 42.0 ſance par ſe faire contraindre il eſt infailliblement hay:

275.0 462.0 663.0 39.0 & quiconques l’eſt, ne dure gueres, car crainte eſt vne

274.0 491.0 664.0 42.0 treſmauuaiſe garde de louange & de domination com¬

274.0 521.0 665.0 40.0 me on dit. Mais amour eſt ſouuerain conſeruateur de

275.0 552.0 665.0 40.0 I’vne & de l’autre. Il faut auſſi que le prince ſe ſentant

276.0 584.0 663.0 41.0 venu de parens excellẽs face rapport de la vertu de ceux

274.0 615.0 666.0 43.0 dont il eſt deſcendu à celle de ceux qui l’enuironnent

274.0 647.0 664.0 42.0 & conſeillent, pour voir ſi en ſuiuant leur conſeil il ne

276.0 683.0 274.0 38.0 ſera point degenerant.

134.0 696.0 135.0 45.0 Deux ſortes

133.0 729.0 136.0 43.0 de corruptiõ

133.0 767.0 132.0 41.0 es royaumes.

305.0 715.0 633.0 33.0 Deux manieres de corruption ſont donc couſtumie¬

275.0 742.0 662.0 38.0 res d’eſchoir aux royaumes: aſauoir quand les grãds ſont

272.0 773.0 665.0 40.0 malcontans & meſpriſez & qu’ils s’eſleuent pour deſpe

272.0 806.0 665.0 39.0 cer & en emporter leur part: & l’autre, quand le Roy ſe

273.0 839.0 664.0 41.0 veut rendre ſeigneur de plus que les loix equitables ne

271.0 868.0 666.0 43.0 luy concedent, & que le peuple inſtruit par la neceſſité

272.0 901.0 665.0 43.0 ſaute d’vne ſeruitude trop grande en vne puiſſance ex¬

272.0 934.0 665.0 38.0 cedãt ce qui luy appartient. Le remede que tiẽnent ceux

272.0 961.0 663.0 44.0 qui veulent tyrãniſer en cela c’eſt de faire perir les grãds

273.0 1000.0 663.0 34.0 par quelque maniere que ce ſoit, & tenir par menees le

273.0 1025.0 662.0 42.0 peuple en eſtat qu’il ne puiſſe ſe reſſentir ne venir à ſedi¬

272.0 1057.0 664.0 41.0 tion, au lieu d’vſer des vertus politiques & d’vne iuſtice

271.0 1089.0 664.0 37.0 diſtributiue par bonne eſgalité, qui retient chaſcun en

271.0 1122.0 664.0 35.0 ſon office & degré, ſucçant chaſcun auec proportiõ con

269.0 1152.0 666.0 39.0 uenable du laict des mammelles de la mere commune

268.0 1184.0 667.0 40.0 ſans venir à l’enuie pour le trop ou trop peu. Bien eſt

269.0 1214.0 665.0 40.0 vray que s’il s’eſleuoit ſedition & que les ſuiets ſe trou¬

268.0 1246.0 667.0 43.0 uaſſent veritablement rebelles le prince pourroit lors

267.0 1279.0 668.0 42.0 legitimement augmenter ſa puiſſance, mais pour vn

267.0 1308.0 666.0 44.0 temps ſeulement, & autant que l’exemple de la punitiõ

268.0 1342.0 666.0 41.0 pourroit profiter aux autres, & non toutesfois auec tel¬

267.0 1373.0 667.0 52.0 le ſeuerité que cela tinſt de la tyrannie. Car la puiſſance

883.0 1410.0 51.0 53.0 qui
