1000 1671
68.0 154.0 662.0 42.0 I'entrepreneur (qui s’appuye ſur vne bonne conſcience)

69.0 181.0 663.0 46.0 tellement aueree, qu’il en ſera pluſtoſt loué que puni.

68.0 211.0 665.0 48.0 Bien peut on dire en general que la perſonne priuee ne

69.0 246.0 664.0 44.0 doit attenter à la perſonne du prince: Mais vn tel y peut

70.0 275.0 666.0 46.0 eſtre pouſſé auec cauſe & regards ſi vrgens qu’en ce cas

69.0 309.0 667.0 45.0 il n’eſt plus prité, ni le prince n’eſt plus prince, encorque

69.0 338.0 670.0 46.0 il en porte le titre & occupe le lieu. Car vn tyran eſt coi

72.0 372.0 665.0 42.0 uaincu par les loix fainctes & equitables, condamné par

72.0 400.0 666.0 44.0 le ſerment fait au peuple qu’il viole, & auſſi tacitement

72.0 434.0 667.0 45.0 par la voix de la muſtitude qui eſt oppreſſee contre le

71.0 467.0 321.0 41.0 droit equitable & naturel.

248.0 101.0 299.0 50.0 Sous Charles Ix.

102.0 505.0 643.0 36.0 Hector Boëtius chroniqueur des Eſcoſſois dit que

72.0 529.0 667.0 42.0 quãd iceux eſleurent leur premier Roy, ce fut ſous les cõ

73.0 562.0 665.0 43.0 uenances qui ſont deſcrites & conſeruees en vnlieu que

72.0 593.0 667.0 45.0 ils appellent la Cartophilace des roys, où il eſt ditque les

75.0 626.0 665.0 37.0 roys ne ſe doyuent ingerer d’attenter aucune domina¬

75.0 655.0 665.0 40.0 tion plus ample que celle qui leur eſt là concedee: & que

75.0 686.0 665.0 41.0 quãd ils ſont appellez par les eſtats à rendre raiſon de ce

75.0 717.0 666.0 39.0 qu’on leur imputera au contraire, qu’ils aiẽt à y cõparoi

76.0 750.0 665.0 44.0 ſtre cõme particuliers, pour eſtre là ouys & iugez de leur

75.0 783.0 666.0 43.0 fait. Et que s’il auient que par multitude de fauteurs ils

77.0 813.0 664.0 43.0 s’exemptent de ſubir telle iuriſdiction ils acceptẽt que

77.0 845.0 664.0 38.0 vn particulier en face la vengeance, & tue le Roy, ſans

78.0 880.0 664.0 38.0 que pour cela il en puiſſe eſtre repris. Là deſſus pluſieurs

77.0 912.0 666.0 35.0 roys y ont eſté executez tant par les eſtats, par voye pu¬

79.0 941.0 664.0 41.0 blique & ordinaire, que par des particuliers fondez ſur

79.0 971.0 665.0 38.0 la loy des ſuſdites conuentions. Dira-on que ce ſont re¬

78.0 1005.0 668.0 41.0 bellions & parricides? Cela ne ſe peut inferer. I’allegue

81.0 1034.0 666.0 41.0 particulierement ceſt exẽple appropriant ce droit à ceux

81.0 1066.0 666.0 37.0 de ceſte natiõ là, qui cõpete naturellement neantmoins

80.0 1100.0 666.0 38.0 à tous autres peuples auſſi, qui ſont capables du bien de

80.0 1134.0 666.0 38.0 liberté. Car entre tous les princes & leurs peuples il y a

81.0 1164.0 665.0 38.0 conuenances reciproques & meſmes preſupoſees, enco¬

79.0 1194.0 668.0 38.0 res qu’elles ne ſoyẽt eſcrites: & quand par le prince ſoût

82.0 1222.0 666.0 41.0 violees & du tout rẽuerſees, tel delict diſpẽſe les peuples

80.0 1257.0 671.0 37.0 de leur ſuietion. Car cela eſt entẽdu par le droït na turel

83.0 1287.0 668.0 42.0 & des gẽs, ſans plus particuliere expreſſiõ des cõuenãces.

665.0 94.0 67.0 54.0 22

760.0 1311.0 88.0 60.0 Rom. 13.

110.0 1325.0 639.0 35.0 Sainct Paul, dit on, deffend qu’õ ne s’eſleue cõtre Ne

81.0 1351.0 666.0 38.0 ron, mais il parloit à des particuliers & nouices en la re¬

82.0 1383.0 668.0 46.0 bgion chreſtienne qui n’auoiẽt pas encores tãt prouſité

553.0 1421.0 66.0 42.0 DD
