1000 1671
45.0 144.0 669.0 50.0 torité, comme en Lacedemone il faiſoit: mais encores

41.0 176.0 666.0 46.0 qu’il luy ſoit plus permis aux choſes ciuiles qu’à ceſtuyj

41.0 210.0 667.0 51.0 là, ſi eſt-ce que hors cela il n’a pas plaine puiſſance ſur

45.0 242.0 670.0 48.0 tout, ains ſeulement au deſſous des loix generales du

44.0 276.0 672.0 46.0 pays. Aux guerres on eſt contraint d’vſer ſouuent de

43.0 306.0 674.0 42.0 ſommaire procedure & abregee execution, à cauſe du

44.0 337.0 672.0 48.0 temps, des lieux & des afaires: mais les royaumes eſquels

44.0 369.0 672.0 46.0 les Roys vſent de ceſte forme de iuſtice en police ciuile

44.0 401.0 671.0 48.0 ſe peuuent dire Barbarins & ſont tyranniques. Or ces

45.0 433.0 670.0 46.0 royaumes Barbarins ſont gouuernez par loix paternel¬

45.0 465.0 671.0 46.0 les, c’eſt à dire ſuiuant la ſuiettion à laquelle ont eſté re¬

46.0 498.0 670.0 44.0 duits les peres par leurs princes deuanciers: ce qui leur

47.0 531.0 667.0 40.0 eſt auenu à cauſe des mœurs rudes & barbares d’iceux,

46.0 560.0 669.0 45.0 comme eſtans de ſeruile nature, & pourtãt ſupportoyẽt

45.0 593.0 669.0 44.0 ſans faſcherie la principauté deſpotique, qui eſt vne do¬

46.0 622.0 669.0 45.0 mination ſur des ſerfs. Ainſi ce ſont gens reduits en la

46.0 654.0 669.0 46.0 plus mi ſerable des ſeruitudes, qui eſt la volontaire, ſi¬

47.0 686.0 667.0 45.0 gnifiant vn meſchant & laſche naturel qui ne peut va¬

48.0 716.0 648.0 45.0 quer à vertu ni gouſter le bien de conuenable liberté.

73.0 750.0 637.0 43.0 Pour bien pouruoir donc à vn royaume il faut auiſer

47.0 782.0 660.0 40.0 que toutes puiſſances ſoyent bridees par la raiſon ten¬

47.0 809.0 664.0 45.0 dante à l’vtilité publicque & duree de la police: car les

47.0 846.0 661.0 41.0 changemens ſont touſiours dangereux. Mais auant

49.0 876.0 665.0 44.0 que de parler du danger de la puiſſance du prince, il

48.0 907.0 666.0 46.0 faut regarder à dire quelque choſe des inconueniens

50.0 939.0 663.0 45.0 qui viennent de donner trop de puiſſance à vn peuple.

46.0 970.0 666.0 44.0 Et premierement, la neceſſité qui a enſeigné qu’il faut

47.0 1003.0 660.0 42.0 qu’il marche ſous la conduite des ſuperieurs monſtre

46.0 1032.0 659.0 45.0 qu’il eſt inhabile à ſe gouuerner ſoymeſme. Seconde¬

50.0 1065.0 658.0 43.0 ment, faut conſiderer que la multitude qui eſt entrete¬

46.0 1094.0 669.0 48.0 nue en bas degré, ſi elle preſume deuoir controller le

46.0 1128.0 662.0 42.0 ſouuerain quand il luy plaira, elle ne ſe contiendra ia¬

45.0 1159.0 667.0 45.0 mais en la modeſtie requiſe, ains vſera de ceſte inſolẽce

47.0 1192.0 662.0 46.0 peculiere aux ignorãs. Au ſurplus la facilité y eſt grãde à

45.0 1223.0 666.0 45.0 ſe laiſſer aller aux flateurs du peuple qui les font eſleuer

46.0 1256.0 664.0 42.0 & murmurer quand vn cuider leur eſleue le cœur. C’eſt

46.0 1288.0 660.0 46.0 pourquoy on dit vn peuple eſtre origine d’erreur (ce qui

46.0 1319.0 660.0 42.0 s’ẽtẽd de la tourbe beſtiale &de la lie de la populace) que

45.0 1350.0 664.0 42.0 il n’a diſcretion ne diligence & que ce mõſtre qui a tant

45.0 1385.0 665.0 47.0 de teſtes a acouſtumé de mal reconoiſtre lesbiẽfaicteurs

721.0 162.0 129.0 60.0 Ariſt, polit.

717.0 207.0 69.0 60.0 3cha¬

724.0 722.0 115.0 63.0 Moyen de

718.0 775.0 131.0 43.0 biẽ pouruoir

720.0 811.0 128.0 43.0 à vn royau¬

721.0 843.0 35.0 48.0 me.

708.0 1093.0 114.0 42.0 ſoymeſme.

218.0 96.0 300.0 51.0 Sous Charles 1x.

639.0 103.0 74.0 42.0 162

714.0 989.0 133.0 46.0 Le peuple in

714.0 1023.0 113.0 36.0 habile à ſe

716.0 1060.0 108.0 38.0 gouuerner

715.0 1274.0 135.0 39.0 Ariſtot. au

714.0 1310.0 136.0 40.0 12. de la me¬

715.0 1337.0 73.0 61.0 taphſ.

533.0 1414.0 77.0 52.0 X 2
