1000 1671
62.0 149.0 663.0 46.0 contenus ſous l’erection de ceſte monarchie là, choſe

60.0 177.0 665.0 52.0 qui ne compete aux autres puiſſances leſquelles ont cha

60.0 208.0 667.0 51.0 cune leurs couſtumes à part. I’auoue cela pour l’eſgard

60.0 240.0 667.0 51.0 des couſtumes politiques, qui ſont ſuiettes aux circon¬

62.0 272.0 666.0 50.0 ſtances des temps, des lieux & des perſonnes, & en ce

64.0 304.0 663.0 47.0 que le royaume des Iuifs auoit des choſes qui luy e¬

62.0 336.0 667.0 46.0 ſtoyent ſpeciales: mais ie maintien que ceſtuy là & tous

63.0 367.0 665.0 49.0 autres & toutes principautez de quelque police qu’elles

64.0 399.0 665.0 48.0 ſoyent ont leur fondement ſur la iuſtice & equité na¬

735.0 414.0 125.0 63.0 Timotha.

62.0 433.0 663.0 41.0 turelle, & que leur but eſt que Dieu ſoit honoré & que

64.0 460.0 664.0 51.0 l’vtilité publique ſoit conſeruee, pour viure tranquille¬

64.0 493.0 666.0 46.0 ment en toute pieté & honneſteté. Car Dieu eſt auteur

63.0 523.0 665.0 50.0 de ceſte ſocieté humaine & conſeruateur d’icelle. Ie dy

64.0 557.0 667.0 50.0 auſſi que pour auoir vn patron & reigle treſcertaine

65.0 590.0 667.0 49.0 pour venir à ces fins, il la faut pluſtoſt prendre en ce gou

66.0 620.0 668.0 50.0 uernement auquel Dieu a eſté le legiſlateur & qui l’a

67.0 651.0 665.0 51.0 immediatement dreſſé & roiglé, qu’en celuy de Lycur¬

69.0 685.0 471.0 47.0 gus, de Solon, de Romulus ou d’autres.

249.0 100.0 296.0 57.0 Sous Charles ix.

665.0 106.0 7.0 35.0 1

99.0 721.0 634.0 40.0 C’eſt ce qu’il me ſemble que les ſuſdites propoſitions

66.0 741.0 668.0 51.0 requierent de reſponce pour monſtrer que la puiſſance

69.0 775.0 664.0 50.0 eſt de Dieu, donnee des le commencement comme cho

67.0 805.0 667.0 53.0 ſe neceſſaire, & qu’elle ſe maintient par ſa volonté: au¬

69.0 840.0 667.0 50.0 trement vne multitude infinie ne ſe rangeroit pas ſous

71.0 872.0 664.0 47.0 vn homme pour luy obeir. Il faut donc pour bien iu¬

71.0 903.0 664.0 48.0 ger du ſens de ceſte diſpute diſtinguer entre trois ſor¬

71.0 936.0 664.0 47.0 tes de ſuiettion: l’vne qui eſt l’œconomique, l’autre la

71.0 967.0 665.0 48.0 politique, & l’autre la deſpotique ou ſeigneuriale. La

71.0 997.0 663.0 51.0 premiere eſt naturelle. La ſeconde eſt donnee pour l’v¬

69.0 1035.0 666.0 42.0 nion de pluſieurs œconomies: & la tierce eſt pour puni¬

71.0 1062.0 663.0 45.0 tion. Icelles eſtans bien entendues & non confondues,

71.0 1093.0 662.0 56.0 on ſera tant mieux reſolu de la raiſon & verité du diſ¬

72.0 1132.0 221.0 49.0 cours qui s’enſuit.

740.0 703.0 116.0 39.0 Concluſion

733.0 740.0 127.0 36.0 des diſcours

736.0 773.0 134.0 35.0 precedens &

736.0 802.0 138.0 37.0 ſommaire de

741.0 835.0 132.0 45.0 ce qui s'ẽſuit
