<?xml version="1.0" encoding="UTF-8"?>
<alto xmlns:xsi="http://www.w3.org/2001/XMLSchema-instance"
      xmlns="http://www.loc.gov/standards/alto/ns-v4#"
      xsi:schemaLocation="http://www.loc.gov/standards/alto/ns-v4# http://www.loc.gov/standards/alto/v4/alto-4-2.xsd">
  <Description>
    <MeasurementUnit>pixel</MeasurementUnit>
    <sourceImageInformation>
      <fileName>1_Discours_politiques_des_diverses_puissances_067.jpg</fileName>
    </sourceImageInformation>
  </Description>
  <Tags>
    <OtherTag ID="BT7" LABEL="CustomZone" DESCRIPTION="block type CustomZone"/><OtherTag ID="BT8" LABEL="DamageZone" DESCRIPTION="block type DamageZone"/><OtherTag ID="BT9" LABEL="DigitizationArtefactZone" DESCRIPTION="block type DigitizationArtefactZone"/><OtherTag ID="BT10" LABEL="DropCapitalZone" DESCRIPTION="block type DropCapitalZone"/><OtherTag ID="BT11" LABEL="GraphicZone" DESCRIPTION="block type GraphicZone"/><OtherTag ID="BT12" LABEL="MainZone" DESCRIPTION="block type MainZone"/><OtherTag ID="BT13" LABEL="MarginTextZone" DESCRIPTION="block type MarginTextZone"/><OtherTag ID="BT14" LABEL="MusicZone" DESCRIPTION="block type MusicZone"/><OtherTag ID="BT15" LABEL="NumberingZone" DESCRIPTION="block type NumberingZone"/><OtherTag ID="BT17" LABEL="QuireMarksZone" DESCRIPTION="block type QuireMarksZone"/><OtherTag ID="BT18" LABEL="RunningTitleZone" DESCRIPTION="block type RunningTitleZone"/><OtherTag ID="BT19" LABEL="SealZone" DESCRIPTION="block type SealZone"/><OtherTag ID="BT20" LABEL="StampZone" DESCRIPTION="block type StampZone"/><OtherTag ID="BT21" LABEL="TableZone" DESCRIPTION="block type TableZone"/><OtherTag ID="BT22" LABEL="TitlePageZone" DESCRIPTION="block type TitlePageZone"/><OtherTag ID="BT100006" LABEL="MainZone-Continued" DESCRIPTION="block type MainZone-Continued"/><OtherTag ID="BT100009" LABEL="MarginTextZone-Notes" DESCRIPTION="block type MarginTextZone-Notes"/><OtherTag ID="BT100005" LABEL="MainZone-P" DESCRIPTION="block type MainZone-P"/><OtherTag ID="BT100002" LABEL="MainZone-Lg" DESCRIPTION="block type MainZone-Lg"/><OtherTag ID="BT100001" LABEL="MainZone-Head" DESCRIPTION="block type MainZone-Head"/>
    <OtherTag ID="LT7" LABEL="CustomLine" DESCRIPTION="line type CustomLine"/><OtherTag ID="LT8" LABEL="DefaultLine" DESCRIPTION="line type DefaultLine"/><OtherTag ID="LT9" LABEL="DropCapitalLine" DESCRIPTION="line type DropCapitalLine"/><OtherTag ID="LT10" LABEL="HeadingLine" DESCRIPTION="line type HeadingLine"/><OtherTag ID="LT11" LABEL="InterlinearLine" DESCRIPTION="line type InterlinearLine"/><OtherTag ID="LT12" LABEL="MusicLine" DESCRIPTION="line type MusicLine"/><OtherTag ID="LT951" LABEL="default" DESCRIPTION="line type default"/>
  </Tags>
  <Layout>
    <Page WIDTH="1000"
          HEIGHT="1671"
          PHYSICAL_IMG_NR="82"
          ID="eSc_dummypage_">
      <PrintSpace HPOS="0"
                  VPOS="0"
                  WIDTH="1000"
                  HEIGHT="1671">
        <TextBlock HPOS="208.0"
                   VPOS="112.0"
                   WIDTH="301.0"
                   HEIGHT="50.0"
                   ID="eSc_textblock_67ca6959-4d4f-480f-8223-c7d5be2c8e1d"
                   TAGREFS="BT18">
          <Shape><Polygon POINTS="509 112 509 162 208 162 208 112"/></Shape>
          <TextLine ID="eSc_line_e6baf5dc-fc31-464c-bcb4-eea37c9b3ce9"
                    TAGREFS="LT8"
                    BASELINE="207 152 511 147" 
                    HPOS="207.0"
                    VPOS="112.0"
                    WIDTH="304.0"
                    HEIGHT="52.0">
            <Shape><Polygon POINTS="411 112 402 112 400 112 373 122 363 112 355 112 346 112 337 112 327 112 320 112 306 116 296 112 295 112 294 112 293 112 292 112 279 121 264 117 263 117 262 117 261 117 260 117 260 118 254 123 251 120 250 120 249 120 248 120 247 120 246 120 237 128 212 128 207 152 207 158 255 164 256 164 297 158 327 163 328 163 359 157 388 162 389 162 423 156 511 156 511 147 508 118 460 123 419 112 411 112"/></Shape>
            <String CONTENT="Sous Charles iX."
                    HPOS="207.0"
                    VPOS="112.0"
                    WIDTH="304.0"
                    HEIGHT="52.0"
                    WC="0.9958225004374981"></String>
          </TextLine>
        </TextBlock>
        <TextBlock HPOS="676.0"
                   VPOS="109.0"
                   WIDTH="63.0"
                   HEIGHT="49.0"
                   ID="eSc_textblock_8f805e74-fa91-46fc-89e9-021c65161407"
                   TAGREFS="BT15">
          <Shape><Polygon POINTS="739 109 739 158 676 158 676 109"/></Shape>
          <TextLine ID="eSc_line_cf8a9e0c-9bdb-4c65-af6b-cf48e8e6bff0"
                    TAGREFS="LT8"
                    BASELINE="675 144 737 146" 
                    HPOS="674.0"
                    VPOS="109.0"
                    WIDTH="63.0"
                    HEIGHT="50.0">
            <Shape><Polygon POINTS="702 109 701 109 675 117 675 144 674 159 736 159 737 146 737 119 709 109 702 109"/></Shape>
            <String CONTENT="181"
                    HPOS="674.0"
                    VPOS="109.0"
                    WIDTH="63.0"
                    HEIGHT="50.0"
                    WC="0.9999837875366211"></String>
          </TextLine>
        </TextBlock>
        <TextBlock HPOS="72.0"
                   VPOS="163.0"
                   WIDTH="677.0"
                   HEIGHT="799.0"
                   ID="eSc_textblock_136feb3c-c4a7-4e1e-8f2b-30ba5886b57d"
                   TAGREFS="BT100006">
          <Shape><Polygon POINTS="749 163 749 962 72 962 72 163"/></Shape>
          <TextLine ID="eSc_line_b4a78801-8861-43b2-a8ef-db0a219b96e9"
                    TAGREFS="LT8"
                    BASELINE="71 193 740 183" 
                    HPOS="70.0"
                    VPOS="163.0"
                    WIDTH="670.0"
                    HEIGHT="37.0">
            <Shape><Polygon POINTS="729 163 720 163 711 163 701 163 692 163 683 163 674 163 664 163 658 163 655 163 646 163 636 163 627 163 618 163 609 163 599 163 590 163 581 163 571 163 567 163 557 164 553 163 544 163 534 163 525 163 516 163 506 163 497 163 488 163 479 163 469 163 460 163 458 163 451 166 387 166 378 163 376 163 367 163 359 163 350 168 313 168 294 163 293 163 284 163 274 163 265 163 256 163 246 163 237 163 228 163 219 163 209 163 200 163 191 163 181 163 172 163 165 163 156 168 140 163 135 163 133 163 121 169 107 163 106 163 105 163 70 164 71 193 71 200 739 193 740 183 737 163 729 163"/></Shape>
            <String CONTENT="ains la choſe des particuliers qui faiſoyẽt des actes tous"
                    HPOS="70.0"
                    VPOS="163.0"
                    WIDTH="670.0"
                    HEIGHT="37.0"
                    WC="0.9913752877106101"></String>
          </TextLine>
          <TextLine ID="eSc_line_b6a51d47-13cc-45ee-9e73-253f6e5a01a5"
                    TAGREFS="LT8"
                    BASELINE="73 223 737 215" 
                    HPOS="72.0"
                    VPOS="189.0"
                    WIDTH="665.0"
                    HEIGHT="48.0">
            <Shape><Polygon POINTS="73 223 73 235 99 232 115 237 116 237 116 237 117 237 129 232 144 237 145 237 146 237 183 232 190 236 191 236 192 236 193 236 221 230 345 234 346 234 347 234 348 234 353 229 453 227 510 233 511 233 512 233 535 225 591 225 648 231 649 231 678 224 735 230 737 215 735 195 692 189 691 189 660 195 588 190 587 190 513 197 453 192 452 192 451 192 439 198 366 193 365 193 364 193 350 199 242 194 241 194 240 194 229 200 215 195 214 195 213 195 186 201 163 196 162 196 161 196 143 202 72 200 73 223"/></Shape>
            <String CONTENT="contraires à cela. Quoy faiſant c’eſt proditoirement ſup"
                    HPOS="72.0"
                    VPOS="189.0"
                    WIDTH="665.0"
                    HEIGHT="48.0"
                    WC="0.9973168822756985"></String>
          </TextLine>
          <TextLine ID="eSc_line_7ec841b0-51ef-44b9-8f2e-de06c4210d18"
                    TAGREFS="LT8"
                    BASELINE="73 256 740 248" 
                    HPOS="72.0"
                    VPOS="221.0"
                    WIDTH="668.0"
                    HEIGHT="48.0">
            <Shape><Polygon POINTS="73 256 73 269 95 264 155 268 155 268 739 258 740 248 738 228 715 228 708 221 707 221 706 221 705 221 704 221 689 227 582 222 581 222 534 223 533 223 532 223 525 229 352 225 351 225 350 225 350 225 343 232 288 232 254 226 253 226 184 233 166 227 165 227 164 227 122 233 94 228 93 228 92 228 72 234 73 256"/></Shape>
            <String CONTENT="planter les ſimples qui ſe ſont commis à la ſuffiſance des"
                    HPOS="72.0"
                    VPOS="221.0"
                    WIDTH="668.0"
                    HEIGHT="48.0"
                    WC="0.9923271092317872"></String>
          </TextLine>
          <TextLine ID="eSc_line_b1038179-090d-40d4-bd30-0eaf3bc35cd2"
                    TAGREFS="LT8"
                    BASELINE="73 287 741 279" 
                    HPOS="72.0"
                    VPOS="254.0"
                    WIDTH="669.0"
                    HEIGHT="46.0">
            <Shape><Polygon POINTS="73 287 73 300 148 295 209 299 210 299 296 293 365 297 366 297 367 297 368 297 378 291 503 291 516 296 517 296 518 296 561 290 572 295 573 295 574 295 741 289 741 279 740 259 729 254 728 254 667 254 666 254 665 254 647 259 406 258 405 258 344 263 320 259 319 259 248 264 229 259 228 259 227 259 226 259 225 259 218 265 161 260 160 260 123 266 93 261 92 261 91 261 72 267 73 287"/></Shape>
            <String CONTENT="plus expers par confiance de leur vertu &amp; preud’hom¬"
                    HPOS="72.0"
                    VPOS="254.0"
                    WIDTH="669.0"
                    HEIGHT="46.0"
                    WC="0.9942075163125992"></String>
          </TextLine>
          <TextLine ID="eSc_line_d97d158f-769c-424e-99d8-48b6910ab987"
                    TAGREFS="LT8"
                    BASELINE="72 318 740 311" 
                    HPOS="72.0"
                    VPOS="286.0"
                    WIDTH="668.0"
                    HEIGHT="43.0">
            <Shape><Polygon POINTS="72 318 72 329 740 322 740 311 740 293 718 286 717 286 716 286 715 286 698 292 688 286 688 286 687 286 686 286 685 286 662 292 552 287 551 287 514 294 483 290 482 290 438 295 402 289 401 289 400 289 380 295 365 289 364 289 363 289 363 289 339 296 323 290 322 290 321 290 281 296 263 290 262 290 261 290 233 297 119 297 92 292 91 292 90 292 77 297 72 318"/></Shape>
            <String CONTENT="mie, comme il ſera plus amplement parlé, &amp; de la manie"
                    HPOS="72.0"
                    VPOS="286.0"
                    WIDTH="668.0"
                    HEIGHT="43.0"
                    WC="0.9900208895856684"></String>
          </TextLine>
          <TextLine ID="eSc_line_bc0d1426-93fd-48af-8b9a-eb5d46eaf051"
                    TAGREFS="LT8"
                    BASELINE="74 349 744 343" 
                    HPOS="73.0"
                    VPOS="316.0"
                    WIDTH="671.0"
                    HEIGHT="48.0">
            <Shape><Polygon POINTS="74 349 74 364 168 364 168 363 168 363 169 363 178 358 232 362 233 362 266 357 334 357 344 362 345 362 346 362 460 355 524 355 534 360 535 360 536 360 537 360 553 354 743 356 744 343 742 323 703 316 702 316 647 324 597 324 578 317 577 317 576 317 575 317 560 322 555 317 554 317 553 317 552 317 551 317 521 324 493 318 493 318 455 325 441 319 440 319 439 319 403 325 362 319 361 319 283 326 266 320 265 320 264 320 225 321 224 321 223 321 223 322 216 327 151 322 150 322 149 322 129 328 120 322 119 322 118 322 117 322 73 329 74 349"/></Shape>
            <String CONTENT="re de faire iuſtice auſſi en ſon lieu. Ce ſont ceux qui ont"
                    HPOS="73.0"
                    VPOS="316.0"
                    WIDTH="671.0"
                    HEIGHT="48.0"
                    WC="0.9965687929573706"></String>
          </TextLine>
          <TextLine ID="eSc_line_9420fa39-4b35-457d-9bf1-6c801d129280"
                    TAGREFS="LT8"
                    BASELINE="77 379 742 375" 
                    HPOS="77.0"
                    VPOS="349.0"
                    WIDTH="665.0"
                    HEIGHT="42.0">
            <Shape><Polygon POINTS="77 379 77 388 257 391 258 391 293 387 338 391 339 391 390 387 453 390 454 390 454 390 465 386 474 390 475 390 476 390 741 383 742 375 740 351 688 355 673 350 672 350 671 350 670 350 658 356 629 349 628 349 556 350 555 350 545 355 482 350 481 350 480 350 451 358 434 351 433 351 432 351 431 351 430 351 421 358 330 353 329 353 328 353 327 353 320 359 240 355 239 355 196 361 146 361 133 353 132 353 131 353 130 353 129 353 123 360 77 361 77 379"/></Shape>
            <String CONTENT="voulu monter en eminence plus que le degré conuena¬"
                    HPOS="77.0"
                    VPOS="349.0"
                    WIDTH="665.0"
                    HEIGHT="42.0"
                    WC="0.9977450657349366"></String>
          </TextLine>
          <TextLine ID="eSc_line_82928c6e-946e-4d68-a3fc-f1fed65fc039"
                    TAGREFS="LT8"
                    BASELINE="74 412 744 406" 
                    HPOS="73.0"
                    VPOS="380.0"
                    WIDTH="671.0"
                    HEIGHT="45.0">
            <Shape><Polygon POINTS="74 412 74 419 115 425 116 425 150 420 177 424 178 424 179 424 180 424 186 419 205 424 206 424 207 424 272 419 408 423 409 423 451 417 519 422 519 422 551 416 742 420 744 406 742 384 635 380 634 380 633 380 617 388 517 388 498 382 497 382 496 382 495 382 494 382 486 389 466 389 443 382 442 382 441 382 441 382 440 382 430 389 369 389 359 383 358 383 357 383 356 383 252 390 240 384 239 384 238 384 237 384 223 391 179 391 165 386 164 386 163 386 162 386 151 390 131 385 130 385 129 385 73 385 74 412"/></Shape>
            <String CONTENT="ble de bon patriotte &amp; homme ciuil, pour faire ſeruit le"
                    HPOS="73.0"
                    VPOS="380.0"
                    WIDTH="671.0"
                    HEIGHT="45.0"
                    WC="0.9845381293978009"></String>
          </TextLine>
          <TextLine ID="eSc_line_adb90049-2d42-4da3-a785-b739869c2310"
                    TAGREFS="LT8"
                    BASELINE="73 445 743 438" 
                    HPOS="72.0"
                    VPOS="411.0"
                    WIDTH="671.0"
                    HEIGHT="47.0">
            <Shape><Polygon POINTS="73 445 73 453 98 458 99 458 156 453 238 457 239 457 324 451 724 452 725 452 726 452 743 445 743 438 742 416 733 411 732 411 731 411 730 411 729 411 713 416 695 411 694 411 693 411 657 419 603 419 576 412 575 412 574 412 541 413 540 413 539 413 531 419 489 414 456 414 455 414 454 414 454 414 444 420 440 415 439 415 438 415 437 415 415 420 360 414 359 414 358 414 342 421 287 415 286 415 285 415 285 415 276 422 246 416 245 416 244 416 243 416 232 424 161 424 148 418 147 418 146 418 145 418 144 418 138 424 72 418 73 445"/></Shape>
            <String CONTENT="ſang de ceux qui les ont eleuez à leurs delices &amp; richeſ¬"
                    HPOS="72.0"
                    VPOS="411.0"
                    WIDTH="671.0"
                    HEIGHT="47.0"
                    WC="0.9873341743288369"></String>
          </TextLine>
          <TextLine ID="eSc_line_ba877032-3702-46bb-ba40-53cd84d24204"
                    TAGREFS="LT8"
                    BASELINE="74 476 739 469" 
                    HPOS="73.0"
                    VPOS="444.0"
                    WIDTH="666.0"
                    HEIGHT="40.0">
            <Shape><Polygon POINTS="74 476 74 484 639 483 690 479 737 482 739 469 737 452 675 452 643 444 642 444 641 444 612 452 567 445 566 445 565 445 545 453 519 446 519 446 518 446 517 446 516 446 516 447 508 453 488 453 467 446 467 446 466 446 465 446 434 453 358 447 357 447 356 447 338 454 272 448 271 448 270 448 254 456 231 456 221 449 220 449 220 449 184 449 183 449 182 449 166 456 105 456 96 450 95 450 94 450 93 450 73 453 74 476"/></Shape>
            <String CONTENT="ſes: ce qui eſt mal monſtrer le merite de ceſte eminence:"
                    HPOS="73.0"
                    VPOS="444.0"
                    WIDTH="666.0"
                    HEIGHT="40.0"
                    WC="0.9821490478097347"></String>
          </TextLine>
          <TextLine ID="eSc_line_54b1f0bf-a447-4b99-bd1c-565c3a34ae38"
                    TAGREFS="LT8"
                    BASELINE="75 507 743 501" 
                    HPOS="74.0"
                    VPOS="475.0"
                    WIDTH="669.0"
                    HEIGHT="44.0">
            <Shape><Polygon POINTS="75 507 75 516 179 519 180 519 233 515 263 519 264 519 414 513 455 518 456 518 457 518 468 512 545 517 546 517 547 517 558 512 640 516 641 516 742 509 743 501 741 482 709 481 701 475 700 475 699 475 698 475 639 476 638 476 621 482 602 476 601 476 600 476 568 480 535 477 534 477 533 477 532 477 526 482 500 477 499 477 455 484 443 478 442 478 361 478 360 478 359 478 331 486 253 486 229 479 228 479 227 479 198 486 105 483 104 483 74 488 75 507"/></Shape>
            <String CONTENT="car au contraire pour eſtre louez faudroit qu’ils mon¬"
                    HPOS="74.0"
                    VPOS="475.0"
                    WIDTH="669.0"
                    HEIGHT="44.0"
                    WC="0.9860790040757921"></String>
          </TextLine>
          <TextLine ID="eSc_line_b845bb58-0465-410d-abfe-643c25985c66"
                    TAGREFS="LT8"
                    BASELINE="73 540 743 534" 
                    HPOS="72.0"
                    VPOS="507.0"
                    WIDTH="671.0"
                    HEIGHT="45.0">
            <Shape><Polygon POINTS="73 540 73 551 273 552 274 552 311 546 501 550 502 550 503 550 524 544 597 549 598 549 651 544 742 547 743 534 742 515 720 507 719 507 718 507 717 507 698 514 685 507 684 507 683 507 682 507 663 514 648 507 647 507 646 507 601 509 600 509 599 509 591 515 519 508 519 508 518 508 517 508 517 509 508 517 405 518 363 518 353 510 352 510 351 510 350 510 350 510 330 517 306 510 305 510 304 510 303 510 302 510 293 518 253 518 242 511 241 511 240 511 239 511 238 511 220 518 187 511 186 511 157 516 125 512 124 512 123 512 103 518 72 513 73 540"/></Shape>
            <String CONTENT="ſtraſſent leur hauteſſe de courage en iuſtice, liberalité &amp;"
                    HPOS="72.0"
                    VPOS="507.0"
                    WIDTH="671.0"
                    HEIGHT="45.0"
                    WC="0.9847294181585312"></String>
          </TextLine>
          <TextLine ID="eSc_line_594e9064-d499-441d-854f-fd62dada624a"
                    TAGREFS="LT8"
                    BASELINE="76 570 744 566" 
                    HPOS="75.0"
                    VPOS="542.0"
                    WIDTH="669.0"
                    HEIGHT="39.0">
            <Shape><Polygon POINTS="76 570 76 581 743 575 744 566 742 547 613 542 612 542 611 542 596 547 497 543 496 543 452 548 237 544 236 544 194 550 90 546 90 546 89 546 75 551 76 570"/></Shape>
            <String CONTENT="communauté humaine, qui ſont plus dignes de rendre"
                    HPOS="75.0"
                    VPOS="542.0"
                    WIDTH="669.0"
                    HEIGHT="39.0"
                    WC="0.9987198055959216"></String>
          </TextLine>
          <TextLine ID="eSc_line_263035d4-c6d4-494a-890b-f98e4bbe7311"
                    TAGREFS="LT8"
                    BASELINE="76 602 744 596" 
                    HPOS="75.0"
                    VPOS="571.0"
                    WIDTH="669.0"
                    HEIGHT="44.0">
            <Shape><Polygon POINTS="76 602 76 610 215 615 216 615 217 615 227 609 316 609 334 614 335 614 336 614 385 609 408 614 409 614 439 608 519 613 519 613 520 613 540 608 732 611 733 611 734 611 735 611 744 606 744 596 742 577 694 572 693 572 692 572 682 578 574 578 535 571 534 571 533 571 532 571 522 578 506 572 505 572 504 572 503 572 502 572 493 580 463 580 436 572 435 572 434 572 433 572 407 581 343 581 324 573 324 573 323 573 322 573 306 579 266 574 265 574 233 581 213 574 212 574 211 574 210 574 209 574 199 581 176 577 175 577 121 582 108 575 107 575 106 575 75 576 76 602"/></Shape>
            <String CONTENT="l’homme plus eſleué, &amp; qui ſont plus ſelon nature que"
                    HPOS="75.0"
                    VPOS="571.0"
                    WIDTH="669.0"
                    HEIGHT="44.0"
                    WC="0.9944581775753586"></String>
          </TextLine>
          <TextLine ID="eSc_line_8ebfbcb4-5ead-47a1-8c39-dba1614d2d79"
                    TAGREFS="LT8"
                    BASELINE="75 634 743 629" 
                    HPOS="74.0"
                    VPOS="603.0"
                    WIDTH="669.0"
                    HEIGHT="44.0">
            <Shape><Polygon POINTS="75 634 75 645 128 642 201 647 202 647 263 641 340 647 341 647 342 647 364 640 407 640 415 646 416 646 417 646 418 647 468 647 468 646 469 646 492 639 578 645 579 645 580 645 596 639 615 644 616 644 617 644 729 639 740 644 743 629 742 609 724 603 723 603 722 603 682 608 651 603 650 603 649 603 649 603 642 608 594 604 593 604 592 604 579 609 558 604 557 604 556 604 555 604 533 609 428 605 428 605 427 605 426 605 419 610 364 605 363 605 363 605 339 611 301 606 300 606 299 606 276 611 218 607 217 607 216 607 215 607 205 612 74 608 75 634"/></Shape>
            <String CONTENT="ne ſont pas grand appareil ne la volupté ne les richeſſes"
                    HPOS="74.0"
                    VPOS="603.0"
                    WIDTH="669.0"
                    HEIGHT="44.0"
                    WC="0.9784427747644228"></String>
          </TextLine>
          <TextLine ID="eSc_line_43c66fce-fe6d-4d3c-a90e-adb95868a254"
                    TAGREFS="LT8"
                    BASELINE="75 664 741 661" 
                    HPOS="74.0"
                    VPOS="636.0"
                    WIDTH="667.0"
                    HEIGHT="37.0">
            <Shape><Polygon POINTS="75 664 75 673 740 673 741 661 740 642 556 636 555 636 554 636 539 641 485 637 484 637 483 637 482 637 477 643 389 643 383 637 382 637 381 637 324 637 323 637 322 637 321 637 315 642 116 638 115 638 74 644 75 664"/></Shape>
            <String CONTENT="&amp; le meſpris de ces choſes, au pris de l’vtilité publicque,"
                    HPOS="74.0"
                    VPOS="636.0"
                    WIDTH="667.0"
                    HEIGHT="37.0"
                    WC="0.9915834089120229"></String>
          </TextLine>
          <TextLine ID="eSc_line_fd59f496-2cb4-4169-991f-dbea940ffb20"
                    TAGREFS="LT8"
                    BASELINE="77 697 744 692" 
                    HPOS="76.0"
                    VPOS="666.0"
                    WIDTH="668.0"
                    HEIGHT="40.0">
            <Shape><Polygon POINTS="77 697 77 706 710 706 710 705 743 699 744 692 741 666 684 672 675 666 675 666 674 666 626 666 625 666 624 666 609 673 571 667 570 667 569 667 568 667 559 673 467 669 466 669 439 673 331 670 330 670 214 674 181 670 181 670 180 670 179 670 170 675 101 670 100 670 99 670 76 675 77 697"/></Shape>
            <String CONTENT="eſt fait d’homme magnanime &amp; vertueux. Ainſi eſt-il"
                    HPOS="76.0"
                    VPOS="666.0"
                    WIDTH="668.0"
                    HEIGHT="40.0"
                    WC="0.9979706663711398"></String>
          </TextLine>
          <TextLine ID="eSc_line_fb8578b3-910c-44c5-8184-abd5c66c1a25"
                    TAGREFS="LT8"
                    BASELINE="76 726 745 723" 
                    HPOS="75.0"
                    VPOS="699.0"
                    WIDTH="670.0"
                    HEIGHT="42.0">
            <Shape><Polygon POINTS="76 726 76 741 148 736 164 740 165 740 166 740 167 740 168 740 175 736 219 740 220 740 249 735 284 740 285 740 319 735 369 739 370 739 414 734 422 739 423 739 424 739 425 740 484 740 484 739 485 739 502 734 550 738 551 738 745 735 745 723 743 703 721 699 720 699 719 699 718 699 708 705 575 705 544 699 543 699 514 705 507 700 506 700 506 700 410 699 409 699 408 699 407 699 396 707 330 707 314 700 313 700 312 700 283 706 276 700 275 700 274 700 249 700 248 700 247 700 225 708 185 708 175 701 174 701 173 701 134 701 133 701 132 701 131 701 125 708 75 708 76 726"/></Shape>
            <String CONTENT="que l’homme fimplement obeiſſant à la nature ne peut"
                    HPOS="75.0"
                    VPOS="699.0"
                    WIDTH="670.0"
                    HEIGHT="42.0"
                    WC="0.9972864243219484"></String>
          </TextLine>
          <TextLine ID="eSc_line_aaa1d5b2-cbd0-4667-ad19-3a15493a1f46"
                    TAGREFS="LT8"
                    BASELINE="78 758 746 755" 
                    HPOS="77.0"
                    VPOS="732.0"
                    WIDTH="669.0"
                    HEIGHT="39.0">
            <Shape><Polygon POINTS="78 758 78 771 745 764 746 755 742 732 725 737 714 732 714 732 713 732 712 732 701 737 614 732 613 732 584 737 558 732 558 732 521 738 314 733 313 733 312 733 298 738 254 734 253 734 252 734 238 738 140 734 139 734 77 738 78 758"/></Shape>
            <String CONTENT="volontairement nuire à vn autre, &amp; moins encores au"
                    HPOS="77.0"
                    VPOS="732.0"
                    WIDTH="669.0"
                    HEIGHT="39.0"
                    WC="0.9991154647790469"></String>
          </TextLine>
          <TextLine ID="eSc_line_a3e28c83-9fcc-46ac-8b67-970c7a9ab3a6"
                    TAGREFS="LT8"
                    BASELINE="77 790 746 787" 
                    HPOS="77.0"
                    VPOS="762.0"
                    WIDTH="669.0"
                    HEIGHT="43.0">
            <Shape><Polygon POINTS="77 805 131 800 181 804 182 804 183 804 207 799 231 803 232 803 233 803 245 798 256 803 257 803 258 803 259 803 271 798 292 803 293 803 294 803 295 803 316 798 367 798 379 803 380 803 381 803 475 797 571 803 572 803 625 797 636 802 636 802 637 802 745 798 746 787 744 768 714 762 713 762 576 769 536 769 531 764 530 764 529 764 528 764 503 768 495 763 494 763 493 763 493 763 429 768 416 763 415 763 415 763 386 769 366 764 365 764 364 764 341 768 281 764 280 764 279 764 278 764 272 769 231 764 230 764 229 764 228 764 220 770 207 764 206 764 205 764 178 770 150 764 149 764 92 770 77 765 77 790 77 805"/></Shape>
            <String CONTENT="public, qui eſt &amp; doit eſtre eſtimé beaucoup au pris d’vn"
                    HPOS="77.0"
                    VPOS="762.0"
                    WIDTH="669.0"
                    HEIGHT="43.0"
                    WC="0.990836568947496"></String>
          </TextLine>
          <TextLine ID="eSc_line_822202f8-9786-4fff-aa20-2bda3e843fa6"
                    TAGREFS="LT8"
                    BASELINE="77 824 746 819" 
                    HPOS="77.0"
                    VPOS="794.0"
                    WIDTH="669.0"
                    HEIGHT="44.0">
            <Shape><Polygon POINTS="77 824 78 838 100 831 116 837 116 837 117 837 118 837 136 832 209 837 210 837 267 830 308 835 309 835 346 829 410 829 426 835 427 835 428 835 453 830 477 835 478 835 519 829 610 834 611 834 612 834 613 834 621 829 686 833 687 833 745 827 746 819 745 800 737 794 736 794 735 794 708 794 707 794 678 800 509 795 508 795 507 795 506 795 500 801 480 795 479 795 478 795 477 795 459 802 417 797 416 797 392 802 346 797 345 797 281 803 183 798 182 798 77 801 77 824"/></Shape>
            <String CONTENT="particulier, comme le tout au regard d’vne petite partie"
                    HPOS="77.0"
                    VPOS="794.0"
                    WIDTH="669.0"
                    HEIGHT="44.0"
                    WC="0.9824007653764316"></String>
          </TextLine>
          <TextLine ID="eSc_line_b5f3fcf7-4697-42ea-be0e-3373456d44f3"
                    TAGREFS="LT8"
                    BASELINE="77 854 746 849" 
                    HPOS="77.0"
                    VPOS="826.0"
                    WIDTH="669.0"
                    HEIGHT="41.0">
            <Shape><Polygon POINTS="77 854 77 862 209 867 210 867 211 867 233 861 256 866 257 866 312 861 333 867 334 867 335 867 336 867 349 860 477 866 478 866 510 860 642 864 643 864 644 864 655 859 745 859 746 849 743 832 594 832 586 827 586 826 585 826 584 826 524 826 523 826 522 826 508 833 477 833 446 827 445 827 444 827 443 827 432 834 300 834 277 828 276 828 275 828 234 832 220 828 219 828 218 828 164 834 151 829 150 829 149 829 77 833 77 854"/></Shape>
            <String CONTENT="d’iceluy. Il faut dõc qu’vne meſme vtilité ſoit pour tous"
                    HPOS="77.0"
                    VPOS="826.0"
                    WIDTH="669.0"
                    HEIGHT="41.0"
                    WC="0.9919430007368831"></String>
          </TextLine>
          <TextLine ID="eSc_line_0394d691-c2d1-4a61-a4f8-2a8e5aabaecf"
                    TAGREFS="LT8"
                    BASELINE="76 887 746 882" 
                    HPOS="76.0"
                    VPOS="855.0"
                    WIDTH="670.0"
                    HEIGHT="44.0">
            <Shape><Polygon POINTS="76 899 121 894 200 899 201 899 202 899 203 899 211 893 264 898 265 898 266 898 267 898 272 893 572 896 573 896 745 890 746 882 743 863 667 863 646 855 645 855 644 855 643 855 642 855 632 863 591 856 590 856 589 856 575 864 542 864 519 856 519 856 518 856 517 856 516 856 506 865 464 865 448 857 447 857 345 857 344 857 343 857 342 857 342 858 337 863 323 858 322 858 321 858 320 858 305 866 220 862 219 862 218 862 206 867 194 862 193 862 192 862 191 862 170 867 139 861 138 861 137 861 136 861 130 867 117 862 116 862 116 862 115 862 98 867 76 859 76 887 76 899"/></Shape>
            <String CONTENT="hommes, &amp; pour chaſcun d’iceux, laquelle eſtant ra¬"
                    HPOS="76.0"
                    VPOS="855.0"
                    WIDTH="670.0"
                    HEIGHT="44.0"
                    WC="0.9991074438188591"></String>
          </TextLine>
          <TextLine ID="eSc_line_4120a160-706d-4db0-85cf-133c83c6f20b"
                    TAGREFS="LT8"
                    BASELINE="79 918 749 914" 
                    HPOS="78.0"
                    VPOS="888.0"
                    WIDTH="671.0"
                    HEIGHT="47.0">
            <Shape><Polygon POINTS="79 918 79 927 233 935 234 935 276 926 308 926 337 934 338 934 339 934 340 934 360 925 431 925 446 932 447 932 479 933 480 933 560 925 579 933 580 933 581 933 641 932 642 932 674 924 747 924 749 914 745 888 730 893 682 888 681 888 680 888 679 888 669 897 647 897 637 890 636 890 636 890 635 890 634 890 633 890 624 895 591 892 590 892 589 892 568 898 442 898 421 889 420 889 419 889 418 889 417 889 405 898 363 893 363 893 362 893 350 898 330 890 329 890 268 890 267 890 266 890 265 890 252 898 220 892 219 892 218 892 193 899 181 893 180 893 179 893 178 893 177 893 171 898 140 893 139 893 138 893 137 893 127 899 78 897 79 918"/></Shape>
            <String CONTENT="uie &amp; appliquee à ſoy, toute humaine compagnie ſe deſ"
                    HPOS="78.0"
                    VPOS="888.0"
                    WIDTH="671.0"
                    HEIGHT="47.0"
                    WC="0.9840519836655369"></String>
          </TextLine>
          <TextLine ID="eSc_line_a6be52ab-950f-4d5b-a880-151b3decee84"
                    TAGREFS="LT8"
                    BASELINE="78 948 155 947" 
                    HPOS="77.0"
                    VPOS="920.0"
                    WIDTH="78.0"
                    HEIGHT="38.0">
            <Shape><Polygon POINTS="78 948 78 957 154 958 155 947 154 932 112 920 111 920 87 920 86 920 85 920 84 920 77 925 78 948"/></Shape>
            <String CONTENT="ioint."
                    HPOS="77.0"
                    VPOS="920.0"
                    WIDTH="78.0"
                    HEIGHT="38.0"
                    WC="0.9982527593771616"></String>
          </TextLine>
        </TextBlock>
        <TextBlock HPOS="79.0"
                   VPOS="959.0"
                   WIDTH="678.0"
                   HEIGHT="481.0"
                   ID="eSc_textblock_abb369fd-e060-40df-b243-8e3da5ab26e4"
                   TAGREFS="BT100005">
          <Shape><Polygon POINTS="752 959 757 1440 79 1440 79 959"/></Shape>
          <TextLine ID="eSc_line_9e41a93f-7b0b-41f2-a9f1-4f80fe6bb835"
                    TAGREFS="LT8"
                    BASELINE="99 981 749 979" 
                    HPOS="98.0"
                    VPOS="959.0"
                    WIDTH="651.0"
                    HEIGHT="37.0">
            <Shape><Polygon POINTS="729 959 720 959 711 959 701 959 692 959 689 959 678 961 587 961 585 959 581 959 571 959 562 959 553 959 544 959 534 959 525 959 516 959 506 959 497 959 496 959 476 960 467 959 460 959 451 959 441 959 432 959 423 959 421 959 419 960 415 959 414 959 404 959 395 959 386 959 377 959 367 961 337 959 330 959 321 959 311 959 302 959 293 959 284 959 274 959 265 959 259 959 251 961 240 959 237 959 228 959 219 959 209 959 200 959 191 959 181 959 172 959 163 959 154 959 144 959 135 959 126 959 116 959 107 959 98 959 99 981 99 989 207 989 223 995 224 995 225 995 226 995 246 989 268 996 269 996 270 996 402 990 417 996 418 996 419 996 454 988 496 988 505 995 506 995 506 995 507 996 598 996 598 995 599 995 611 989 622 994 623 994 623 994 624 994 635 989 747 995 749 979 747 961 736 959 729 959"/></Shape>
            <String CONTENT="Or s’il eſt ainſi que nature ait conſtitué qu’vn homme"
                    HPOS="98.0"
                    VPOS="959.0"
                    WIDTH="651.0"
                    HEIGHT="37.0"
                    WC="0.9906768441200257"></String>
          </TextLine>
          <TextLine ID="eSc_line_5544bd7d-9158-441c-bff2-4bdd3c4e0aab"
                    TAGREFS="LT8"
                    BASELINE="79 1013 749 1010" 
                    HPOS="79.0"
                    VPOS="984.0"
                    WIDTH="670.0"
                    HEIGHT="42.0">
            <Shape><Polygon POINTS="79 1013 79 1021 92 1026 93 1026 94 1026 302 1020 448 1025 449 1025 450 1025 451 1025 460 1020 474 1023 475 1023 476 1023 551 1019 592 1024 593 1025 748 1025 749 1010 747 993 700 993 690 984 689 984 688 984 674 984 673 984 672 984 671 984 661 993 642 993 612 984 611 984 610 984 610 984 596 992 440 985 439 985 390 993 371 985 370 985 341 985 340 985 339 985 312 994 244 994 233 987 232 987 231 987 173 986 172 986 171 986 152 993 127 986 126 986 125 986 124 986 123 986 113 993 99 988 98 988 97 988 96 988 82 993 79 1013"/></Shape>
            <String CONTENT="quel qu’il ſoit ait conſeil ou ayde d’vn autre, à cauſe que"
                    HPOS="79.0"
                    VPOS="984.0"
                    WIDTH="670.0"
                    HEIGHT="42.0"
                    WC="0.9755487978458405"></String>
          </TextLine>
          <TextLine ID="eSc_line_4a95bc6f-38e0-448d-8499-74268053980d"
                    TAGREFS="LT8"
                    BASELINE="78 1044 748 1042" 
                    HPOS="77.0"
                    VPOS="1017.0"
                    WIDTH="671.0"
                    HEIGHT="42.0">
            <Shape><Polygon POINTS="78 1044 78 1052 228 1052 241 1058 242 1058 243 1058 244 1058 257 1053 268 1058 269 1058 270 1059 304 1059 304 1058 305 1058 306 1058 313 1052 358 1058 359 1058 360 1058 376 1053 412 1058 413 1058 453 1057 454 1057 454 1057 461 1051 473 1057 474 1057 475 1057 502 1051 523 1057 524 1057 525 1057 526 1057 527 1057 535 1051 591 1057 592 1057 623 1052 717 1057 718 1057 747 1050 748 1042 746 1024 662 1023 647 1017 646 1017 645 1017 615 1024 580 1024 561 1017 560 1017 559 1017 558 1017 547 1022 493 1017 493 1017 492 1017 479 1023 452 1017 451 1017 450 1017 449 1017 439 1023 413 1020 412 1020 411 1020 400 1025 358 1025 343 1018 342 1018 341 1018 340 1018 324 1024 292 1018 291 1018 240 1024 220 1020 219 1020 218 1020 162 1024 154 1018 153 1018 152 1018 151 1018 114 1023 88 1018 87 1018 86 1018 77 1022 78 1044"/></Shape>
            <String CONTENT="il eſt homme, il faut donc que l’vtilité de tous hommes"
                    HPOS="77.0"
                    VPOS="1017.0"
                    WIDTH="671.0"
                    HEIGHT="42.0"
                    WC="0.9974969763840947"></String>
          </TextLine>
          <TextLine ID="eSc_line_62e1f347-0fdf-4233-88f0-1f162c4ff843"
                    TAGREFS="LT8"
                    BASELINE="77 1076 749 1074" 
                    HPOS="77.0"
                    VPOS="1050.0"
                    WIDTH="672.0"
                    HEIGHT="38.0">
            <Shape><Polygon POINTS="77 1076 77 1088 748 1086 749 1074 747 1057 610 1050 609 1050 608 1050 607 1050 600 1057 561 1057 528 1050 527 1050 526 1050 525 1050 515 1057 476 1051 475 1051 411 1057 330 1051 329 1051 287 1058 124 1052 123 1052 122 1052 121 1052 115 1059 81 1059 77 1076"/></Shape>
            <String CONTENT="ſoit commune par communication entr’eux, comme e¬"
                    HPOS="77.0"
                    VPOS="1050.0"
                    WIDTH="672.0"
                    HEIGHT="38.0"
                    WC="0.9902861288615635"></String>
          </TextLine>
          <TextLine ID="eSc_line_467d14a4-72ca-4cf8-bb46-b0a44444729f"
                    TAGREFS="LT8"
                    BASELINE="78 1108 749 1105" 
                    HPOS="77.0"
                    VPOS="1081.0"
                    WIDTH="672.0"
                    HEIGHT="41.0">
            <Shape><Polygon POINTS="78 1108 80 1122 87 1116 173 1116 183 1122 184 1122 185 1122 186 1122 318 1115 327 1121 328 1121 329 1121 330 1121 362 1115 373 1121 374 1121 375 1121 402 1116 442 1116 449 1121 450 1121 451 1121 452 1121 583 1114 613 1114 623 1120 623 1120 624 1120 625 1120 748 1116 749 1105 747 1088 675 1088 662 1081 661 1081 660 1081 628 1088 610 1081 609 1081 553 1081 552 1081 551 1081 523 1089 503 1089 494 1082 493 1082 493 1082 492 1082 463 1088 425 1082 424 1082 423 1082 409 1088 339 1085 338 1085 287 1090 249 1090 232 1083 231 1083 230 1083 170 1089 164 1085 163 1085 162 1085 161 1085 160 1085 144 1089 77 1084 78 1108"/></Shape>
            <String CONTENT="ſtans tous hommes compris ſous la meſine loy de natu¬"
                    HPOS="77.0"
                    VPOS="1081.0"
                    WIDTH="672.0"
                    HEIGHT="41.0"
                    WC="0.9917987956191009"></String>
          </TextLine>
          <TextLine ID="eSc_line_06c20b69-94fe-4883-9a49-f54badbf4589"
                    TAGREFS="LT8"
                    BASELINE="78 1139 721 1139 747 1142" 
                    HPOS="77.0"
                    VPOS="1114.0"
                    WIDTH="670.0"
                    HEIGHT="41.0">
            <Shape><Polygon POINTS="78 1139 78 1149 124 1152 125 1152 126 1152 136 1148 142 1152 142 1152 143 1152 144 1152 145 1152 163 1148 185 1154 186 1154 187 1154 228 1148 235 1153 235 1154 236 1154 237 1154 238 1155 297 1155 297 1154 298 1154 315 1148 341 1152 342 1152 415 1148 426 1154 427 1154 428 1154 428 1155 469 1155 469 1154 470 1154 471 1154 480 1148 513 1152 514 1152 537 1148 545 1154 545 1154 546 1154 547 1155 594 1155 594 1154 595 1154 617 1148 675 1154 675 1154 676 1154 699 1148 720 1154 721 1154 722 1154 723 1154 747 1147 747 1142 746 1119 683 1114 682 1114 639 1119 616 1114 615 1114 614 1114 613 1114 599 1119 585 1114 584 1114 496 1114 495 1114 494 1114 493 1114 483 1120 432 1120 412 1114 411 1114 410 1114 409 1114 408 1114 398 1120 339 1120 306 1114 305 1114 180 1119 173 1114 172 1114 171 1114 119 1114 118 1114 117 1114 116 1114 109 1120 77 1120 78 1139"/></Shape>
            <String CONTENT="re. C’eſt pourquoy Platon a ſagement dit que les gouuer"
                    HPOS="77.0"
                    VPOS="1114.0"
                    WIDTH="670.0"
                    HEIGHT="41.0"
                    WC="0.9936142336238515"></String>
          </TextLine>
          <TextLine ID="eSc_line_8ca26716-68da-438f-874d-17bc4f99fada"
                    TAGREFS="LT8"
                    BASELINE="78 1170 747 1172" 
                    HPOS="78.0"
                    VPOS="1147.0"
                    WIDTH="669.0"
                    HEIGHT="38.0">
            <Shape><Polygon POINTS="78 1170 78 1183 300 1179 333 1184 334 1184 387 1179 413 1185 414 1185 441 1180 467 1185 467 1185 505 1180 682 1185 683 1185 721 1180 745 1185 747 1172 747 1153 719 1148 718 1148 638 1152 628 1148 627 1148 626 1148 571 1152 486 1148 485 1148 457 1152 397 1148 396 1148 345 1152 335 1147 334 1147 333 1147 311 1152 272 1147 272 1147 271 1147 251 1152 202 1147 201 1147 78 1151 78 1170"/></Shape>
            <String CONTENT="neurs de la multitude ont pour preceptes que tout ce"
                    HPOS="78.0"
                    VPOS="1147.0"
                    WIDTH="669.0"
                    HEIGHT="38.0"
                    WC="0.9926908188141309"></String>
          </TextLine>
          <TextLine ID="eSc_line_63c6ff2d-bb4f-4e29-ab9d-cdb30d0c58bb"
                    TAGREFS="LT8"
                    BASELINE="78 1203 749 1203" 
                    HPOS="78.0"
                    VPOS="1177.0"
                    WIDTH="671.0"
                    HEIGHT="40.0">
            <Shape><Polygon POINTS="78 1203 78 1217 115 1212 125 1217 126 1217 127 1217 155 1212 286 1212 298 1217 299 1217 300 1217 301 1217 319 1212 352 1217 353 1217 354 1217 367 1212 394 1217 395 1217 396 1217 410 1212 417 1217 418 1217 419 1217 420 1217 519 1217 519 1217 519 1217 520 1217 529 1212 748 1215 749 1203 749 1184 726 1177 725 1177 724 1177 683 1184 652 1179 651 1179 592 1184 583 1179 582 1179 581 1179 554 1184 514 1177 513 1177 512 1177 490 1185 404 1185 394 1177 393 1177 392 1177 391 1177 390 1177 366 1183 322 1177 321 1177 320 1177 296 1184 242 1177 241 1177 240 1177 218 1185 185 1185 176 1177 175 1177 174 1177 173 1177 172 1177 155 1182 114 1177 113 1177 78 1184 78 1203"/></Shape>
            <String CONTENT="qu’ils feront ſoit reduit &amp; rapporté à la commune vtili¬"
                    HPOS="78.0"
                    VPOS="1177.0"
                    WIDTH="671.0"
                    HEIGHT="40.0"
                    WC="0.9797755942262453"></String>
          </TextLine>
          <TextLine ID="eSc_line_bf20dc6c-7c33-494b-8d4b-07b3f38c6c30"
                    TAGREFS="LT8"
                    BASELINE="80 1232 750 1234" 
                    HPOS="80.0"
                    VPOS="1207.0"
                    WIDTH="670.0"
                    HEIGHT="36.0">
            <Shape><Polygon POINTS="80 1232 80 1243 749 1243 750 1234 750 1215 713 1215 701 1208 700 1208 646 1208 645 1208 644 1208 632 1214 610 1208 610 1208 609 1208 608 1208 596 1214 584 1208 584 1208 521 1208 520 1208 519 1208 502 1215 424 1215 416 1208 416 1207 415 1207 415 1207 414 1207 413 1207 394 1213 375 1207 374 1207 373 1207 372 1207 358 1213 340 1207 339 1207 338 1207 308 1214 214 1214 181 1207 181 1207 80 1211 80 1232"/></Shape>
            <String CONTENT="te, oublians pour telle choſe leur particulier &amp; qu’ils ne"
                    HPOS="80.0"
                    VPOS="1207.0"
                    WIDTH="670.0"
                    HEIGHT="36.0"
                    WC="0.980793848119933"></String>
          </TextLine>
          <TextLine ID="eSc_line_27f17c4c-f833-4e87-a0c3-dd5c4b5e37a0"
                    TAGREFS="LT8"
                    BASELINE="79 1267 750 1267" 
                    HPOS="79.0"
                    VPOS="1242.0"
                    WIDTH="671.0"
                    HEIGHT="39.0">
            <Shape><Polygon POINTS="79 1267 79 1281 105 1276 140 1276 145 1281 146 1281 147 1281 148 1281 149 1281 162 1276 220 1276 229 1281 230 1281 231 1281 232 1281 362 1276 749 1281 750 1267 750 1242 682 1242 681 1242 680 1242 679 1242 679 1243 673 1248 650 1242 649 1242 649 1242 618 1248 576 1242 575 1242 523 1248 498 1242 497 1242 496 1242 495 1242 473 1248 450 1242 449 1242 448 1242 447 1242 434 1249 347 1249 330 1242 329 1242 328 1242 327 1242 326 1242 318 1249 259 1249 248 1243 247 1243 246 1243 219 1248 211 1243 210 1243 209 1243 208 1243 157 1248 142 1242 142 1242 111 1242 110 1242 109 1242 108 1242 108 1243 101 1249 84 1249 79 1267"/></Shape>
            <String CONTENT="foulent vne partie de communité pour l’autre. Car la"
                    HPOS="79.0"
                    VPOS="1242.0"
                    WIDTH="671.0"
                    HEIGHT="39.0"
                    WC="0.9906199315808853"></String>
          </TextLine>
          <TextLine ID="eSc_line_a0dbdcde-08b0-444d-9273-2cdcfebf0a8e"
                    TAGREFS="LT8"
                    BASELINE="80 1298 749 1296" 
                    HPOS="79.0"
                    VPOS="1271.0"
                    WIDTH="670.0"
                    HEIGHT="41.0">
            <Shape><Polygon POINTS="80 1298 80 1306 113 1312 114 1312 115 1312 128 1307 154 1312 155 1312 155 1312 173 1307 287 1312 288 1312 331 1307 422 1311 423 1311 424 1311 437 1306 467 1311 468 1311 525 1306 577 1311 578 1311 749 1309 749 1296 748 1277 742 1272 741 1272 740 1272 740 1272 739 1272 727 1279 629 1279 620 1271 619 1271 618 1271 563 1271 562 1271 561 1271 548 1279 468 1279 461 1272 461 1271 460 1271 459 1271 415 1271 415 1271 414 1271 389 1280 358 1280 346 1273 345 1273 344 1273 310 1279 301 1272 300 1272 299 1272 256 1272 255 1272 254 1272 242 1278 222 1272 221 1272 220 1272 193 1279 186 1273 185 1273 184 1273 183 1273 164 1277 158 1272 157 1272 156 1272 114 1272 113 1272 112 1272 99 1279 79 1279 80 1298"/></Shape>
            <String CONTENT="pulelique adminiſtration eſt à exercer comme vne tutel"
                    HPOS="79.0"
                    VPOS="1271.0"
                    WIDTH="670.0"
                    HEIGHT="41.0"
                    WC="0.9929459246722134"></String>
          </TextLine>
          <TextLine ID="eSc_line_a8fe5ec9-e66f-4666-b74d-9d6045391d91"
                    TAGREFS="LT8"
                    BASELINE="80 1328 748 1328" 
                    HPOS="80.0"
                    VPOS="1303.0"
                    WIDTH="668.0"
                    HEIGHT="41.0">
            <Shape><Polygon POINTS="80 1328 80 1338 392 1344 393 1344 394 1344 415 1338 479 1344 480 1344 536 1338 571 1343 571 1343 572 1343 586 1338 616 1344 617 1344 618 1344 619 1344 625 1338 632 1343 633 1343 634 1343 635 1343 636 1343 649 1338 666 1344 667 1344 668 1344 669 1344 685 1338 727 1344 727 1344 728 1344 748 1337 748 1328 747 1304 717 1311 660 1311 639 1303 638 1303 637 1303 604 1310 556 1303 555 1303 554 1303 536 1310 527 1303 526 1303 525 1303 509 1303 508 1303 477 1310 446 1303 445 1303 444 1303 443 1303 442 1303 433 1311 390 1311 381 1305 380 1305 379 1305 378 1305 338 1308 301 1303 300 1303 299 1303 286 1310 251 1310 229 1303 228 1303 171 1303 170 1303 169 1303 168 1303 159 1309 120 1303 119 1303 118 1303 117 1303 110 1309 80 1310 80 1328"/></Shape>
            <String CONTENT="le d’orphelins qui n’eſt pour le profit du tuteur, mais"
                    HPOS="80.0"
                    VPOS="1303.0"
                    WIDTH="668.0"
                    HEIGHT="41.0"
                    WC="0.9998471346768466"></String>
          </TextLine>
          <TextLine ID="eSc_line_8d69b43c-cd26-4e56-9a43-d394c857731c"
                    TAGREFS="LT8"
                    BASELINE="79 1361 747 1360" 
                    HPOS="79.0"
                    VPOS="1334.0"
                    WIDTH="668.0"
                    HEIGHT="41.0">
            <Shape><Polygon POINTS="79 1361 79 1369 128 1375 129 1375 129 1375 146 1371 156 1375 157 1375 158 1375 187 1371 223 1375 224 1375 302 1371 318 1375 319 1375 320 1375 360 1370 454 1374 454 1374 455 1374 467 1369 479 1374 480 1374 480 1374 535 1369 728 1374 729 1374 730 1374 747 1369 747 1360 745 1334 698 1334 697 1334 696 1334 676 1341 543 1341 518 1334 517 1334 516 1334 515 1334 514 1334 505 1341 433 1341 415 1334 414 1334 413 1334 412 1334 389 1342 364 1342 351 1334 350 1334 350 1334 349 1334 329 1341 305 1334 304 1334 303 1334 260 1341 252 1334 251 1334 250 1334 179 1334 178 1334 177 1334 163 1341 155 1334 155 1334 154 1334 94 1334 93 1334 92 1334 85 1338 79 1361"/></Shape>
            <String CONTENT="des pupilles, &amp; que tels ne s’approprient comme poſſeſ¬"
                    HPOS="79.0"
                    VPOS="1334.0"
                    WIDTH="668.0"
                    HEIGHT="41.0"
                    WC="0.9921451622789557"></String>
          </TextLine>
          <TextLine ID="eSc_line_71d8c60e-eefb-477f-ae8d-120fc605ee88"
                    TAGREFS="LT8"
                    BASELINE="78 1390 746 1392" 
                    HPOS="77.0"
                    VPOS="1365.0"
                    WIDTH="669.0"
                    HEIGHT="38.0">
            <Shape><Polygon POINTS="78 1390 77 1401 744 1403 746 1392 746 1373 726 1366 725 1366 724 1366 685 1373 646 1366 645 1366 618 1372 579 1366 578 1366 577 1366 561 1373 545 1366 545 1366 544 1366 505 1373 471 1367 470 1367 469 1367 468 1367 460 1374 432 1374 413 1365 412 1365 411 1365 410 1365 409 1365 398 1373 373 1365 372 1365 371 1365 308 1373 271 1373 250 1365 249 1365 248 1365 247 1365 230 1372 213 1366 212 1366 211 1366 181 1373 78 1366 78 1390"/></Shape>
            <String CONTENT="ſioir, ce qui eſt en ceſte qualite à Dieu ſeul, quiſont les"
                    HPOS="77.0"
                    VPOS="1365.0"
                    WIDTH="669.0"
                    HEIGHT="38.0"
                    WC="0.9890928258498509"></String>
          </TextLine>
          <TextLine ID="eSc_line_0cd3de50-a09a-45ec-b620-1b8d6a91544e"
                    TAGREFS="LT8"
                    BASELINE="80 1424 744 1423" 
                    HPOS="79.0"
                    VPOS="1397.0"
                    WIDTH="665.0"
                    HEIGHT="55.0">
            <Shape><Polygon POINTS="80 1424 80 1452 197 1452 197 1451 198 1451 220 1442 246 1451 247 1451 248 1451 301 1448 302 1448 303 1448 311 1442 323 1449 324 1449 324 1449 349 1445 355 1450 356 1450 357 1450 358 1450 359 1450 360 1450 368 1444 379 1451 380 1451 381 1451 382 1451 383 1451 410 1442 438 1448 439 1448 440 1448 441 1448 452 1439 520 1439 539 1449 540 1449 541 1449 542 1449 571 1439 581 1446 582 1446 583 1446 584 1446 670 1439 702 1449 703 1449 704 1449 705 1449 744 1437 744 1423 742 1403 695 1397 694 1397 639 1403 589 1403 581 1397 580 1397 579 1397 534 1397 533 1397 532 1397 518 1402 498 1397 497 1397 496 1397 455 1402 441 1397 440 1397 439 1397 381 1398 380 1398 379 1398 370 1404 337 1404 331 1398 330 1398 329 1398 328 1398 259 1403 232 1398 204 1398 203 1398 202 1398 201 1398 192 1403 79 1399 80 1424"/></Shape>
            <String CONTENT="hommes &amp; le peuple, au lieu que leur inſtitution n’em?"
                    HPOS="79.0"
                    VPOS="1397.0"
                    WIDTH="665.0"
                    HEIGHT="55.0"
                    WC="0.978127145104938"></String>
          </TextLine>
        </TextBlock>
        <TextBlock HPOS="753.0"
                   VPOS="1121.0"
                   WIDTH="134.0"
                   HEIGHT="51.0"
                   ID="eSc_textblock_4a01059b-049b-4045-b56b-3221a44fec68"
                   TAGREFS="BT100009">
          <Shape><Polygon POINTS="887 1121 887 1172 753 1172 753 1121"/></Shape>
          <TextLine ID="eSc_line_88b146b1-02df-44b1-b245-996638ac227a"
                    TAGREFS="LT8"
                    BASELINE="754 1150 882 1152" 
                    HPOS="753.0"
                    VPOS="1121.0"
                    WIDTH="129.0"
                    HEIGHT="57.0">
            <Shape><Polygon POINTS="875 1121 866 1121 857 1121 847 1121 838 1121 829 1121 828 1121 827 1121 818 1128 803 1121 802 1121 801 1121 800 1121 787 1127 754 1127 754 1150 753 1167 787 1167 817 1178 818 1178 818 1178 841 1178 841 1178 842 1178 843 1178 843 1177 851 1169 856 1173 857 1173 857 1173 858 1173 881 1170 882 1152 880 1121 875 1121"/></Shape>
            <String CONTENT="En ſa repub."
                    HPOS="753.0"
                    VPOS="1121.0"
                    WIDTH="129.0"
                    HEIGHT="57.0"
                    WC="0.9479254136482874"></String>
          </TextLine>
        </TextBlock>
      </PrintSpace>
    </Page>
  </Layout>
</alto>
