1000 1671
206.0 80.0 303.0 58.0 Sous Charles ix.

676.0 90.0 63.0 46.0 211

740.0 428.0 130.0 42.0 Des tyran¬

743.0 458.0 81.0 51.0 nicides.

67.0 137.0 671.0 42.0 hender & par ordre de iuſtice le punir: reſte à ſauoir ſi ce

69.0 166.0 668.0 44.0 moyen ne ſe peut trouuer, ſi apres cela il ne s’en trouue

67.0 193.0 670.0 44.0 aucun de licite ſuiuant ce que lon void de Athalia vſur¬

71.0 227.0 668.0 47.0 patrice, & d’Amaſias tyran, qui ont deffendu par la force

69.0 258.0 670.0 45.0 leur iniuſtice: cõtre leſquels il y a eu vne tacite condam¬

70.0 292.0 670.0 44.0 nation es eſtats: dont s’en eſt enſuiuie l’execution par

72.0 322.0 668.0 46.0 voye de ſurpriſe, n’y eſtant enſuiuies toutes les formes

70.0 353.0 671.0 46.0 ordin aires de iuſtice. Ie croy que ſuiuant ce qui a eſté al¬

69.0 383.0 671.0 56.0 legué, les hommes amis de la raiſon ne ſe formaliſeront

71.0 423.0 332.0 43.0 pas beaucoup au contraire.

101.0 456.0 634.0 38.0 Mais voicy vn grand ſcãdale à quel ques vns qui ſe di¬

72.0 481.0 669.0 46.0 ſent theologiens, preſcheurs d’vne patience ſans reigle

73.0 512.0 670.0 47.0 & du tour ſeparee de la charité enuers le public, ſur la¬

74.0 545.0 669.0 45.0 quelle doit eſtre vn de ſes principaux fondemens: c’eſt

73.0 579.0 671.0 44.0 des tyrannicides. Ils diſent qu’il n’appartient qu’aux per

76.0 609.0 668.0 43.0 ſonnes qui ont particuliere reuelation de Dieu & com

76.0 638.0 669.0 45.0 mandement ſpecial de toucher à la vie du prince. Or eſt

77.0 668.0 668.0 49.0 il que ces reuelatiõs n’õt plus de lieu: parquoy faudroit

77.0 704.0 668.0 41.0 conclurre que tels exemples enregiſtrez par le S. Eſprit

77.0 733.0 668.0 46.0 en perpetuelle memoire, & où il eſt attribué louãge aux

76.0 765.0 669.0 44.0 executeurs, ne fuſſent en aucune maniere imitables. Que

77.0 799.0 667.0 43.0 ſi cela a lieu onpeut auec pareille raiſon dire que la guer

77.0 829.0 668.0 47.0 re ne ſe droit faire que par cõmandement ſpecial & par

78.0 861.0 667.0 46.0 reuelation. Car les princes fidelles anciẽnement ne l’en¬

78.0 893.0 668.0 44.0 treprenoyent que par tel moyẽ, aſauoir interroguant la

78.0 924.0 669.0 45.0 bouche du Seigneur. Si on demande conſeil à vn de ces

81.0 957.0 665.0 43.0 theologiens pour deliurer le monde de la tyrannie, en

81.0 987.0 666.0 44.0 oſtant le tyran par ceſte voye, reſoluement il le deſcon¬

81.0 1019.0 666.0 43.0 ſeillera: ou en fin il renuoyera l’entrepreneur à ſa propre

82.0 1049.0 665.0 45.0 conſcience, ſauoir s’il ſeroit pouſſé du zele de la gloire

83.0 1083.0 665.0 43.0 de Dieu & du bien public: ce qui ne peut eſtre conu que

83.0 1114.0 665.0 43.0 de Dieu & de l’hõme meſmes qui l’a:ce que i’approuue

85.0 1147.0 661.0 38.0 bien. Mais d’interdire entierement ceſte voye ie ne voy

83.0 1178.0 665.0 41.0 rien de ſolide en toutes leurs raiſons. Car puis qu’il s’eſt

84.0 1207.0 665.0 44.0 fait ſelon Dieu, il n’eſt ſimplement condẽnable: & ne ſe

85.0 1243.0 664.0 43.0 trouue point que Dieu ait donné en ce temps plus de pri

85.0 1274.0 664.0 43.0 uilege aux roys de tyranniſer qu’aux anciẽs rois, ni que

85.0 1304.0 665.0 46.0 les ſuiets ſoyent plus faits ſerfs ſous l’Euangile que les

83.0 1335.0 668.0 41.0 anciens ſous la loy. Que s’il y a reuelation qui ordonne

86.0 1366.0 665.0 57.0 ſcõme au tẽps de Pharaon, de Nabuchodonoſor, & des

555.0 1403.0 94.0 40.0 DD ;
