1000 1671
135.0 91.0 159.0 51.0 M.D.LXXIIH

462.0 96.0 292.0 49.0 Eſtat de France

266.0 150.0 669.0 41.0 entrenieſlees, ſi eſt-ce que par là les gẽs de bien des deux

269.0 183.0 667.0 38.0 coſtez (pource qu’il y en a qui ſont conduits d’vn zele

268.0 211.0 667.0 41.0 inconſideré, à faire ce qu’ils font, ſous calomnies ou cõ¬

268.0 242.0 667.0 41.0 me circonuenus) qui ont leur but & intention toute con

268.0 274.0 667.0 42.0 traire à ce qu’ils effectuent: & la paix & reunion les reſ¬

267.0 305.0 668.0 41.0 ueilleroit de ceſte ſtupidité par la communication que

267.0 336.0 668.0 43.0 ils auroyent auȩe ceux qu’ils condãnent & ſentiroyẽt en

268.0 368.0 667.0 43.0 ceſte froideur mieux leur mal & celuy de la patrie que

267.0 399.0 668.0 44.0 lors qu’eſchaufez de la guerre ils combattent afin de ne

267.0 429.0 667.0 43.0 receuoir la loy de leurs aduerſaires, qui eſt la remiſe des

268.0 463.0 665.0 40.0 vaincus, apprehenſion certes qui tient ſouuent les hom¬

267.0 494.0 666.0 47.0 mes plus bridez que ne fait la raiſon ni le danger certain

269.0 528.0 263.0 45.0 de leur propre ruyne.

129.0 536.0 127.0 43.0 Diſpute du

126.0 568.0 147.0 45.0 fait de Bru¬

127.0 607.0 52.0 39.0 tue.

288.0 568.0 643.0 34.0 Or pour reſouldre ceſte diſpute, Ciceron dit que ſi

269.0 589.0 665.0 44.0 Brutus & ſes compagnons ont tué en la perſonne de Ce

267.0 620.0 667.0 41.0 ſar le pere de la patrie, le faict a eſté plus atroce & inhu¬

266.0 654.0 669.0 43.0 main que s’ils euſſent eſté parricides de leurs peres natu¬

267.0 685.0 665.0 42.0 rels: mais ſi au contraire, que toutes ſortes de gens ont à

266.0 715.0 668.0 41.0 recueillir vn treſexcellent fruit de la vie de ſi braues hõ¬

266.0 748.0 668.0 44.0 mes par tel exploit au profit commun, que la poſterité

267.0 779.0 667.0 41.0 ſera tenue d’employer la langue & les lettres pour les

266.0 812.0 668.0 42.0 rendre memorables & immortels. Ils ont hazaidé leur

268.0 842.0 665.0 46.0 vie à faire vne guerre ſommaire pour eſtablir la paix pu¬

267.0 875.0 666.0 44.0 blique & la liberté des citoyens. Ils ont tiré le ſang cor¬

267.0 906.0 668.0 41.0 rompu d’vne veine par où ils ont fait reuerſiõ d’vn fiux

267.0 938.0 668.0 44.0 qui prenoit cours par tous les autres endroits du corps

267.0 969.0 668.0 38.0 qui euſt meſmes eſpuiſé la vie. C’eſt ce que les amis de la

267.0 1000.0 668.0 44.0 ſocietéciuile doiuẽt procurer, quelque chereque leur en

267.0 1032.0 668.0 44.0 puiſſe eſtre l’expedition. Que vaut vn empire eſtẽdu par

267.0 1064.0 668.0 42.0 contumelie & oppreſſion, quand le prince n’a autre but

267.0 1095.0 667.0 44.0 que de faire vne mer de ſang humain ſur laquelle vogue

267.0 1126.0 668.0 46.0 la barque de ſa grandeur, qui puis apres ſe trouue telle¬

266.0 1159.0 670.0 42.0 ment agitee des vents de vanité qu’il faut que luy meſ¬

266.0 1190.0 669.0 44.0 me y periſſe? Il loue la grandeur de l’empire, & ſeroit re¬

266.0 1222.0 668.0 43.0 quis que le monde peut eſtre regi par vn prince & ſous

268.0 1254.0 667.0 37.0 vne loy. Toutesfois l’homme ambitieux & conuoiteux

266.0 1285.0 676.0 42.0 ne ſe contenteroit pas de l’amplitude de ceſte domina¬

267.0 1315.0 668.0 43.0 tion, s’il n’vſurpoit ſur le gouuernement diuin, & qu’il

266.0 1347.0 669.0 42.0 ne ſe perchaſt ſur les loix & ſur la nature, voulant ordõ¬

267.0 1379.0 667.0 49.0 ner par ſa ſeule volonté, ſans autre reigle, des choſes tant

829.0 1413.0 97.0 40.0 humai¬
