1000 1671
135.0 103.0 162.0 51.0 M.D.LEXIIII

132.0 712.0 125.0 44.0 Vice de la

130.0 749.0 94.0 43.0 nobleſſe.

128.0 1091.0 131.0 42.0 Chriſoſtome

127.0 1126.0 133.0 47.0 ſus ſ.Matih,

130.0 1384.0 125.0 47.0 Acl. 17.

445.0 101.0 276.0 56.0 Eſtatde France

272.0 157.0 665.0 38.0 on void ce qui eſt dit des chefs des lignees & des anclẽs

273.0 187.0 664.0 41.0 en Iſrael, deſquels les enfans n’eſtoyent pas pour cela re

272.0 217.0 663.0 39.0 putez plus nobles que les autres, qui depuis a eſté faicte

271.0 247.0 664.0 41.0 hereditaire comme il a eſté dit. C’eſt vn ordre qui tend

272.0 280.0 663.0 42.0 à bonne fin, & d’où il prouient beaucoup de bien, ſi

272.0 310.0 663.0 41.0 les effects ſuyuent la premiere inſtitution & intention

272.0 345.0 663.0 41.0 de ceux qui ont receu les nobles: car ils ſont pour ſei¬

274.0 376.0 661.0 42.0 gneurier, & par conſequent faits participans chaſcun de

273.0 408.0 663.0 43.0 quelque portion du droit royal, ſous leſouuerainduquel

272.0 441.0 663.0 39.0 ils ſont le bras dextre: & pourtant doiuent conſeruer le

272.0 472.0 668.0 40.0 pauure peuple qui leur eſt donné en garde, & qui tant

272.0 502.0 665.0 42.0 humblement ſe ſoumet à les reuerer & leur rẽdre obeiſ

272.0 534.0 663.0 43.0 ſance. Mais ce ſont ceux qui par arrogãce luy font le pis

272.0 566.0 664.0 42.0 & qui le pouſſent plus rudemẽt en ſeruitude, ſans auoir

271.0 598.0 665.0 42.0 eſgard que le pauure peuple y tombant tirera en fin la

270.0 629.0 665.0 40.0 nobleſſe apres, quand par le degaſt de la communiõ de

270.0 663.0 666.0 42.0 entreux le ſouuerain les rãgera les vns & les autres ſous

271.0 694.0 310.0 40.0 luy en meſme condition.

298.0 730.0 641.0 38.0 Socrates diſoit qu’entre les vices familiers à la nobleſ

271.0 755.0 665.0 40.0 ſe ils en auoyent vn particulier qui terniſſoit leur excel¬

270.0 789.0 666.0 44.0 lence & dignité: c’eſt vne opinion & amour qu’ils ont

271.0 821.0 664.0 42.0 à euxmeſmes d’vne gloire empruntee de leurs maieurs,

270.0 853.0 666.0 43.0 de laquelle aueuglez ils meſpriſent le vulgaire, duquel la

268.0 885.0 667.0 42.0 meilleure partie de la cité eſt compoſee. Le peuple la

270.0 916.0 661.0 41.0 conſtruite, la maintient & la conſerue: & les nobles veu¬

267.0 946.0 667.0 45.0 lent triompher de la gloire d’icelle. Celuy, dit Dioge¬

268.0 979.0 667.0 43.0 nes à ce propos, doit eſtre reputé le plus noble qui

268.0 1011.0 666.0 41.0 mieux meſpriſe l’auarice, qui meſpriſe la vaine gloire, la

271.0 1042.0 662.0 44.0 volupté, & ſa propre vie quand la raiſon le requiert, &

270.0 1075.0 663.0 42.0 qui ſait vaincre par vertu la pauureté, la hõte, le labeur,

271.0 1106.0 663.0 40.0 la crainte & la mort. La vanité & abus de ceux de ceſt e¬

269.0 1136.0 665.0 42.0 ſtat là a fait dire autres fois à vn ſaĩct docteur que ce n’e

270.0 1167.0 663.0 43.0 ſtoit que choſe vaine receue d’ãtiquité entre les hõmes.

268.0 1202.0 666.0 41.0 Mais il appert auec quel progres ceſt eſtat a eſté intro¬

268.0 1232.0 665.0 43.0 duit au mõde, & qu’elle en eſt auiourd’huy l’vtilité pour

269.0 1264.0 665.0 41.0 les guerres, pourueu que l’abus en fut hors. Or pour l’a¬

269.0 1296.0 665.0 42.0 bus d’vne choſe il n’eſt pas dit qu’elle doyue eſtre abo¬

268.0 1329.0 666.0 37.0 lie & condamnee, ains faut eſperer qu’elle ſe corrige, &

270.0 1361.0 664.0 40.0 cependant y trauailler. S. Luc donne treſbon teſmoigna¬

259.0 1390.0 675.0 50.0 ge de ceux qui ſauuerent S. Paul hors de Theſſalonique

869.0 1427.0 65.0 43.0 qu’il
