1000 1671
133.0 100.0 160.0 40.0 M. D. LXXIIII

272.0 158.0 670.0 40.0 ſingulierement quand il y va de la vie qui ne doit eſtre

270.0 187.0 671.0 37.0 rauie à l’homme que par la loy & la iuſtice, & non par

272.0 218.0 670.0 42.0 violẽce ne par volõté humaine. Cicero dit en ce qu’il eſ¬

272.0 249.0 669.0 42.0 crit pour ſa maiſõ, que par les loix eſcrites il auoit eſté or

272.0 279.0 669.0 38.0 dõné que l’õ ne fit iugemẽt de la vie ou de la mort d’vn

126.0 289.0 121.0 64.0 Eu la vie

274.0 310.0 664.0 40.0 citoyẽ Romain, ſi ce n’eſtoit que ce peuple fuſt aſſemblé

128.0 345.0 144.0 46.0 des Gracch.

281.0 342.0 659.0 42.0 aux Comices apellez Centuriata, c’eſt adire faits par cẽtai

272.0 375.0 669.0 42.0 nes: ce que cõferme auſſi Plutarque, & ce afin de ne laiſ¬

274.0 403.0 664.0 46.0 ſer la paſſiõ, faueur ou malueillãce d’vn particulier eſtre

273.0 439.0 667.0 43.0 iuge de la vie, qui ne ſe peut rendre, & qui n’eſt ſoumiſe

274.0 470.0 667.0 42.0 qu’à Dieu & aux loix. Or la multitude de cent ne pou¬

273.0 502.0 667.0 46.0 uoit pas auoir tous les yeux du iugemẽt eſblouys pour

275.0 531.0 169.0 39.0 telles choſes.

464.0 102.0 281.0 58.0 Eſtat de France

129.0 559.0 110.0 40.0 Des loix.

303.0 570.0 637.0 39.0 Les loix ſont deffectueuſes (dira on) en ce que toutes

273.0 596.0 668.0 44.0 les occurrẽces & particularitez n’y peuuẽt pas eſtre deſ¬

274.0 628.0 665.0 42.0 crites. La iuſtice contenue en icelles n’eſt iuſtice que par

273.0 659.0 666.0 43.0 accident, attẽdu qu’elles cõmãdent ou deffendẽt toutes

274.0 695.0 665.0 41.0 choſes generales: dont viẽt que la pratique de leurs or¬

277.0 722.0 663.0 42.0 donnãces, à les bien apliquer & diſtribuer, eſt ce qui les

275.0 752.0 664.0 47.0 faict dire ſimplemẽt iuſtes: & pourtãt faut que le prince

275.0 786.0 665.0 44.0 les dreſſe & en ordonne. Il eſt bien certain que tout ce

276.0 819.0 664.0 43.0 qui peut eſcheoir n’eſt pas deſcrit par les loix, & que ce

277.0 850.0 663.0 43.0 qui y defaut eſt ſous l’arbitrage du prince: mais ceſte in¬

276.0 881.0 664.0 43.0 terpretation ou ſupplément ne ſe recueille pas en la ſim

277.0 914.0 665.0 41.0 ple volonté du prince, ains en ceſte reigle generale d’e¬

279.0 944.0 661.0 42.0 quité naturelle, qui eſt apellee vne relaſche de la rigueur

279.0 974.0 660.0 44.0 des loix, par vne interpretatiõ plaine d’humanité. C’eſt

279.0 1007.0 662.0 42.0 pourquoy Conſtantin & Licinius ſon collegue diſent

279.0 1036.0 661.0 44.0 qu’il faut qu’ẽ toutes choſes la raiſon de iuſtice & equi¬

278.0 1069.0 662.0 43.0 té aille deuãt le droit preſſé & eſtroit. Or en tel exercice

279.0 1102.0 662.0 37.0 il faut eſtre expert, car il auient ſouuent que les mieux

280.0 1136.0 661.0 39.0 affectionnez & qui ont bõne conoiſſance des loix, pour

279.0 1165.0 661.0 42.0 n’auoir la pratique des faits ne ſcauroyent faire iuſtice.

279.0 1195.0 660.0 43.0 Comment donc adiouſteroit on à ce qui eſt defectueux

279.0 1231.0 660.0 38.0 ou interpreteroit ce qui eſt obſcur en icelles? Or il y a

282.0 1259.0 658.0 39.0 vne diſtinction en telle matiere c’eſt que les choſes cõ¬

281.0 1294.0 659.0 37.0 mandees par les loix poſitiues doyuent eſtre iuſtes en

278.0 1326.0 664.0 39.0 apparence pour le moins ſi elles ne le ſont en effect: car

277.0 1356.0 663.0 41.0 elles ont eſgard au profit du prince ou de quelques vns

278.0 1386.0 660.0 51.0 des principaux de l’eſtat, ou au profit commun de tou¬

139.0 940.0 100.0 48.0 Cod.18.

879.0 1420.0 62.0 40.0 te la
