1000 1671
81.0 134.0 663.0 47.0 fut impoſee à la femme enuers le mary & ſeulement no

80.0 173.0 664.0 41.0 tifiee apres le peché, & que auparauant il n’en eſtoit ain

81.0 207.0 663.0 41.0 ſi & que ce fut pour malediction & peine du peché: Ie

79.0 236.0 665.0 43.0 ay deſia monſtré comment le plus imbecille & dernier

81.0 266.0 662.0 47.0 en degré doit l’honneur à celuy qui le precede en ver¬

81.0 299.0 663.0 41.0 tu & en ordre de generation. En outre il ſe void en ce¬

749.0 330.0 69.0 47.0 Gen.3

79.0 332.0 663.0 41.0 ſte allegation que Dieu dit à Eue, Ie multiplieray gran¬

81.0 363.0 663.0 41.0 dement ton trauail. Sur quoy on peut dire que ce mot

82.0 392.0 662.0 45.0 multiplier ſignifie accroiſſement de nombre ou quanti¬

81.0 425.0 663.0 41.0 té en vn certain principe qui eſt deſia. Puis donc que ſe

81.0 455.0 662.0 46.0 multiplier preſuppoſe vn commencement qui eſt creu

81.0 488.0 660.0 44.0 par augmentation de cho ſe qui luy a eſte adiouſtee il y

81.0 519.0 661.0 39.0 auoit auparauant dequoy trauailler pour Eue. Sa volon¬

81.0 550.0 659.0 44.0 té eſtoit auſſi auparauant ſuiette à celle de ſon mary,

81.0 581.0 660.0 42.0 mais d’vne ſuiection libre, volontaire & ſains contrain¬

81.0 612.0 661.0 45.0 te, exempte de vice & de regret. La difference de ceſte

81.0 648.0 659.0 39.0 derniere ſuiection auec la piemiere eſt deſcrite là meſ¬

81.0 674.0 659.0 44.0 me, quand il eſt dit à la femme, Et iceluy ton mary au¬

82.0 707.0 658.0 37.0 ra domination ſur toy: qui monſtre que de là en auant

82.0 738.0 658.0 41.0 il pouuoit exiger ce droit de ſubiection & obeiſſance

83.0 772.0 657.0 35.0 qu’il auoit ſur la femme, quand elle ne voudroit le

82.0 803.0 658.0 39.0 luy rendre franchement, comme naturellement elle y

81.0 833.0 660.0 42.0 eſtoit tenue, à quoy elle eſtoit encores plus aſtreinte

82.0 865.0 658.0 41.0 par ceſt accident du peché où elle eſtoit la premiere

82.0 894.0 658.0 45.0 tombee. Or ſi dautant qu’il eſt dit à la femme que ſa

84.0 927.0 656.0 41.0 volonté ſera ſuiette à celle du mary on deuoit con¬

83.0 958.0 658.0 39.0 clurre que telle ſubiection fuſt introduite par maledi¬

82.0 991.0 658.0 36.0 ction & non par deuoir naturel qui eſt enſeigne de

82.0 1020.0 658.0 42.0 Dieu en toutes perſonnes: Il faudroit pareillement con

82.0 1053.0 658.0 40.0 clurre auec les Rabins que le ſerpent qui rampe ne mar¬

81.0 1083.0 659.0 43.0 che ainſi ſinon à cauſe de la malediction: & toutesfois

81.0 1115.0 659.0 41.0 on void que des la creation pluſieurs animaux aſauoir

81.0 1147.0 659.0 42.0 les reptiles furent mis au monde allans naturellement

81.0 1178.0 659.0 40.0 ſur leur poitrine, comme alloit le ſerpent: car il ne ſe

81.0 1210.0 659.0 43.0 trouue point que Dieu ait changé quelque choſe en la

81.0 1243.0 659.0 40.0 forme de ce ſerpent depuis qu’il le crea premierement:

79.0 1273.0 661.0 42.0 mais ce qui eſt naturel à ceſt animal luy fuſt faiten ſignal

81.0 1305.0 658.0 41.0 & marque de maledictiõ, & eut pour peine ce qui luy e¬

79.0 1334.0 658.0 42.0 ſtoit biẽ aiſé au parauãt. Et quãd il fut dit à Adã qu’il tra¬

80.0 1366.0 660.0 49.0 uailleroit pour ſa vie, on void qu’il faloit qu’il trauaillaſt

223.0 92.0 296.0 50.0 Sous Charles Ix.

676.0 105.0 67.0 43.0 152
