1000 1671
55.0 144.0 670.0 53.0 Au contraire, quoy que verité ſemble eſtre accablee

57.0 183.0 665.0 46.0 ſi reſſourt elle touſiours: car elle à tant de puiſſance,

56.0 240.0 670.0 22.0 que quoy que pardicoumaenme des nommesene dle

54.0 247.0 673.0 46.0 eſté aſſaillie, elle n’a peu eſtre renuerſee. Et combien

54.0 280.0 672.0 44.0 qu’il n’y euſt protecteur à prendre ſa defence, elle ſe

54.0 310.0 671.0 44.0 maintient touſiours de ſoymeſmes. O que la force de

61.0 342.0 665.0 49.0 verité eſt grande, dit Ciceron, laquelle contre l’eſprit,

56.0 375.0 663.0 42.0 ruſé & cautelle des hommes ſe deffend aiſement ſans

52.0 404.0 666.0 48.0 ayde ne ſecours d’autruy! Ce ſont choſes liees & qui ne

56.0 442.0 662.0 41.0 ſe trouuent ſeparees en l’homme aimant verité, que la

56.0 470.0 665.0 48.0 prudence, tẽperance & magnanimité, participãs toutes

56.0 502.0 669.0 45.0 ces vertus de la Iuſtice qui preſide ſur icelles trois. C’eſt

56.0 533.0 670.0 47.0 ce qui eſt requis pour rendre accomply vn homme qui

58.0 562.0 660.0 54.0 prend charge de gouuerner: & c’eſt à ce propos que les

58.0 596.0 668.0 44.0 anciens ont tenu que ceux qui ſont preux & magnani¬

58.0 628.0 666.0 45.0 mes ſont ſages, bons, & amateurs de ſimple verité, ſans

58.0 659.0 670.0 46.0 auoir en eux falace ou diſſimulation, par leſquelles cho¬

58.0 691.0 670.0 45.0 ſes ils meritent d’emporter la louange de luſtice. Et

60.0 722.0 668.0 46.0 tant plus cela eſt il deteſtable ſi en telle grandeur & hau¬

59.0 754.0 668.0 46.0 teſſe de courage s’engendre vne pertinacité & conuoi¬

59.0 788.0 670.0 41.0 tiſe de tyranniſer: car il eſt impoſſible à celuy qui veut

60.0 818.0 669.0 42.0 eſtre ainſi preferé à tous qu’il garde bien equité. Il n’eſt

64.0 852.0 665.0 41.0 donc pas louable de vouloir pluſtoſt par violence eſtre

61.0 881.0 668.0 41.0 ſouuerain à qui ne l’eſt ou à qui l’eſt, de tyrãniſer, cõme

63.0 914.0 668.0 44.0 il eſt par Iuſtice de demeurer pareil ou en equitable do¬

64.0 945.0 666.0 42.0 minatiõ, ſelõ les loix & la raiſon. Mais la Iuſtice en l’hõ

64.0 978.0 666.0 45.0 me magnanime eſt de tant plus louable qu’elle ſe trou¬

64.0 1010.0 666.0 40.0 ue malaiſee en vn tel de la retenir & enſuiure. La vraye

65.0 1041.0 666.0 44.0 & prudẽte magnanimité dõques ſe manifeſte en ceux

64.0 1074.0 668.0 42.0 qui preſeruent l’autruy de tort ou d’iniure: car elle iuge

65.0 1106.0 665.0 39.0 ceſte honneſteté, à laquelle nature nous encline, eſtre es

64.0 1135.0 665.0 44.0 faictz & œuures vertueuſes, & nõ pas en la gloire & re¬

65.0 1168.0 664.0 41.0 nõmee tellement quellemẽt acquiſe Par ainſi l’opinion

66.0 1196.0 662.0 46.0 qu’à vn peuple des vertus que l’homme a demonſtrees

67.0 1231.0 662.0 47.0 en certaines choſes luy font deſirer qu’il accepte charge

67.0 1264.0 661.0 40.0 au gouuernement public, attendu que l’on preſume en

69.0 1295.0 661.0 42.0 vn homme du temps paſſe au temps preſent, quant à ſes

67.0 1328.0 664.0 40.0 actions, luy commettant par honneur la charge de ce

68.0 1359.0 664.0 41.0 que les hommes ont le plus chert ce qui ſe faict auec

65.0 1389.0 507.0 42.0 ſolemnité & ſerment, comme il a eſté dit.

727.0 390.0 110.0 35.0 Vatin. &

726.0 421.0 137.0 64.0 pro M. Cæ¬

724.0 455.0 34.0 40.0 lio.

229.0 104.0 303.0 50.0 Sous Charles IY.

656.0 109.0 32.0 45.0 19

98.0 1428.0 633.0 48.0 Et pour tant outre ce que l’homme eſt couſpable de

729.0 565.0 116.0 61.0 Cie-noſſic.
