1000 1671
64.0 140.0 672.0 50.0 iuré & promis s’il ſe trouue qu’il le doyue liufer contre

65.0 175.0 670.0 49.0 ſoy meſmes il ne ſe trouuera y eſtre tenu: car ceſte ex¬

68.0 207.0 668.0 45.0 ception eſt bien touſiours entendue, comme auſſi auec

68.0 233.0 668.0 53.0 raiſon ſe doyuent reſeruer que ce ne fuſt contre ſes pe¬

68.0 265.0 670.0 59.0 re, mere, enfans, ſœurs, & autres qui par nature ne lüy

73.0 303.0 528.0 49.0 ſoyent gueres moins chers que ſoymeſmes.

223.0 98.0 306.0 51.0 Sous Charles Ix.

746.0 128.0 137.0 55.0 Bald,L cum

747.0 167.0 124.0 44.0 acurfiſiimi.

743.0 197.0 142.0 46.0 capit. de fidel

746.0 233.0 141.0 49.0 co. magiſt. l.

746.0 265.0 135.0 53.0 frater à fra¬

749.0 306.0 30.0 39.0 tre

750.0 311.0 133.0 67.0 Qu entle pre

752.0 359.0 129.0 50.0 mer oblige,

749.0 391.0 136.0 49.0 où le prisitã

752.0 424.0 119.0 50.0 ou le fuiet.

756.0 488.0 128.0 55.0 7. queſt. 10.

756.0 526.0 131.0 51.0 cap. conſtin¬

757.0 561.0 64.0 48.0 tiones.

100.0 345.0 639.0 33.0 Mais qui conſiderera bien qui fait la premiere pro¬

71.0 362.0 669.0 52.0 teſſe il trouuera que c’eſt le prince, & qu’à condition

69.0 392.0 671.0 50.0 des ſiennes le peuple fait & jure obeiſſance. C’eſt ce que

72.0 424.0 668.0 52.0 le Roy (& ſingulierement celuy de France, qui eſt tenu

75.0 460.0 669.0 50.0 pour le plus noble des chreſtiens) iure à ſon couronne¬

73.0 492.0 670.0 51.0 ment de garder les droits de ſes ſuiets & dè ſa couron¬

75.0 526.0 668.0 43.0 ne. Il y a bien trois graces & proprietez fequiſes en vn

76.0 559.0 670.0 48.0 prince aſauoir nobleſſe de lignage, vertus morales, & a¬

79.0 586.0 672.0 51.0 mour au public. La nobleſſe des anceſtres a pris ſon fon

78.0 620.0 673.0 47.0 dement ſur les deux autres. Donc nobleſſe de lignage eſt

80.0 649.0 671.0 48.0 ne degenerer de ſes biens, & peut on dire que toutes

82.0 684.0 670.0 43.0 choſes ſe peuuent accommoder à vn prince qui aura ce

80.0 712.0 672.0 50.0 ſte derniere aſauoir amour au public, ſans laquelle les

82.0 745.0 672.0 47.0 autres ne produiſent que fruits imparfaicts au regime

84.0 778.0 671.0 48.0 politique, qui fait exiger le ſerment aux roys auſſi a leur

84.0 808.0 672.0 47.0 auenement dont il ſera parlé plus aplain. Et ſi le Roy a

86.0 841.0 680.0 46.0 des imperfections qui importent au public, on reuere

84.0 867.0 815.0 54.0 tant ſon lignage qu’on donne l’adminiſtration aux pro-Cou.at higmi

86.0 906.0 667.0 40.0 chains de ſang, ou bien s’il ne ſe trouue conuenable aux

88.0 935.0 670.0 48.0 dignitez prochaines & ſuiuantes, en tels faits faut que

90.0 966.0 665.0 48.0 chaſcun y mette la maïn à y pouruoir & empeſcher les

90.0 1000.0 669.0 45.0 corruptions qui ſe pourroyént ſecrettement inſinuer: &

91.0 1031.0 669.0 44.0 quand elles viendront à multiplier que lon en oſte la ra¬

91.0 1061.0 672.0 48.0 cine: & faut en telles choſes que comme il y a ſocieté de

93.0 1093.0 671.0 47.0 proufit & de perte; qu’il y ait ſocieré d’execution pour

93.0 1126.0 671.0 46.0 conſeruer le corps public. Mais quoy que lon y face, en¬

95.0 1158.0 669.0 45.0 cores ſe trouue-on bien empeſché: car il eſt beaucoup

95.0 1190.0 671.0 44.0 d’hommes venaux & proditeurs de la patrie qui ayant

97.0 1219.0 672.0 45.0 donné les meilleures eſperances du monde ſe monſtrẽt

96.0 1252.0 671.0 41.0 de nulle valeur à l’effect, & ſe trouuent tellement eſta¬

97.0 1282.0 672.0 49.0 blis par le moyen de telle erreur qu’on ne les peut pas

98.0 1316.0 674.0 45.0 facilement tirer d’où on les a mis. C’eſt ce qui eſt plus à

100.0 1348.0 672.0 47.0 plaindre, car quand les afaires aduerſes ſuruiennent par

101.0 1379.0 669.0 58.0 faute de reiglement, il en faut bien eſperer par le moyẽ

676.0 102.0 7.0 39.0 1

613.0 1417.0 55.0 44.0 l 3

761.0 845.0 138.0 69.0 codde dgit

760.0 885.0 139.0 31.0 3

763.0 896.0 94.0 57.0 ta.l. fina
