1000 1671
124.0 89.0 162.0 45.0 M.D.LxxiI

259.0 142.0 670.0 39.0 que entre les animaux irraiſonnables. Il y a principauté

261.0 173.0 667.0 44.0 comme entre les grues, les abeilles, les fromis, & que ce¬

260.0 207.0 669.0 39.0 ſte principauté eſt deferee au plus expert, & entre les bru

261.0 236.0 667.0 43.0 tes au plus fort & courageux. On void en l’Eſcriture

262.0 270.0 666.0 40.0 que le ſerpent eſtoit le plus cauteleux entre les animaux

260.0 301.0 668.0 41.0 que le Seigneur auoit faits: & encor que pour cela il ne

260.0 331.0 672.0 43.0 ſoit dit qu’il euſt principauté, ſi eſt-ce que ce cõparatif

261.0 364.0 667.0 41.0 plus, mõſtre qu’il leur eſtoit inegal en fineſſe, mais tant y

259.0 395.0 671.0 43.0 a que la differẽce paroiſt en la nature des choſesqui ſont

261.0 429.0 669.0 40.0 pour regir enuers celles qui ſont regies, attendu que les

262.0 460.0 671.0 41.0 vnes obeiſſent & dependent aucunement des autres. Ie

260.0 490.0 670.0 41.0 veux inferer puiſque l’image de Dieu reluiſt en toutes

259.0 523.0 671.0 42.0 les parties de l’vniuers: parce que luy qui eſt ſuperieur &

259.0 555.0 670.0 35.0 ſouuerain de toutes choſes ſe repreſente en la ſouuerai¬

259.0 587.0 672.0 38.0 neté & preeminence, qui ſe remarque meſmes aux par¬

259.0 617.0 673.0 34.0 ticulieres eſpeces de la creation. Il fault donc conclur¬

259.0 647.0 673.0 40.0 re, comme dit a eſté, que l’ordre pour la conduite des

259.0 680.0 673.0 41.0 creatures giſt en ce qui ſe trouue en elles meſmes, & en

260.0 710.0 669.0 43.0 ce qui eſt de leur eſſence. L’ame eſt ſuperieure du corps,

261.0 744.0 670.0 38.0 & entre les parties meſmes du corps y en a de plus di¬

262.0 773.0 670.0 46.0 gnes & de plus grande preeminence, & pour conduire

259.0 805.0 357.0 42.0 les autres partiés plus foibles.

478.0 87.0 278.0 50.0 Eſtat de France

119.0 841.0 145.0 46.0 Reſponſe à

284.0 843.0 648.0 33.0 Pourtant me ſemble que ceux là s’abuſent fort qui di

118.0 874.0 136.0 40.0 ceux qui di¬

267.0 867.0 663.0 40.0 ſent que aucune ſuperiorité n’a eſté en terre entre les

118.0 905.0 141.0 48.0 ſent que auãt

267.0 898.0 664.0 44.0 hommes auant le peché: car c’eſt comme s’ils diſoyent

118.0 935.0 139.0 49.0 le peché n’y

268.0 932.0 669.0 41.0 qu’il n’y a eu aucun ordre es choſes naturelles auant le

118.0 976.0 132.0 36.0 a eu ſuperio¬

267.0 959.0 664.0 46.0 peché, & que le peché en euſt eſté l’occaſion, ce qui eſt

122.0 1003.0 134.0 49.0 rité au mõde.

270.0 997.0 660.0 37.0 faux: pluſtoſt faut il dire qu’il a eſté & eſt la corruption

260.0 1027.0 670.0 37.0 de ceſt ordre. Or ſi toutes autres creatures ont eu ce dõ

259.0 1058.0 671.0 41.0 tendant à leur conſeruation, comment l’homme la prin¬

260.0 1091.0 671.0 41.0 cipale de toutes en auroit il eſté exclus? I’argumente

261.0 1124.0 669.0 37.0 donc au contraire, que veu la perfection de l’homme

262.0 1154.0 670.0 37.0 au commencement ceſte grace eſtoit auſſi plus parfaite

262.0 1185.0 670.0 40.0 en luy deuant que apres le peché: car ayant tranſgreſſé

262.0 1215.0 670.0 39.0 par deſobeiſsãce il vid en ſa nudité le deſordre procedãt

262.0 1248.0 670.0 34.0 de la corruption de ſa nature auparauant treſbien or¬

261.0 1278.0 669.0 43.0 donnee & compaſſee: & pourtant il ſe vid deſtitué d’v¬

259.0 1310.0 674.0 42.0 ne grande partie de l’authorité & puiſſance qu’il auoit

259.0 1342.0 674.0 37.0 ſus tous les animaux irraiſonnables qui ne luy obeirẽt

261.0 1373.0 671.0 58.0 plus comme deuant. L’ordre donc eſt de Dieu & a eſté

843.0 1411.0 87.0 43.0 impo¬
