1000 1671
131.0 95.0 160.0 46.0 M. B.LXXIIII

270.0 145.0 669.0 35.0 auant le peché à cultiuer le Iardin, & qu’il en fut le

270.0 173.0 666.0 44.0 gardien, & que ce labeur ſans peine luy a eſté con¬

271.0 206.0 664.0 37.0 uerty par le peché en vn trauail penible & malaiſé. Ce¬

271.0 235.0 665.0 39.0 ſte meſme choſe fut depuis dite à Cain en ce ſens, qui au

271.0 272.0 665.0 34.0 trement ne luy euſt eſté choſe nouuelle, ſinon en ce que

271.0 298.0 665.0 43.0 il ſe deuoit ſouuenir que la dureté de ſes trauaux luy e¬

272.0 330.0 664.0 39.0 ſtoit vne notte & ſouuenance de ſon forfait. Ainſi les

272.0 362.0 664.0 44.0 choſes qui eſtoyent auparauant ne laiſſent d’eſtre don¬

272.0 394.0 663.0 43.0 nees pour ſignes, comme l’arc en ciel qui nous teſmoi¬

275.0 428.0 660.0 40.0 gne la promeſſe de Dieu de ne iamais enuoyer deluge

272.0 458.0 663.0 37.0 d’eaux par lequel la terre ſoit toute innouee. Ce que deſ¬

273.0 488.0 662.0 38.0 ſus ſoit dit pour entendre ce qui fut notifié à Eue de l’au

273.0 519.0 374.0 42.0 thotité du mary par deſſus elle.

135.0 569.0 135.0 43.0 De la puiſ¬

135.0 605.0 132.0 39.0 ſance ciuile.

136.0 912.0 112.0 54.0 Exod.2o.

482.0 90.0 274.0 50.0 Eſtat de France

303.0 556.0 633.0 38.0 Ils viennent ſuiuant les raiſons ſus alleguees à mon¬

275.0 585.0 660.0 36.0 ſtrer que la puiſſance ciuile procede de la puiſſance œco

272.0 614.0 663.0 43.0 nomique, & puis que ceſte premiere n’eſt introduite que

272.0 645.0 664.0 43.0 par malediction & punition du peché, il s’enſuit de meſ

272.0 678.0 663.0 40.0 mes de celle qui en ſourd & en deriue, encores que

272.0 712.0 663.0 39.0 Dieu les ait benites & qu’il ait conferméceſt eſtat de ma

272.0 740.0 662.0 43.0 giſtrat qui s’eſt inſinue au monde par ſa volonté & per¬

271.0 772.0 664.0 38.0 miſſion enioignant aux hommes s’y ſoumettre & ran¬

272.0 803.0 663.0 44.0 ger. Ie ſuis bien d’accord que la puiſſance œconomique

271.0 836.0 664.0 43.0 eſt la baſe & fondement de toutes les puiſſances humai

271.0 867.0 664.0 43.0 nes, & de fait la Loy comprend pour ce regard toute ſu¬

272.0 898.0 662.0 44.0 periorité ſous les noms de pere & mere, comme y eſtãs

271.0 931.0 664.0 40.0 toutes contenues. Elles different cependant en ce que la

271.0 963.0 662.0 38.0 paternelle eſt naturelle, n’ayant beſoin l’homme pour la

271.0 993.0 663.0 36.0 conoiſtre d’autre docteur que de la meſme nature: que

271.0 1023.0 663.0 38.0 la paternelle à ſon cours par ellemeſmes, & la ciuile eſt

269.0 1053.0 665.0 44.0 artificielle & naturelle en ce qu’elle ſe conforme à l’œ¬

271.0 1085.0 663.0 44.0 conomique pratiquee par la neceſſité qui a voulu vn or¬

269.0 1117.0 666.0 41.0 dre au monde & vn reiglement entre les hommes, leſ¬

269.0 1148.0 665.0 44.0 quels ſans cela ſeroyent tous en proye à la ruine & per¬

269.0 1180.0 665.0 43.0 dition. la paternelle differe de la ciuile en ce que le pere

271.0 1214.0 664.0 35.0 qui a puiſſance de commander eſt auteur de la vie & e¬

269.0 1243.0 665.0 39.0 ſtre de ſes enfans: & en la ciuile celuy qui doit comman¬

269.0 1273.0 665.0 46.0 der à ſon eſtre en ceſte charge & authorité par la volon¬

269.0 1307.0 665.0 43.0 te de ceux qui luy obeiſſent. Ie cõſentiray bien que telle

269.0 1338.0 665.0 42.0 puiſſance que la ciuile n’euſt eſté neceſſaire ſi les monde

269.0 1370.0 666.0 51.0 ſe fuſt multiplié auant le peché, cõme la paternelle fut

879.0 1404.0 54.0 32.0 rai¬
