848 1417
107.0 99.0 138.0 42.0 5. P. Ixxi11

410.0 94.0 243.0 47.0 Eſtat de France

218.0 130.0 568.0 48.0 le reſpectoyẽt & craignoyẽt, encores que la pluſpart des

221.0 170.0 565.0 34.0 principaux fuſſent informez qu’il-auoit des le mois de

222.0 189.0 566.0 39.0 Nouëbre au parauãt enuoyé a’Millau en Rouerge trois

222.0 215.0 566.0 41.0 perſonnages aſſer conus au nõ des eſtats de Poitou pour

221.0 240.0 566.0 42.0 faire embraſſer par les eſtats du Lãguedoc ce qu’il auoit

222.0 268.0 564.0 42.0 proietté de faire ſce diſoit il) pour le biẽ public, comme

222.0 295.0 566.0 41.0 les en auoyẽt meſme aduerris ceux qui y eſtoyẽt allez à

222.0 321.0 567.0 41.0 ſa ſuaſiõ & conſeil:ce qu’il auoit ſemblablemẽt con feſſé

222.0 348.0 568.0 38.0 à la roine mere, pour preuęnir ceux de ſa ville, s’il aue¬

225.0 376.0 565.0 42.0 noit qu’ils l’ẽ aduertiſſẽt cõme il iugeoit:& pour l’aſſeu¬

225.0 403.0 563.0 40.0 rer par meſme moyẽ qu’il auoit iuſques là enuoyé à ſes

225.0 429.0 566.0 42.0 deſpẽs, pour deſcouurir les faciendes & deliberatiõs des

225.0 454.0 567.0 44.0 ennemis de la maieſté du Roy ſon fils, afmn de l’en aduer

223.0 484.0 565.0 41.0 tir apres, voire meſme luy dit que il auoit deſpẽdu en eſ¬

226.0 510.0 565.0 41.0 pions pour rõpre les entrepriſes de ſes ennemis, tant de

226.0 535.0 565.0 43.0 ſon bien que de celuy de ſa femme plus de quatre mille

227.0 563.0 565.0 40.0 Hures de rẽte, ſi bien qu’en ceſte cõſideration on luy fit

229.0 588.0 563.0 43.0 promeſſe d’vn eſtat de maiſtre des requeſtes: & aucũs tiẽ

229.0 615.0 563.0 42.0 nent que la roine mere ſe ſeruit bien de ceſt hõme: puis

231.0 646.0 561.0 35.0 voyãt qu’elle n’en auoit plus que faire le fit tuer, cõme

229.0 670.0 563.0 41.0 nous le verrons ci apres. Il auoir des lors d’abondant en

229.0 696.0 564.0 38.0 cõmunication auec pluſieurs gẽtils hõmes & autres au

229.0 724.0 565.0 38.0 Bas Poitou, pour leſquels atirer de ſon parti, il leur re¬

229.0 749.0 567.0 41.0 monſtroit & meſmement à la nobleſſe? Que c’eſtoit à

229.0 777.0 565.0 40.0 elle à reformer les abus qui eſtoyẽt en çe Royaume, où

230.0 804.0 565.0 39.0 Ie Roy par vne conuocation des Eſtats ne le voudroit

229.0 828.0 567.0 42.0 faire? qu’elle ne deuoit ſouffrir que le Roy ſe ruinaſt

232.0 856.0 563.0 40.0 par dons immenſes qu’il faiſoit chaſcun iour incon¬

230.0 883.0 564.0 41.0 ſultement à perſonnes indignes, & qu’en tels dons les

229.0 909.0 567.0 42.0 ſinãces de Frãce y eſtoyẽt la plus part employees, qu’elle

228.0 937.0 568.0 40.0 ne deuoit ſouffrir que l’argẽt deſtiné pour l’ẽtretenemẽt

228.0 964.0 567.0 41.0 de la gendarmerie de Frãce fuſt employé ailleurs indi¬

228.0 991.0 564.0 42.0 gnemẽt, ne que ſix hõmes ſeuls maniaſſẽt le Royaume:

226.0 1021.0 568.0 35.0 ni pareillemẽt que les Eſtats & charges honorables, qui

226.0 1043.0 570.0 43.0 ſe ſouloyẽt doner à ceux qui d’antiquité auoyent fait ſer

226.0 1072.0 569.0 39.0 uice aux roys, fuſſent donnees à eſtrãgiers, & autres per

226.0 1097.0 570.0 42.0 ſonnes qui ne les meritoyent, & qu’en faiſant rendre les

226.0 1124.0 571.0 41.0 dons ex ceſſifs à pluſieurs, & reſtabliſſant l’eſtat de la Frã

226.0 1150.0 572.0 42.0 ce en ſa premiere ſplẽdeur, on acquiteroit le Roy d’vne

228.0 1177.0 572.0 52.0 bonue partie de ſes debtes: que les choſes eſtas bienor¬

702.0 1210.0 97.0 33.0 donnces
