1000 1671
124.0 111.0 160.0 35.0 M. D. LXXIIII

122.0 198.0 141.0 38.0 De la ſouue¬

122.0 233.0 89.0 40.0 raineté.

456.0 190.0 468.0 44.0 Oute puiſſance eſt propre au Seigneur

460.0 224.0 463.0 41.0 Dieu qui l’exerce en parfaite iuſtice. La

457.0 255.0 466.0 38.0 puiſſance conferee aux hommes rele¬

458.0 285.0 466.0 38.0 ue de la ſienne qui eſt ſouueraine. C’eſt

458.0 321.0 466.0 39.0 pourquoy tous ceux qui ſont conſti¬

462.0 351.0 463.0 37.0 tuez en puiſſance ſur les hommes ſont

259.0 382.0 666.0 36.0 dits ſes ſeruiteurs. Car encores que les princes admini¬

258.0 414.0 666.0 36.0 ſtrent iniuſtement, la iuſtice de Dieu demeure touſiours

258.0 443.0 666.0 44.0 entiere, & l’equité de ſes iugemens ne laiſſe d’auoir lieu,

259.0 478.0 665.0 40.0 quoy que l’homme par vne volonté corrompue proce¬

257.0 507.0 665.0 43.0 de iniuſtement à executer ce qui eſt iuſte quant à Dieu.

258.0 540.0 668.0 39.0 Il n’appartient à l’homme de condamner ni s’oppoſer

257.0 575.0 669.0 38.0 aux iugemens de Dieu pour empeſcher le cours de ſa iu

257.0 603.0 669.0 42.0 ſtice laquelle il exerce diuerſement par les puiſſances hu

256.0 637.0 669.0 38.0 maines: mais ceſte meſme iuſtice veut que les inſtrumẽs

258.0 667.0 668.0 41.0 par leſquels elle eſt iniuſtement exercee ſoyent auſſi cor

257.0 699.0 669.0 42.0 rigez: tellement que les peuples qui ſuporteront l’iniu¬

257.0 730.0 668.0 44.0 ſtice de leurs ſuperieurs feront mal de s’y oppoſer, s’y en

257.0 760.0 669.0 43.0 ce faiſant ils s’oppoſent auſſi à Dieu. Et s’ils s’oppoſent

257.0 792.0 669.0 39.0 à l’iniuſtice de l’homme pour manifeſter tant plus la Iu¬

256.0 823.0 670.0 40.0 ſtice de Dieu, ils font treſbien. Mais ces choſes ne ſe di¬

256.0 856.0 670.0 43.0 ſtinguent que par ceux qui ont vne bonne conſcience,

257.0 887.0 670.0 38.0 qui ont pour leur but l’honneur de Dieu & l’vtilité pu¬

258.0 922.0 667.0 39.0 blique. Dieu appaiſe les gemiſſemens de ceux là quand

256.0 951.0 671.0 38.0 il eſt temps. Et pource que les choſes, qui ſont iuſtes &

256.0 982.0 671.0 41.0 licites ſelon l’ordre humain, ne ſont pas toutesfois en

257.0 1013.0 671.0 42.0 tous temps ni en toutes manieres permiſes de Dieu, il

257.0 1045.0 670.0 40.0 retient les ſiens par ſes verges iuſques au temps qu’il a

257.0 1080.0 671.0 37.0 determiné par ſa miſericorde de les deliurer & leur en

258.0 1110.0 671.0 41.0 ouure les voyes legitimes quand ils ont ces deux fonde¬

259.0 1147.0 670.0 38.0 mens que i’ay propoſez, leur rendant les choſes qui ſont

258.0 1174.0 397.0 42.0 licites pareillement expedientes.

452.0 106.0 288.0 51.0 Eſtat de France

287.0 1213.0 643.0 33.0 Il faut donc que toute choſe iniuſte ſoit corrigee par

257.0 1236.0 672.0 43.0 la puiſſance de Dieu. De ceſte puiſſance le magiſtrat eſt

257.0 1274.0 673.0 34.0 miniſtre ordinaire au monde: rnais Dieu n’eſt point atta

258.0 1301.0 670.0 41.0 ché à aucun ordre humain, & ſingulierement il l’entre¬

257.0 1333.0 673.0 41.0 rompt quand ceux qui ſont conſtituez aux charges font

257.0 1370.0 674.0 36.0 tout le rebours de ce qu’elles portẽt. Cõme on pourroit

257.0 1400.0 672.0 48.0 alleguer du magiſtrat qui eſt inſtitué de Dieu pour en¬

872.0 1433.0 55.0 41.0 tre¬
