1000 1671
55.0 161.0 664.0 40.0 tretenir la ſociet é humaine, s’il la diſſipe par inhumani¬

54.0 186.0 667.0 50.0 nité &tyrannie, ce ne ſeroit enſuyure le vouloir de Dieu

54.0 220.0 668.0 44.0 ni l’intention du peuple. Cecy ſe pourra tant mieux

725.0 252.0 96.0 51.0 Rom. 13.

54.0 252.0 661.0 43.0 conoiſtre en conſiderant ce qui s’enſuit. Il n’y a point de

55.0 281.0 664.0 52.0 puiſſance ſinon de par Dieu qui les a ordonnees: & n’y

54.0 315.0 665.0 45.0 faut point reſiſter, car elles ſont introduittes pour no¬

57.0 346.0 667.0 47.0 ſtre bien. Pourtant ne ſoyons point ſuiets ſeulement

56.0 375.0 668.0 52.0 pour la punition mais pour la conſcience, ayant eſgard

56.0 408.0 670.0 44.0 à celuy qui en eſt l’auteur, & la fin d’icelles eſt le bien

57.0 440.0 670.0 45.0 du peuple comme ſeruans à Dieu: & qui voudra ne la

57.0 470.0 670.0 52.0 point craindre, qu’il face biẽ, car les princes ne ſont lors

58.0 503.0 669.0 46.0 à craindre. Or le moyen que Dieu a tenu d’eſtablir ceſt

57.0 535.0 668.0 47.0 ordre des puiſſances qui ſont pour regir la ſocieté hu¬

57.0 568.0 669.0 48.0 maine a eſté tel, ſuiuant ce qu’en dit S.Auguſtin au 19. li¬

58.0 600.0 669.0 42.0 ure de la cité de Dieu, qu’au commencement l’homme

59.0 629.0 668.0 48.0 a eu pleine puiſſance & domination ſur les beſtes, oy¬

60.0 660.0 669.0 44.0 ſeaux & poiſſons. Dieu ne voulant que le raiſonnable

60.0 692.0 668.0 48.0 fait à ſon image euſt toute pleine puiſſance ſinon ſur les

60.0 724.0 669.0 48.0 irraiſonnables, de là vient que les premiers iuſtes ont e¬

61.0 756.0 669.0 48.0 ſté pluſtoſt eſtablis paſteurs de beſtail que roys des hom

62.0 790.0 670.0 45.0 mes, comme on void du commencement en Abel, afin

62.0 820.0 669.0 49.0 que Dieu donnaſt à entendre ce que requiert l’ordre des

62.0 852.0 671.0 45.0 creatures & que demande le merite des pechez. Car la

64.0 882.0 668.0 46.0 condition de ſeruitude à bon droit a eſté miſe ſur le pe¬

64.0 916.0 669.0 42.0 cheur, & par ce mot de ſerf Noé denonça la punition de

65.0 947.0 669.0 41.0 ſon fils. La ſuiettion extreme n’eſt donc point ſelon l’or

65.0 978.0 668.0 49.0 dre naturel & humain, mais choſe apportee au monde

66.0 1016.0 289.0 45.0 par le vice des hommes.

229.0 111.0 299.0 51.0 Sous Charles Ix.

651.0 107.0 64.0 51.0 158

98.0 1049.0 633.0 35.0 La premiere erection des princes a eſté ſur la forme

740.0 1019.0 126.0 51.0 La premiere

67.0 1073.0 655.0 48.0 de la paternelle œconomie: car quand les peuples (dit

67.0 1105.0 663.0 47.0 Iuſtin l’hiſtorien au1. lure) ont conu la prouidence &

67.0 1138.0 668.0 43.0 force d’vn homme en la diſpenſation & conſeruation

67.0 1168.0 667.0 48.0 des choſes domeſtiques, ils l’ont iugé digne d’admini¬

65.0 1201.0 664.0 48.0 ſtration & gouuernement public, & l’ont eſtabli gou¬

742.0 1194.0 129.0 52.0 Ariſt. au 5.

65.0 1235.0 668.0 44.0 uerneur de pluſieurs meſnages. Apres on a eu eſgard à

740.0 1235.0 131.0 54.0 lin. des polits

69.0 1266.0 664.0 47.0 ceux qui obligeoyẽt la multitude par bien faits ſoit par

69.0 1298.0 663.0 42.0 inuẽtion de ſciences, arts ou combats pour ſa protectiõ

70.0 1328.0 666.0 45.0 en deffendant le pays, ou en amaſſant le peuple eſpars &

69.0 1360.0 666.0 44.0 ſauuage. Tels ont eſté roys de la volõté de tous, & leurs

70.0 1391.0 664.0 55.0 ſucceſſeurs apres eux. Ainſi parle-on de Saturne en ſon

735.0 1063.0 138.0 41.0 erectiou des

737.0 1095.0 92.0 44.0 Princes.
