1000 1671
112.0 94.0 160.0 39.0 M.D. LXXIIII

111.0 147.0 140.0 40.0 Paul & Ca¬

259.0 153.0 658.0 37.0 temps il a faict paroiſtre qu’il portoit. Les Iuriſcõſulte?

109.0 178.0 135.0 41.0 ius l. non eſt.

261.0 179.0 656.0 45.0 diſent que l’eſtime de liberté eſt infinie & entre toutes

113.0 210.0 134.0 41.0 & l.libertas.

256.0 208.0 659.0 48.0 choſes la plus fauorable. Antonin le debonnaire abolit

254.0 244.0 663.0 42.0 la plus groſſiere tyrannie de ſeruitude: & depuis Leon

251.0 276.0 666.0 42.0 dõna aux ſerfs puiſſance de teſter & d’acquerir, cõſide¬

252.0 313.0 665.0 36.0 rant que l’homme ſerf vit en mourant & meurt en vi¬

252.0 341.0 666.0 42.0 uant. Il eſt dit par vn aucun que ce n’eſt pas à faire à

251.0 375.0 665.0 37.0 vn ſage de ſe fier en celuy auquel on aura oſté la li¬

251.0 403.0 664.0 43.0 berté. Vn autre a dit à ce propos qu’il n’y a beſte ſauua¬

249.0 435.0 666.0 42.0 ge plus dangereuſe qu’vn ſerf quand il peut nuire à qui

248.0 465.0 666.0 41.0 ſuy oſte ſa liberté. Dieu vueille donc que ſelon cela ces

250.0 496.0 665.0 41.0 violateurs de droit diuin & humain puiſſent receuoir le

250.0 531.0 665.0 38.0 ſalaire de leurs peines comme ils feront quoy qu’il tar¬

249.0 558.0 667.0 39.0 de. On void comment vn ſerf eſt au deſeſpoir pour le

248.0 593.0 667.0 41.0 recouurement de ſa liberté, tellement que l’oppreſſion

248.0 623.0 666.0 39.0 encline tous ſes ſens à penſer à meſchanceté. C’eux ci

249.0 653.0 665.0 40.0 veulent faire des Royaumes de ſerfs: c’eſt donc à dire

249.0 686.0 664.0 37.0 qu’ils ne veulẽt en fin dominer que ſur des beſtes & des

247.0 717.0 664.0 39.0 meſchants. Il faut par conſequent que les vertueux ſe

247.0 751.0 664.0 39.0 facent gouuerner par princes de leur humeur, poſtpo¬

248.0 782.0 664.0 38.0 ſant toutes choſes à la garde & conſeruation de leur

249.0 815.0 664.0 41.0 liberté, laquelle meſmes ils engageront pour nour¬

248.0 846.0 663.0 42.0 rir l’eſperance de la maintenir, apres y auoir employé

247.0 878.0 465.0 40.0 tout ce qu’ils ont de cher en ce monde.

109.0 354.0 123.0 38.0 Platon. au

109.0 384.0 111.0 43.0 6 des loix.

110.0 417.0 119.0 45.0 Eutropius.

475.0 98.0 279.0 54.0 Eſtat de Franice

277.0 913.0 636.0 33.0 Que l’on voye cõmẽt les princes peuuent auoir droit

250.0 938.0 660.0 38.0 ſur la vie & ſur la liberté des hommes, veu que ſur les fa¬

250.0 971.0 662.0 39.0 cultez ils ne l’y ont qu’auec loy & iuſtice, & que ce ſoit

256.0 1002.0 656.0 40.0 pour le biẽ public, nõ pas de ce qui eſt de ſon domaine

254.0 1034.0 657.0 35.0 meſmes. Il eſt dit en droit canon (puiſque nous auons

252.0 1066.0 658.0 39.0 affaire à gens qui ſe veulent faire canonner) qu’vn Roy

250.0 1102.0 660.0 35.0 ne peut faire alienation ne s’approprier choſe aucune au

250.0 1127.0 660.0 42.0 preiudice de ſon peuple: & en tel cas luy peut on reſiſter

248.0 1160.0 661.0 34.0 & contredire ſans aucune offence ne note de rebelliõ.

246.0 1191.0 664.0 40.0 Il eſt vray qu’en tel cas il y faut premïerement proceder

104.0 1211.0 138.0 47.0 Lib. feud. de

252.0 1225.0 656.0 35.0 comme vers celuy qui tient le ſceptre & vers qui reſide

103.0 1249.0 140.0 40.0 feudo non a¬

253.0 1250.0 656.0 42.0 la maieſté, aſauoir par remonſtrances & requeſtes, &

103.0 1276.0 137.0 44.0 lienãdo. cap.

254.0 1282.0 654.0 40.0 puis ſuiure l’equité par les voyes pluſexpedientes, plu¬

104.0 1310.0 138.0 49.0 Imperialem.

252.0 1318.0 656.0 41.0 ſtoſt que la volõté des hõmes corrõpus. Ar ſurplus les

107.0 1349.0 118.0 35.0 S. præterea

249.0 1345.0 660.0 46.0 loyx portẽt expreſſemẽt que le prĩce ne ſe doit vẽdiquer

241.0 1380.0 665.0 49.0 la puiſſãce de celles alienatiõs ſus hõmeslibres ſes ſuiets,

108.0 987.0 136.0 42.0 Ied̃ André,

107.0 1020.0 134.0 39.0 & le Cardi¬

105.0 1049.0 140.0 44.0 nal d’Oſtie

105.0 1083.0 139.0 44.0 ſurle titre de

105.0 1118.0 119.0 34.0 maioritate

108.0 1146.0 136.0 45.0 & obediẽtia.

105.0 1181.0 128.0 43.0 cap. dilecti.

104.0 1376.0 101.0 57.0 ducatus.

855.0 1419.0 53.0 37.0 que
