1000 1671
46.0 167.0 664.0 38.0 tueux que les autres, tant pour la nourriture & vie libe¬

45.0 194.0 663.0 44.0 rale & honneſte, qu’à cauſe du ſang: pource que c’eſt cho

45.0 221.0 663.0 44.0 ſe couſtumière & cõme naturelle que d’vn bõ pere naiſ

45.0 253.0 663.0 43.0 ſe &ſe nourriſſe vn bon fils. Et c’eſt la conſideratiõ qu’õt

714.0 249.0 132.0 46.0 limitroph. l.

45.0 286.0 665.0 42.0 cue ceux qui premieremẽt tindrẽt ceſt ordre que les ter

714.0 289.0 75.0 39.0 2.&3.

46.0 323.0 668.0 40.0 res & poſſeſſiõs fuſſent aſſignees aux nobles, pour eux &

45.0 353.0 668.0 40.0 leur lignage, pour remuneration des ſeruices faits au pu¬

48.0 384.0 666.0 43.0 blic. Saluſte reprochoit à Ciceron que quãt à luy il eſtoit

46.0 416.0 667.0 42.0 extrait degrãd lieu, & que Ciceron eſtoit venu de gẽs de

46.0 447.0 668.0 41.0 baſſe & infime conditiõ:auquel il reſpõd que la nobleſſe

46.0 478.0 666.0 42.0 des anceſtres de Saluſte finiſſoit en luy pour cauſe de ſes

48.0 511.0 662.0 37.0 vices, &que la nobleſſe cõmẽçoit en Ciceron pour ſa ra¬

47.0 541.0 666.0 42.0 ce à l’auenir. Par le moyen cõtraire le fils d’vn noble doit

45.0 572.0 667.0 39.0 auoir donc l’ame ſelon l’extractiõ du corps, & ce par in¬

46.0 605.0 665.0 42.0 clinatiõ & non par neceſſité, & puis vſer de ceſte ſecõde

47.0 635.0 666.0 43.0 voye pour ſucceder à la nobleſſe despays. C’eſt la nourri

46.0 667.0 665.0 44.0 ture & acouſtumance à vertu, dõt or doit eſperer de tels

47.0 697.0 665.0 43.0 qu’ils doiuẽt ſurpaſſer les autres s’il n’appert du cõtraire.

218.0 116.0 301.0 51.0 Sous Charles Ix.

641.0 120.0 69.0 41.0 190

75.0 737.0 638.0 37.0 Il eſt auiourd’huy receu pour couſtume qu’aucun ne

45.0 761.0 664.0 46.0 peur porter tiltre de noble, s’il ne l’a obtenu par le ſang

48.0 793.0 665.0 44.0 ou par priuilege du prince. Si eſt ce que le Prince ne peut

46.0 824.0 667.0 44.0 de droit faire noble ne cheualierceluy qui ſeroit de cõdi

47.0 857.0 666.0 42.0 tiõs & de mœurs puremẽt vilain: car ce n’eſt pas dignité

44.0 887.0 664.0 40.0 qui ſe puiſſe cõferer ſans ſes propres qualitez, & n’eſt cho

44.0 914.0 664.0 46.0 ſe tellemẽt attachee à l’homme qu’elle n’en puiſſe biẽ e¬

44.0 951.0 664.0 39.0 ſtre diſiointe. Car pour auoir commis meſchanceté il eſt

47.0 978.0 659.0 44.0 dit que l’homme peut perdre ſa nobleſſe & ſa dignité: &

41.0 1012.0 667.0 42.0 s’il auient que pour forfaict l’homme ſoit degradé de

44.0 1044.0 662.0 42.0 nobleſſe il n’y peut eſtre remis qu’auec bonnes conſide¬

41.0 1076.0 663.0 42.0 rations & par l’authorité ſouueraine. Son lignage ne ſe¬

41.0 1108.0 669.0 44.0 roit pas pour cela deſanobly, ſinon ſes enfans quiſont cõ

41.0 1139.0 666.0 40.0 me luy meſmes: mais ceſte macule demeureroit au re¬

44.0 1168.0 662.0 47.0 gret de tous les innocens d’iceluy. Que s’il auenoit auſſi

44.0 1204.0 659.0 40.0 qu’à tort & par calomnie quelqu’vn fuſt declairé igno¬

41.0 1235.0 665.0 40.0 ble & infame, encores que le prince ne le remiſt, ſi eſt ce

44.0 1267.0 664.0 43.0 que faiſant aparoir de ſon innocence il ne laiſſera d’eſtre

44.0 1296.0 662.0 46.0 en effect noble & reconu pour tel nonobſtant la ſenten

45.0 1333.0 174.0 38.0 ce du prince.

724.0 878.0 126.0 38.0 Extra de in

717.0 913.0 132.0 42.0 ſtitu. cap.fin.

717.0 939.0 129.0 49.0 ff.de vſufni.

717.0 971.0 133.0 45.0 earum rerum

721.0 1005.0 129.0 46.0 quæ vſu con¬

718.0 1040.0 124.0 36.0 Iummuntur.

713.0 1073.0 39.0 34.0 l.2.

717.0 1091.0 133.0 52.0 Cod.l.1. de di

717.0 1132.0 114.0 41.0 rrnitate. &

717.0 1159.0 131.0 46.0 dl.12.quoties.

717.0 1196.0 132.0 43.0 Cod. de nup¬

714.0 1225.0 134.0 46.0 tüs.l. Impe¬

715.0 1254.0 62.0 38.0 rialis.

717.0 1281.0 132.0 55.0 F de his qui

710.0 1324.0 139.0 33.0 notan. de in¬

68.0 1363.0 642.0 39.0 Voyla donc que c’eſt de ceſt eſtat de nobleſſe de ſi lõg

45.0 1389.0 663.0 52.0 temps receu. Elle a eſté autresfon en la perſonne, cõme
