1000 1671
69.0 155.0 661.0 33.0 dira que Dieu euſt fait ceſte punition immediatement

68.0 181.0 664.0 41.0 (ce qui euſt peu bien eſtre) mais les propos de Cain ſem

68.0 214.0 665.0 38.0 blent porter autrement quand il dit que le premier qui

66.0 244.0 668.0 41.0 Ie trouueroit le tueroit, (& ſemble bien cela auoir eſté

68.0 276.0 667.0 40.0 confirmé par la loy qui permet au prochain du ſang de

69.0 307.0 667.0 40.0 tuer l’homicide) qu’il s’attendoit que Dieu ſe deuſt ſer¬

68.0 338.0 666.0 47.0 uir d’organes pour ceſte execution de iuſtice & au ſup¬

71.0 372.0 295.0 42.0 plice qu’il auoit merité.

229.0 100.0 312.0 52.0 Sous Charles IX.

100.0 405.0 636.0 41.0 Ie demande donc, ſi quelqu’vn n’euſt eu pere ne pa¬

72.0 436.0 666.0 43.0 rent en degré ſuperieur qui euſt repreſenté le pere, s’il

70.0 466.0 665.0 42.0 luy eſté loiſible de faire ce qu’il luy euſt pleu, puiſque il

71.0 499.0 665.0 40.0 n’y auoit (dit-on) voye de corriger que ſous l’œcono¬

71.0 531.0 669.0 41.0 mie? Cela n’eſt pas croyable, & de fait la condemnation

72.0 562.0 667.0 42.0 de mort ne ſeroit iamais deferee au pere contre l’enfant,

73.0 594.0 667.0 34.0 attendu que le ſentiment naturel le feroit deſvoyer de

73.0 624.0 667.0 44.0 la voye de droit. parquoy il faut eſtimer qu’il y a eu des

75.0 658.0 665.0 41.0 princes pour conduire & pour iuger, poſé que ce n’ait

75.0 686.0 667.0 40.0 eſté auee telle induſtrie & ſcience que ç’a eſté depuis. Or

75.0 715.0 669.0 45.0 incontinent apres le deluge Dieu donna les loix à Noé

75.0 754.0 669.0 38.0 non ſeulement ceremoniales, comme celle de ne man¬

76.0 781.0 670.0 44.0 ger du ſang & choſes eſtouffees, mais auſſi politique &

74.0 812.0 670.0 45.0 ciuile, deffendant l’homicide à peine de mort: ce qui eſt

77.0 846.0 667.0 41.0 vne punition commiſe à la charge du magiſtrat, & non

77.0 877.0 665.0 41.0 du pere de famille: car il n’y a nulles loix ciuiles ſans ma¬

79.0 907.0 663.0 45.0 giſtrat pour les faire obſeruer, & executer les ingemens

77.0 939.0 666.0 45.0 & peines qu’elles decernent. Ceſte loy de l’homicide e¬

77.0 972.0 667.0 41.0 ſtoit donnee deuant le temps eſcheut de la ſeruitude de

77.0 1001.0 666.0 45.0 Chanaam, qui fait dire qu’il y auoit iugement & execu¬

77.0 1034.0 668.0 44.0 tion de iuſtice auant la natiuité d’iceluy. Cela a eſté fait

78.0 1065.0 667.0 44.0 ſuiuant ce qui eſt dit, bonnes loix de mauuaiſes mœurs:

78.0 1097.0 666.0 41.0 c’eſt que pour la tyrannie & les cruautez de Lamech, des

80.0 1128.0 665.0 40.0 geans & de leurs ſemblables, telles loix furent donnees,

77.0 1161.0 667.0 43.0 afin que la poſterité ne ſuiuiſt de ſi meſchans exemples.

79.0 1192.0 669.0 43.0 Si lon dit qu’auant le deluge il ne ſe trouue rien eſcrit

79.0 1223.0 669.0 43.0 d’aucune loy ciuile, ne des executions faites ſuiuant la

77.0 1255.0 670.0 40.0 teneur d’icelles: Ie di que Cain auoit ia ceſte loy de l’ho¬

79.0 1285.0 669.0 45.0 micide imprimee, par laquelle luy meſme fe condam¬

78.0 1319.0 671.0 41.0 noit digne de mort: & outreplus que ce qui eſt de droit

78.0 1354.0 671.0 37.0 naturel a eſté ſuiuy par couſtume entre les vertueux, cõ¬

79.0 1380.0 671.0 63.0 me lon void qu’il n’y a rien eſcrit de la loy des adulteres

671.0 107.0 47.0 52.0 155

594.0 1417.0 60.0 40.0 V 3
