1000 1671
124.0 96.0 152.0 46.0 *. D. IXXIIII

252.0 146.0 665.0 47.0 quels pour eſtablir vne patience chreſtienne tombent

250.0 182.0 668.0 43.0 en vne extremité dangereuſe aſauoir en vne ſtupidité

250.0 213.0 667.0 39.0 qui eſtourdit les hommes, & aneantiſſent vn des princi¬

251.0 243.0 666.0 41.0 paux effects de la vraye charité, qui conſiſte à empeſcher

250.0 275.0 666.0 41.0 la ruine publique: comme ſi les Chreſtiens eſtoyent ex¬

250.0 310.0 666.0 41.0 clus de toute puiſſance politique ordonnee par droit de

250.0 338.0 666.0 45.0 nature. Il y a puiſapres les philoſophes, qui, comme leur

250.0 369.0 667.0 45.0 reprochent les iuriſcõſultes, ne font que vaguer en leurs

251.0 401.0 664.0 44.0 diſputes & ſpeculations, ſans auoir iamais ſolidemẽt en¬

251.0 433.0 664.0 45.0 ſeigné le droit ni la voye de legitime adminiſtration, &

251.0 466.0 665.0 41.0 que leurs enſeignemens ont cauſé des emotions, àcauſe

252.0 495.0 662.0 39.0 des nouuelles conſtitutions de pluſieurs ſortes de repu¬

251.0 527.0 666.0 44.0 bliques par eux fondees. Les philoſophes diſent auſſi de

250.0 558.0 667.0 40.0 leur part que les iuriſconſultes ſont flateurs des Monar¬

252.0 591.0 665.0 41.0 ques, & que leur ſophiſterie paroit bien en ce qu’ils di¬

250.0 622.0 668.0 39.0 ſent que le prince eſt fontaine de iuſtice, d’où vient tout

251.0 653.0 668.0 40.0 droit, & en eſt toute iuriſdictiõ deriuee, & par là (diſent

250.0 688.0 671.0 37.0 ils) eſt ſur la loy. Il faut bien cercher la iuſtice vers le prin

249.0 715.0 671.0 46.0 ce qui a charge de l’adminiſtrer, maiselle ne reſide pas en

249.0 749.0 667.0 38.0 I’homme qui eſt imparfaict & variable, ains en la loy,

248.0 779.0 671.0 43.0 de laquelle il eſt interprete & gardien. Il y a autant d’ap¬

249.0 816.0 670.0 41.0 parence en ce qu’il diſoyent en faueur des empereurs,

250.0 843.0 670.0 41.0 que le droit ciuil Romain eſt vniuerſel;ce qui eſt bien re

249.0 873.0 673.0 46.0 ceuable quant à ce qui concerne la generale ſocieté qui

249.0 906.0 671.0 41.0 ſont droits naturels. Mais quant à ce qui eſt de droit po

250.0 936.0 668.0 44.0 ſitif, il n’y a eu que les Romains qui y fuſſent obligez,

250.0 967.0 670.0 43.0 ayant chaſcune nation les ſiens particuliers: ſinon il fau¬

252.0 999.0 667.0 41.0 droit encores reconoiſtre l’vniuerſelle puiſſance de ceſt

252.0 1030.0 594.0 41.0 Empire & de ceſt Empereur qu’ils flatoyent ainſi.

427.0 96.0 278.0 56.0 Eſtatde France

283.0 1062.0 635.0 39.0 Il faudroi auſſi argumenter auec telles gens, Celuy

254.0 1099.0 669.0 35.0 qui n’exerce que toute iniuſtice tant s’en faut qu’il ſoit

254.0 1125.0 669.0 40.0 ſource de droit, que meſmes il n’eſt pas prince, mais hõ¬

255.0 1156.0 668.0 47.0 me priué que la loy condamne: doncques il ne luy faut

255.0 1189.0 667.0 41.0 obeir. La diſſimulation eſt auiourdhuy trop cruelle en

254.0 1218.0 667.0 44.0 telles choſes, quand les hommes ſe delectent à ſe bai¬

255.0 1255.0 666.0 41.0 gner en ſang humain. Ciceron au dialogue de l’amitié,

254.0 1282.0 666.0 47.0 faiſant cõparaiſon des ſordides auaricieux auec les ty¬

253.0 1315.0 668.0 42.0 rans dit que l’vn & l’autre ſont ſans foy & ſans charité,

255.0 1345.0 667.0 46.0 & partant ſans confiance de bienueillance durable, car

254.0 1378.0 668.0 58.0 ils conſiderent l’autruy par euxmeſmes: & telles gens

875.0 1408.0 49.0 47.0 (dit
