1000 1671
131.0 97.0 162.0 46.0 M.D.LXXIIII

480.0 91.0 276.0 63.0 Eſtat de France

267.0 149.0 678.0 42.0 uil elle ne peut eſtre receue pour teſmoin en vn teſta¬

269.0 178.0 669.0 43.0 ment. inſtit. de teſtamen. S.teſtes. que ſera-ce de la colloquer

268.0 208.0 671.0 46.0 en lieu où il faut que prudence, verité & loyauté ſoyent

268.0 243.0 609.0 41.0 l’appuy & les colomnes pour maintenir le throſne?

298.0 279.0 637.0 36.0 On dira là deſſus qu’elle croira conſeil, ouy bien s’il

267.0 301.0 668.0 47.0 luy eſt force, & qu’elle yſoit tenue de court: mais ſi elle

268.0 337.0 669.0 39.0 ſe void en puiſſance d’executer ce qu’elle aura conceu,

268.0 366.0 667.0 43.0 elle ſe rangera à la couſtume de ce ſexe, c’eſt de faire ce

267.0 398.0 668.0 42.0 que lon deſire qu’elle ne face pas, & taſcher touſiours

268.0 429.0 666.0 44.0 de faire ce que on luy deffend. Marc Aurelle dit que,

267.0 462.0 667.0 45.0 c’eſt le naturel des femmes de deſirer infiniement ſça¬

267.0 499.0 670.0 38.0 uoir ce qu’on ne leur veut pas dire, & de meſpriſer ce

268.0 524.0 668.0 45.0 qu’on leur a declairé: qui monſtre vne intemperie de

267.0 558.0 668.0 43.0 eſprit en ſa nature, & vne cupidité ſans arreſt: choſe

266.0 588.0 669.0 41.0 mõſtrueuſe en vne perſonne de gouuernement. Il y a biẽ

266.0 621.0 669.0 43.0 dauantage, que quand la femme ne pourroit autremẽt

264.0 651.0 670.0 45.0 deſcharger ſon cœur du ſecret qu’elle y porte, elle de¬

264.0 684.0 669.0 42.0 clairera ſon propre vitupere. Ainſiſemble qu’il pẽd beau

263.0 716.0 670.0 43.0 coup d’inconueniens à ſe ſoumettre au gouuernement

265.0 747.0 668.0 43.0 d’vne femme, puiſque les vertus politiques ſe trouuẽt ſi

268.0 783.0 665.0 38.0 peu ſouuent en elles, aſauoir iuſtice, prudence, temperã¬

267.0 811.0 666.0 44.0 ce & force:ioint auſſi qu’il eſt en la puiſſance d’vne roy¬

265.0 841.0 668.0 46.0 ne abſolue de conſtituer pour Roy ſur vn peuple vn eſ¬

263.0 875.0 670.0 42.0 claue, ou vn meſchant, ou bien vn eſtranger ou vn enne

264.0 906.0 668.0 40.0 my de la patrie, qu’elle eſpouſeroit:ce qui ſeroit au grãd

266.0 935.0 665.0 44.0 preiudice des droits des peuples & de la cõmune liberté.

296.0 971.0 636.0 36.0 La raiſon & l’experience des choſes nous monſtre ce

265.0 996.0 667.0 45.0 que dit Platõ en l’epiſtre 11.à Laodamas que ſi on eſtime

254.0 1027.0 677.0 48.0 la cité bien ordonnee pour les loix telles qu’elles puiſ¬

263.0 1058.0 669.0 49.0 ſent eſtre, c’eſt abus: car il faut que quelqu’vn preſide par

262.0 1092.0 668.0 46.0 autorité qui ſache moderer & conduire la maniere de

263.0 1124.0 667.0 44.0 viure dont chaſcun vſe de iour en iour: de maniere que

261.0 1154.0 669.0 47.0 elle ſoit conſtante & temperee, tant aux hommes libres

261.0 1185.0 669.0 45.0 qu’aux ſerfs. Mais quand on eſlit vn prince il le faut prẽ

261.0 1217.0 668.0 45.0 dre muny des choſes qui principalement deffaillent en

260.0 1246.0 669.0 49.0 la femme, ſuiuant ce qui a eſté monſtré, aſſauoir qu’il ait

260.0 1280.0 669.0 46.0 liberalité, attrempance & force: mais que par deſſus tou

259.0 1312.0 671.0 43.0 tes ces vertus morales il ſoit doué de iuſtice, qui eſt la

260.0 1345.0 667.0 45.0 principale. Car plus de gens participent aux autres qu’à

259.0 1376.0 669.0 54.0 ceſte cy. & comment en ſeroit adminiſtrateur celuy qui

857.0 1418.0 67.0 38.0 n’en
