1000 1671
74.0 159.0 663.0 36.0 tilité publique. Il y a des loix qui ne concernẽt point les

73.0 188.0 664.0 40.0 mœurs ni la policé, qui ſont honneſtes & louables neãt

72.0 218.0 663.0 41.0 moins: cõme entre autre Ariſtote en ſes politiques au7.

73.0 248.0 664.0 42.0 liu. faict mention d’vne loy qui ſe pratiquoit en Calce¬

73.0 283.0 665.0 37.0 done, que ceux qui s’eſtoyent vaillãment portez aux ar¬

75.0 314.0 664.0 37.0 mes il leur eſtoit donné vn ornement de fleurs de lys en

73.0 345.0 666.0 41.0 ſigne & marque de louange & de reputation. Ce qu’au,

73.0 375.0 670.0 39.0 cuns veulent dire auoir eſté imité par les roys de Francé

74.0 407.0 666.0 42.0 qui les ont priſes en leurs armoyries & enſeignes cõme

73.0 441.0 667.0 40.0 ayans executé pluſieurs faicts genereux & magnanimet

73.0 469.0 667.0 38.0 Sur tout les princes doyuent auoir eſgard aux loix cor¬

75.0 502.0 665.0 37.0 rompues & diſcordãtes de la loy ſouuerainement equi¬

73.0 534.0 668.0 42.0 table qui enſeigne pure vertu & honneſteté, & les caſſer

77.0 565.0 664.0 40.0 & annuler: carc’eſt faire grãde iniure à la Iuſtice, qui doit

74.0 596.0 662.0 42.0 eſtre contenue dans les loix, quand ſous le titre de loy,

73.0 628.0 662.0 40.0 l’iniuſtice eſt couuerte. Par les loix des concubinaires

73.0 659.0 658.0 41.0 les putains ne ſont pas deffẽdues: & y aſdit S.Auguſtin

74.0 690.0 664.0 42.0 beaucoup de choſes permiſes par le droit ciuil anciẽ

74.0 722.0 662.0 37.0 des Romains qui ſont deffendues par les loix diuines.

74.0 753.0 666.0 37.0 Surquoy lon ditque vn docteur en droit canon nõmé

73.0 784.0 667.0 42.0 frere Barthelemy a cotté par ſes eſcrits dixſept loix des

75.0 816.0 666.0 40.0 Digeſtes, diſcordantes de la raiſon naturelle, & de la foy

75.0 848.0 667.0 37.0 orthodoxe. C’eſt pourquoy la crainte de Dieu, l’amour

75.0 880.0 668.0 42.0 au public, & l’experience, ſont choſes requiſes à la con¬

76.0 911.0 664.0 45.0 ſtitution des loix, ſous leſquelles le public doit ſe rẽger,

76.0 943.0 358.0 42.0 ſuiuant ce qui en a ia eſté dit.

209.0 103.0 309.0 53.0 Sous Charles Ix.

650.0 109.0 87.0 55.0 204

750.0 610.0 88.0 45.0 F.25.0

743.0 637.0 138.0 51.0 Aug.ett: de

744.0 675.0 114.0 53.0 Dieu.8.l.

753.0 977.0 125.0 82.0 De r'acdt

752.0 1049.0 129.0 45.0 tion des loix

750.0 1083.0 116.0 53.0 en vn eſtat

750.0 1111.0 71.0 44.0 public.

157.0 1008.0 585.0 48.0 MRRYANT monſtré comment la iuſtice fe

274.0 1037.0 462.0 43.0 demonſtre par les loix, c’eſt choſe cou

274.0 1069.0 468.0 39.0 uenable de toucher comment les execu

274.0 1100.0 469.0 39.0 tions s’en pratiquent enpluſieurs manic

275.0 1134.0 469.0 38.0 res envn eſtat public. La maniere la plus

276.0 1165.0 473.0 40.0 vſitee & pratiquee des executions c’eſt

75.0 1193.0 673.0 44.0 par la voye de la puiſſance du magiſtrat ſur les ſuiers, qui

73.0 1224.0 670.0 38.0 porte le glaiue, dit S. Paul, pour punir les delinquãs. Ce¬

73.0 1257.0 677.0 41.0 da eſt choſe treſneceſſaire, car la communication politi

76.0 1289.0 672.0 42.0 que ne ſe peut entretenir, s’il ne ſe fait des executions

75.0 1321.0 673.0 41.0 par iuſtice, choſe qui depend d’vne. ſcience excellente

77.0 1351.0 668.0 43.0 qui eſt celle par laquelle on peut biẽ vſer de telle choſe.

76.0 1383.0 670.0 47.0 C'eſt celle que Salomon demanda à Dieu, & le fonde¬

756.0 1203.0 83.0 78.0 Remè.

577.0 1422.0 85.0 43.0 CC 4
