<?xml version="1.0" encoding="UTF-8"?>
<alto xmlns:xsi="http://www.w3.org/2001/XMLSchema-instance"
      xmlns="http://www.loc.gov/standards/alto/ns-v4#"
      xsi:schemaLocation="http://www.loc.gov/standards/alto/ns-v4# http://www.loc.gov/standards/alto/v4/alto-4-2.xsd">
  <Description>
    <MeasurementUnit>pixel</MeasurementUnit>
    <sourceImageInformation>
      <fileName>1_Discours_politiques_des_diverses_puissances_025.jpg</fileName>
    </sourceImageInformation>
  </Description>
  <Tags>
    <OtherTag ID="BT7" LABEL="CustomZone" DESCRIPTION="block type CustomZone"/><OtherTag ID="BT8" LABEL="DamageZone" DESCRIPTION="block type DamageZone"/><OtherTag ID="BT9" LABEL="DigitizationArtefactZone" DESCRIPTION="block type DigitizationArtefactZone"/><OtherTag ID="BT10" LABEL="DropCapitalZone" DESCRIPTION="block type DropCapitalZone"/><OtherTag ID="BT11" LABEL="GraphicZone" DESCRIPTION="block type GraphicZone"/><OtherTag ID="BT12" LABEL="MainZone" DESCRIPTION="block type MainZone"/><OtherTag ID="BT13" LABEL="MarginTextZone" DESCRIPTION="block type MarginTextZone"/><OtherTag ID="BT14" LABEL="MusicZone" DESCRIPTION="block type MusicZone"/><OtherTag ID="BT15" LABEL="NumberingZone" DESCRIPTION="block type NumberingZone"/><OtherTag ID="BT17" LABEL="QuireMarksZone" DESCRIPTION="block type QuireMarksZone"/><OtherTag ID="BT18" LABEL="RunningTitleZone" DESCRIPTION="block type RunningTitleZone"/><OtherTag ID="BT19" LABEL="SealZone" DESCRIPTION="block type SealZone"/><OtherTag ID="BT20" LABEL="StampZone" DESCRIPTION="block type StampZone"/><OtherTag ID="BT21" LABEL="TableZone" DESCRIPTION="block type TableZone"/><OtherTag ID="BT22" LABEL="TitlePageZone" DESCRIPTION="block type TitlePageZone"/><OtherTag ID="BT100006" LABEL="MainZone-Continued" DESCRIPTION="block type MainZone-Continued"/><OtherTag ID="BT100009" LABEL="MarginTextZone-Notes" DESCRIPTION="block type MarginTextZone-Notes"/><OtherTag ID="BT100005" LABEL="MainZone-P" DESCRIPTION="block type MainZone-P"/><OtherTag ID="BT100002" LABEL="MainZone-Lg" DESCRIPTION="block type MainZone-Lg"/><OtherTag ID="BT100001" LABEL="MainZone-Head" DESCRIPTION="block type MainZone-Head"/>
    <OtherTag ID="LT7" LABEL="CustomLine" DESCRIPTION="line type CustomLine"/><OtherTag ID="LT8" LABEL="DefaultLine" DESCRIPTION="line type DefaultLine"/><OtherTag ID="LT9" LABEL="DropCapitalLine" DESCRIPTION="line type DropCapitalLine"/><OtherTag ID="LT10" LABEL="HeadingLine" DESCRIPTION="line type HeadingLine"/><OtherTag ID="LT11" LABEL="InterlinearLine" DESCRIPTION="line type InterlinearLine"/><OtherTag ID="LT12" LABEL="MusicLine" DESCRIPTION="line type MusicLine"/><OtherTag ID="LT951" LABEL="default" DESCRIPTION="line type default"/>
  </Tags>
  <Layout>
    <Page WIDTH="1000"
          HEIGHT="1671"
          PHYSICAL_IMG_NR="40"
          ID="eSc_dummypage_">
      <PrintSpace HPOS="0"
                  VPOS="0"
                  WIDTH="1000"
                  HEIGHT="1671">
        <TextBlock HPOS="69.0"
                   VPOS="131.0"
                   WIDTH="662.0"
                   HEIGHT="672.0"
                   ID="eSc_textblock_4a0fd561-c8e4-492a-8fbd-21c0a8f72c59"
                   TAGREFS="BT100006">
          <Shape><Polygon POINTS="731 132 730 803 69 802 69 131"/></Shape>
          <TextLine ID="eSc_line_a119a0c1-b6e7-4f13-adda-731c6d115492"
                    TAGREFS="LT8"
                    BASELINE="71 161 731 153" 
                    HPOS="70.0"
                    VPOS="131.0"
                    WIDTH="661.0"
                    HEIGHT="44.0">
            <Shape><Polygon POINTS="711 131 701 131 692 131 683 131 674 131 672 131 666 132 664 131 664 131 655 131 648 131 642 134 601 134 595 131 590 131 581 131 571 131 562 131 559 131 554 132 536 131 534 131 525 131 516 131 506 131 497 131 493 136 427 136 403 131 395 131 393 131 363 137 338 131 337 131 337 131 336 131 324 137 220 132 220 132 219 132 199 139 177 133 176 133 175 133 174 133 159 139 70 139 71 161 71 173 287 175 288 175 364 173 365 173 366 173 374 168 433 173 434 173 435 173 436 173 436 172 441 168 472 172 473 172 510 167 520 171 521 171 522 171 545 167 584 171 584 171 730 164 731 153 729 133 718 131 711 131"/></Shape>
            <String CONTENT="dant &amp; dominant, que ne font pas les enfans &amp; les ſu¬"
                    HPOS="70.0"
                    VPOS="131.0"
                    WIDTH="661.0"
                    HEIGHT="44.0"
                    WC="0.9909723715962104"></String>
          </TextLine>
          <TextLine ID="eSc_line_4a7aec30-9c4d-40c9-a58d-4e2cd27152af"
                    TAGREFS="LT8"
                    BASELINE="70 194 731 185" 
                    HPOS="69.0"
                    VPOS="160.0"
                    WIDTH="662.0"
                    HEIGHT="48.0">
            <Shape><Polygon POINTS="70 194 70 204 137 208 138 208 182 203 281 207 282 207 334 201 370 205 371 205 372 205 373 205 378 200 419 205 420 205 421 205 437 199 451 204 452 204 453 204 510 198 546 203 547 203 584 197 597 202 597 202 598 202 730 198 731 185 728 167 705 167 692 160 691 160 690 160 689 160 669 167 659 160 658 160 657 160 656 160 655 160 632 168 547 168 540 163 540 162 539 162 538 162 510 162 509 162 472 169 438 163 437 163 403 170 366 164 365 164 326 171 275 166 274 166 242 172 221 166 220 166 220 166 219 166 190 173 152 167 151 167 150 167 135 175 69 175 70 194"/></Shape>
            <String CONTENT="iets en obeiſſant. Ceux qui ont des affections particulie¬"
                    HPOS="69.0"
                    VPOS="160.0"
                    WIDTH="662.0"
                    HEIGHT="48.0"
                    WC="0.9905361738698236"></String>
          </TextLine>
          <TextLine ID="eSc_line_6bb96dbd-e173-4cbd-86fc-6d9641a897b9"
                    TAGREFS="LT8"
                    BASELINE="69 226 731 217" 
                    HPOS="69.0"
                    VPOS="194.0"
                    WIDTH="662.0"
                    HEIGHT="46.0">
            <Shape><Polygon POINTS="69 226 69 235 126 240 127 240 207 233 263 238 264 238 265 238 285 233 301 237 302 237 303 237 335 232 362 236 363 236 425 231 444 235 445 235 446 235 447 235 471 230 531 234 532 234 730 227 731 217 727 194 709 198 664 194 663 194 662 194 662 194 654 199 583 195 582 195 558 200 535 195 534 195 511 200 400 197 399 197 234 205 218 200 217 200 216 200 178 206 135 201 134 201 74 207 69 226"/></Shape>
            <String CONTENT="res eſtans eſleuez en ceſt eſtat peuuent beaucoup à mal"
                    HPOS="69.0"
                    VPOS="194.0"
                    WIDTH="662.0"
                    HEIGHT="46.0"
                    WC="0.9869701415300369"></String>
          </TextLine>
          <TextLine ID="eSc_line_723236b9-8928-47e4-a42f-a5ae9eb2c3d8"
                    TAGREFS="LT8"
                    BASELINE="70 256 731 249" 
                    HPOS="69.0"
                    VPOS="225.0"
                    WIDTH="662.0"
                    HEIGHT="47.0">
            <Shape><Polygon POINTS="70 256 70 272 352 262 363 268 364 268 365 268 366 268 387 262 396 266 397 266 398 266 473 261 484 267 485 267 486 267 541 260 567 266 568 267 603 267 603 266 604 266 616 260 634 266 635 266 636 266 730 259 731 249 729 230 674 225 673 225 634 232 567 228 566 228 471 233 458 227 457 227 456 227 455 227 440 233 433 228 432 228 431 228 380 228 379 228 378 228 361 233 356 229 355 229 354 229 284 229 283 229 282 229 256 235 77 231 76 231 75 231 74 231 69 233 70 256"/></Shape>
            <String CONTENT="faire, &amp; pourtant lon doit deſiver que ceux qui preſidẽt"
                    HPOS="69.0"
                    VPOS="225.0"
                    WIDTH="662.0"
                    HEIGHT="47.0"
                    WC="0.9801202965410132"></String>
          </TextLine>
          <TextLine ID="eSc_line_b3e70ca5-bf28-4b6a-9e2b-02d592d5a795"
                    TAGREFS="LT8"
                    BASELINE="69 289 726 278" 
                    HPOS="69.0"
                    VPOS="252.0"
                    WIDTH="657.0"
                    HEIGHT="54.0">
            <Shape><Polygon POINTS="69 289 74 268 106 261 107 261 134 266 162 261 164 261 181 267 199 259 201 259 237 266 246 259 249 259 289 265 313 258 315 258 410 263 428 256 429 256 473 255 476 255 483 260 523 254 524 254 579 260 607 255 610 255 618 259 669 259 684 252 686 252 726 257 726 297 628 298 627 298 581 293 522 301 521 301 493 295 420 302 419 302 388 297 352 304 351 304 314 297 297 305 295 305 264 298 229 306 228 306 69 300"/></Shape>
            <String CONTENT="en la choſe publique ſoyent ſemblables aux loix, à ce"
                    HPOS="69.0"
                    VPOS="252.0"
                    WIDTH="657.0"
                    HEIGHT="54.0"
                    WC="0.9874748112978758"></String>
          </TextLine>
          <TextLine ID="eSc_line_cef7c534-7534-4563-9773-4c851cfdf48e"
                    TAGREFS="LT8"
                    BASELINE="73 320 729 313" 
                    HPOS="72.0"
                    VPOS="290.0"
                    WIDTH="657.0"
                    HEIGHT="44.0">
            <Shape><Polygon POINTS="73 320 73 334 259 334 259 333 259 333 260 333 267 328 352 333 353 333 386 327 446 332 447 332 448 332 468 326 537 331 538 331 539 331 554 325 596 330 597 330 597 330 608 325 633 329 634 329 678 324 727 329 729 313 727 295 635 290 634 290 633 290 632 290 624 295 261 294 260 294 72 300 73 320"/></Shape>
            <String CONTENT="que feurs punitions ſoyent moderees par equité &amp; non"
                    HPOS="72.0"
                    VPOS="290.0"
                    WIDTH="657.0"
                    HEIGHT="44.0"
                    WC="0.9994026568700682"></String>
          </TextLine>
          <TextLine ID="eSc_line_92fecced-d605-47fa-8d91-43736f9dc81d"
                    TAGREFS="LT8"
                    BASELINE="71 351 728 344" 
                    HPOS="70.0"
                    VPOS="323.0"
                    WIDTH="658.0"
                    HEIGHT="43.0">
            <Shape><Polygon POINTS="71 351 72 366 92 361 142 364 142 364 143 364 162 360 177 365 178 365 179 365 316 364 352 358 397 363 398 363 399 363 400 363 408 357 499 361 500 361 544 356 555 361 556 361 557 361 558 361 558 361 564 355 580 361 581 361 582 362 636 362 636 361 636 361 659 354 694 360 695 360 728 352 728 344 726 323 70 328 71 351"/></Shape>
            <String CONTENT="par ire &amp; paſſion: &amp; partant la maluerſation des Roys a"
                    HPOS="70.0"
                    VPOS="323.0"
                    WIDTH="658.0"
                    HEIGHT="43.0"
                    WC="0.992973518371582"></String>
          </TextLine>
          <TextLine ID="eSc_line_633e8ab3-f2aa-40d1-b39c-deb8abc0628d"
                    TAGREFS="LT8"
                    BASELINE="70 382 727 375" 
                    HPOS="69.0"
                    VPOS="351.0"
                    WIDTH="658.0"
                    HEIGHT="44.0">
            <Shape><Polygon POINTS="70 382 70 395 480 395 480 394 727 387 727 375 725 351 582 356 569 351 568 351 567 351 566 351 550 357 480 352 480 352 479 352 461 358 418 353 417 353 387 359 306 355 305 355 304 355 303 355 296 360 235 356 234 356 233 356 217 361 85 357 84 357 83 357 69 362 70 382"/></Shape>
            <String CONTENT="donné commencement aux loix ciuiles &amp; aux condi¬"
                    HPOS="69.0"
                    VPOS="351.0"
                    WIDTH="658.0"
                    HEIGHT="44.0"
                    WC="0.9997042308048326"></String>
          </TextLine>
          <TextLine ID="eSc_line_214e15eb-c9f1-4b68-a06b-51e35c3dab1e"
                    TAGREFS="LT8"
                    BASELINE="70 414 728 406" 
                    HPOS="69.0"
                    VPOS="383.0"
                    WIDTH="659.0"
                    HEIGHT="43.0">
            <Shape><Polygon POINTS="70 414 70 426 727 417 728 406 726 383 69 392 70 414"/></Shape>
            <String CONTENT="tions &amp; contraux entr’eux &amp; les peuples, comme dit Ci"
                    HPOS="69.0"
                    VPOS="383.0"
                    WIDTH="659.0"
                    HEIGHT="43.0"
                    WC="0.9912536155502751"></String>
          </TextLine>
          <TextLine ID="eSc_line_c0b532ae-d747-4c5c-a667-c096c19418ea"
                    TAGREFS="LT8"
                    BASELINE="69 444 729 438" 
                    HPOS="69.0"
                    VPOS="414.0"
                    WIDTH="660.0"
                    HEIGHT="46.0">
            <Shape><Polygon POINTS="69 444 69 454 152 454 160 460 161 460 162 460 163 460 217 459 218 459 219 459 224 454 233 459 234 459 235 459 289 453 345 457 346 457 347 457 348 457 355 452 401 457 402 457 402 457 423 452 729 452 729 438 728 419 720 414 719 414 718 414 717 414 629 419 590 415 589 415 588 415 587 415 582 420 540 415 539 415 498 421 446 416 445 416 406 422 363 417 363 417 362 417 350 423 282 418 281 418 159 425 94 420 93 420 74 425 69 444"/></Shape>
            <String CONTENT="cero, apres auoir refuté l’opinion d’Herodote qui dit"
                    HPOS="69.0"
                    VPOS="414.0"
                    WIDTH="660.0"
                    HEIGHT="46.0"
                    WC="0.9930840587174451"></String>
          </TextLine>
          <TextLine ID="eSc_line_e2626a90-2344-4120-9c49-2e66bf6b172f"
                    TAGREFS="LT8"
                    BASELINE="69 478 727 471" 
                    HPOS="69.0"
                    VPOS="446.0"
                    WIDTH="658.0"
                    HEIGHT="47.0">
            <Shape><Polygon POINTS="69 478 69 489 75 492 76 492 77 492 77 493 110 493 110 492 111 492 112 492 120 487 139 492 140 492 141 492 216 487 255 492 256 492 257 492 278 485 337 491 337 491 338 491 339 491 348 484 493 483 535 489 536 489 633 481 688 487 689 487 690 487 708 481 725 487 727 471 726 447 633 446 632 446 631 446 611 453 600 447 599 447 558 447 557 447 518 453 465 448 464 448 463 448 443 454 418 449 417 449 416 449 415 449 409 455 386 455 369 449 368 449 367 449 366 449 340 455 283 451 282 451 254 457 164 457 154 452 153 452 152 452 151 452 138 456 127 452 126 452 125 452 74 457 69 478"/></Shape>
            <String CONTENT="que les premiers Roys furent creez entre les Medes,"
                    HPOS="69.0"
                    VPOS="446.0"
                    WIDTH="658.0"
                    HEIGHT="47.0"
                    WC="0.9977458247951433"></String>
          </TextLine>
          <TextLine ID="eSc_line_cb90a493-6199-497c-8e1f-e0ea55cb6b39"
                    TAGREFS="LT8"
                    BASELINE="70 508 729 502" 
                    HPOS="69.0"
                    VPOS="477.0"
                    WIDTH="660.0"
                    HEIGHT="47.0">
            <Shape><Polygon POINTS="70 508 70 524 105 519 634 519 634 518 729 512 729 502 727 483 635 477 634 477 586 483 560 478 559 478 535 482 523 479 522 479 521 479 520 479 519 479 513 484 451 479 450 479 449 479 435 485 343 480 342 480 341 480 340 480 330 486 300 486 276 480 275 480 274 480 256 487 240 483 239 483 238 483 69 489 70 508"/></Shape>
            <String CONTENT="pour entretenir eſgalité, ce qu’il dit auoir eſté auſſi en¬"
                    HPOS="69.0"
                    VPOS="477.0"
                    WIDTH="660.0"
                    HEIGHT="47.0"
                    WC="0.9956303932627694"></String>
          </TextLine>
          <TextLine ID="eSc_line_945b06c7-4406-48db-98b6-884fc88139a7"
                    TAGREFS="LT8"
                    BASELINE="70 541 728 532" 
                    HPOS="69.0"
                    VPOS="509.0"
                    WIDTH="659.0"
                    HEIGHT="47.0">
            <Shape><Polygon POINTS="70 541 70 550 85 550 91 556 92 556 93 556 94 556 122 550 192 555 193 555 194 555 194 555 200 550 238 554 239 554 274 548 298 553 299 553 300 553 301 553 307 547 365 546 434 552 435 552 436 552 463 545 507 551 508 551 509 551 528 544 568 550 569 550 727 542 728 532 727 515 654 510 653 510 594 515 582 509 581 509 580 509 579 509 562 516 512 510 511 510 510 510 491 517 368 512 367 512 332 518 302 513 301 513 300 513 288 519 277 514 276 514 275 514 274 514 254 519 233 514 232 514 231 514 230 514 214 521 175 521 168 515 167 515 166 515 165 515 69 518 70 541"/></Shape>
            <String CONTENT="tre les Romains. Mais il ſe trouue que c’eſt par vne rai¬"
                    HPOS="69.0"
                    VPOS="509.0"
                    WIDTH="659.0"
                    HEIGHT="47.0"
                    WC="0.9952830389926308"></String>
          </TextLine>
          <TextLine ID="eSc_line_0dace0e8-a094-4b11-b0b8-65f0703f101f"
                    TAGREFS="LT8"
                    BASELINE="70 571 728 565" 
                    HPOS="69.0"
                    VPOS="540.0"
                    WIDTH="659.0"
                    HEIGHT="46.0">
            <Shape><Polygon POINTS="70 571 70 582 156 586 157 586 231 581 271 584 272 584 272 584 285 580 295 584 296 584 297 585 351 585 351 584 464 582 465 582 466 582 473 578 727 578 728 565 726 540 680 544 612 541 611 541 610 541 610 541 601 546 539 541 538 541 499 547 458 542 457 542 456 542 436 549 345 549 337 544 336 544 335 544 334 544 333 544 321 550 256 550 206 544 205 544 128 551 69 546 70 571"/></Shape>
            <String CONTENT="ſon naturelle comme à tous peuples: aſauoir dit il, quãd"
                    HPOS="69.0"
                    VPOS="540.0"
                    WIDTH="659.0"
                    HEIGHT="46.0"
                    WC="0.9874017731896763"></String>
          </TextLine>
          <TextLine ID="eSc_line_d5afc462-cabf-4994-91f2-262821cd9997"
                    TAGREFS="LT8"
                    BASELINE="69 604 728 597" 
                    HPOS="69.0"
                    VPOS="573.0"
                    WIDTH="659.0"
                    HEIGHT="40.0">
            <Shape><Polygon POINTS="69 604 69 613 727 607 728 597 725 573 713 580 677 580 664 573 663 573 662 573 662 573 652 578 610 574 610 574 578 580 571 574 571 574 570 574 539 574 538 574 537 574 536 574 527 580 479 575 478 575 477 575 464 582 414 582 392 576 391 576 390 576 336 582 310 577 309 577 283 582 259 577 259 577 258 577 257 577 256 577 249 582 128 579 127 579 126 579 125 579 116 585 74 585 69 604"/></Shape>
            <String CONTENT="la multitude ſe ſentit oppreſſee par les plus riches &amp; puiſ"
                    HPOS="69.0"
                    VPOS="573.0"
                    WIDTH="659.0"
                    HEIGHT="40.0"
                    WC="0.9830362453299054"></String>
          </TextLine>
          <TextLine ID="eSc_line_ee5984d5-f9fb-49ce-8e17-75b14960ac17"
                    TAGREFS="LT8"
                    BASELINE="70 634 729 628" 
                    HPOS="69.0"
                    VPOS="604.0"
                    WIDTH="660.0"
                    HEIGHT="45.0">
            <Shape><Polygon POINTS="70 634 70 644 114 644 126 649 127 649 128 649 168 643 210 648 211 648 297 643 350 647 351 647 352 647 375 641 455 646 456 646 457 646 458 646 465 640 480 646 480 646 481 646 482 646 506 640 559 645 560 645 600 639 626 645 627 645 684 644 685 644 686 644 692 639 727 644 729 628 727 608 564 604 563 604 466 610 425 606 424 606 423 606 401 611 372 606 371 606 370 606 351 612 337 607 336 607 335 607 334 607 318 613 229 613 207 608 206 608 205 608 194 613 146 609 145 609 144 609 143 609 136 614 69 609 70 634"/></Shape>
            <String CONTENT="ſans, elle alla pour refuge à celuy qui luy ſembla le plus"
                    HPOS="69.0"
                    VPOS="604.0"
                    WIDTH="660.0"
                    HEIGHT="45.0"
                    WC="0.9791689009989722"></String>
          </TextLine>
          <TextLine ID="eSc_line_b3353fab-17e2-4cfa-8f9a-ad4671208d04"
                    TAGREFS="LT8"
                    BASELINE="70 666 730 659" 
                    HPOS="69.0"
                    VPOS="634.0"
                    WIDTH="661.0"
                    HEIGHT="46.0">
            <Shape><Polygon POINTS="70 666 70 676 148 680 149 680 179 675 191 680 192 680 193 680 194 680 194 680 200 675 245 679 246 679 246 679 263 674 279 679 280 679 281 679 341 673 370 678 371 678 406 673 416 677 417 677 418 678 482 678 482 677 483 677 502 672 646 675 647 675 674 670 728 673 730 659 728 639 687 634 686 634 685 634 671 641 641 641 591 634 590 634 589 634 577 641 550 637 549 637 548 637 536 642 500 635 499 635 498 635 497 635 487 642 466 636 465 636 464 636 463 636 462 636 453 642 432 636 431 636 430 636 429 636 413 643 374 637 373 637 372 637 351 644 330 637 329 637 328 637 327 637 326 637 314 645 289 638 288 638 287 638 286 638 285 638 276 646 171 646 155 639 154 639 153 639 152 639 132 647 117 640 116 640 116 640 69 640 70 666"/></Shape>
            <String CONTENT="iuſte &amp; vertueux, à celle fin qu’eſgalement il portaſt le"
                    HPOS="69.0"
                    VPOS="634.0"
                    WIDTH="661.0"
                    HEIGHT="46.0"
                    WC="0.9910169243812561"></String>
          </TextLine>
          <TextLine ID="eSc_line_01a0b203-eaad-4311-a237-48a1a0e69b0c"
                    TAGREFS="LT8"
                    BASELINE="69 698 730 690" 
                    HPOS="69.0"
                    VPOS="665.0"
                    WIDTH="661.0"
                    HEIGHT="42.0">
            <Shape><Polygon POINTS="69 698 69 707 729 699 730 690 728 672 652 665 651 665 650 665 649 665 641 673 615 673 606 666 605 666 604 666 603 666 602 666 601 666 592 672 582 667 581 667 580 667 533 673 520 667 519 667 519 667 518 667 517 667 510 673 485 668 484 668 483 668 470 674 426 674 399 668 398 668 366 674 302 670 301 670 300 670 285 675 275 670 274 670 273 670 272 670 272 670 271 670 261 675 214 671 213 671 212 671 197 676 186 671 185 671 184 671 183 671 182 671 175 676 102 672 101 672 100 672 99 672 92 678 74 678 69 698"/></Shape>
            <String CONTENT="foible &amp; le fort chaſcun en ſon endroit en equitable iu¬"
                    HPOS="69.0"
                    VPOS="665.0"
                    WIDTH="661.0"
                    HEIGHT="42.0"
                    WC="0.9909275770187378"></String>
          </TextLine>
          <TextLine ID="eSc_line_db23c03b-79f4-48a4-a39e-0bab380432da"
                    TAGREFS="LT8"
                    BASELINE="70 727 732 722" 
                    HPOS="69.0"
                    VPOS="697.0"
                    WIDTH="663.0"
                    HEIGHT="41.0">
            <Shape><Polygon POINTS="70 727 70 738 732 736 732 722 731 702 714 697 713 697 712 697 711 697 698 701 613 698 612 698 611 698 610 698 603 702 508 699 507 699 506 699 506 699 497 703 401 699 400 699 368 704 311 699 310 699 309 699 286 705 82 701 81 701 80 701 69 706 70 727"/></Shape>
            <String CONTENT="ſtice. Et quand iceux deuindrent moins bons les loix fu"
                    HPOS="69.0"
                    VPOS="697.0"
                    WIDTH="663.0"
                    HEIGHT="41.0"
                    WC="0.9975670446049083"></String>
          </TextLine>
          <TextLine ID="eSc_line_c185932c-53bb-4892-90e5-567887f9fba7"
                    TAGREFS="LT8"
                    BASELINE="70 761 730 754" 
                    HPOS="69.0"
                    VPOS="731.0"
                    WIDTH="661.0"
                    HEIGHT="46.0">
            <Shape><Polygon POINTS="70 761 70 771 224 771 241 777 242 777 243 777 244 777 270 770 351 776 352 776 446 775 447 775 448 775 457 768 498 773 499 773 500 773 516 768 549 772 550 772 551 772 552 772 558 767 569 773 570 773 571 773 621 768 643 772 644 772 645 772 658 766 729 768 730 754 728 737 701 732 700 732 607 737 582 732 581 732 580 732 566 737 557 732 556 732 555 732 502 738 467 731 467 731 466 731 452 737 417 732 416 732 372 738 353 732 352 732 351 732 151 741 143 736 142 736 142 736 69 736 70 761"/></Shape>
            <String CONTENT="rent trouuees, leſquelles parlent à toutes gens par vne"
                    HPOS="69.0"
                    VPOS="731.0"
                    WIDTH="661.0"
                    HEIGHT="46.0"
                    WC="0.9849423563906125"></String>
          </TextLine>
          <TextLine ID="eSc_line_ce97b74f-004f-457a-b617-54fd8a67892a"
                    TAGREFS="LT8"
                    BASELINE="71 792 341 790" 
                    HPOS="70.0"
                    VPOS="767.0"
                    WIDTH="271.0"
                    HEIGHT="39.0">
            <Shape><Polygon POINTS="71 792 71 805 206 802 238 806 239 806 272 802 299 806 300 806 340 800 341 790 339 768 70 767 71 792"/></Shape>
            <String CONTENT="meſme &amp; eſgale voix."
                    HPOS="70.0"
                    VPOS="767.0"
                    WIDTH="271.0"
                    HEIGHT="39.0"
                    WC="0.9936814069747925"></String>
          </TextLine>
        </TextBlock>
        <TextBlock HPOS="246.0"
                   VPOS="80.0"
                   WIDTH="280.0"
                   HEIGHT="52.0"
                   ID="eSc_textblock_2d6318bb-e309-4b19-8e5e-b5d13c8f49a7"
                   TAGREFS="BT18">
          <Shape><Polygon POINTS="526 80 526 132 246 132 246 80"/></Shape>
          <TextLine ID="eSc_line_77cefdda-a082-4117-9ff3-fb19ff45d86f"
                    TAGREFS="LT8"
                    BASELINE="246 122 528 116" 
                    HPOS="245.0"
                    VPOS="80.0"
                    WIDTH="283.0"
                    HEIGHT="52.0">
            <Shape><Polygon POINTS="440 80 430 80 421 80 412 80 402 80 393 80 384 80 375 80 364 80 355 80 334 90 304 85 303 85 302 85 285 90 274 81 274 80 273 80 272 80 272 80 271 80 245 88 246 122 246 132 528 132 528 116 525 85 456 88 441 80 440 80"/></Shape>
            <String CONTENT="Sous Charles ix."
                    HPOS="245.0"
                    VPOS="80.0"
                    WIDTH="283.0"
                    HEIGHT="52.0"
                    WC="0.9775495789945126"></String>
          </TextLine>
        </TextBlock>
        <TextBlock HPOS="664.0"
                   VPOS="84.0"
                   WIDTH="70.0"
                   HEIGHT="43.0"
                   ID="eSc_textblock_71b76d80-7ff9-4d4a-b6b0-e432ab5d7281"
                   TAGREFS="BT15">
          <Shape><Polygon POINTS="734 84 734 127 664 127 664 84"/></Shape>
          <TextLine ID="eSc_line_655c2d77-5dd1-45b6-af95-81f01bd3b486"
                    TAGREFS="LT8"
                    BASELINE="662 116 731 114" 
                    HPOS="662.0"
                    VPOS="84.0"
                    WIDTH="69.0"
                    HEIGHT="41.0">
            <Shape><Polygon POINTS="706 84 697 84 688 84 681 84 667 90 662 116 662 125 731 125 731 114 729 89 708 84 706 84"/></Shape>
            <String CONTENT="160"
                    HPOS="662.0"
                    VPOS="84.0"
                    WIDTH="69.0"
                    HEIGHT="41.0"
                    WC="0.9999982515970866"></String>
          </TextLine>
        </TextBlock>
        <TextBlock HPOS="734.0"
                   VPOS="250.0"
                   WIDTH="135.0"
                   HEIGHT="45.0"
                   ID="eSc_textblock_94f45804-ab9c-45c0-b8ac-d4296c879a5c"
                   TAGREFS="BT100009">
          <Shape><Polygon POINTS="869 250 869 295 734 295 734 250"/></Shape>
          <TextLine ID="eSc_line_eSc_line_71ce9117"
                    TAGREFS="LT8"
                    BASELINE="740 278 864 276" 
                    HPOS="740.0"
                    VPOS="249.0"
                    WIDTH="124.0"
                    HEIGHT="47.0">
            <Shape><Polygon POINTS="751 250 753 250 821 256 861 249 864 276 864 295 783 296 782 296 753 290 740 296 740 253"/></Shape>
            <String CONTENT="Cicer. 1. off."
                    HPOS="740.0"
                    VPOS="249.0"
                    WIDTH="124.0"
                    HEIGHT="47.0"
                    WC="0.957708260842732"></String>
          </TextLine>
        </TextBlock>
        <TextBlock HPOS="70.0"
                   VPOS="799.0"
                   WIDTH="667.0"
                   HEIGHT="612.0"
                   ID="eSc_textblock_816f48d5-3982-454a-8454-beb1e825bd19"
                   TAGREFS="BT100005">
          <Shape><Polygon POINTS="737 799 737 1411 70 1411 70 799"/></Shape>
          <TextLine ID="eSc_line_7d81cae3-6f21-4399-9d79-466c67dabc97"
                    TAGREFS="LT8"
                    BASELINE="101 824 710 816 724 814" 
                    HPOS="100.0"
                    VPOS="799.0"
                    WIDTH="626.0"
                    HEIGHT="39.0">
            <Shape><Polygon POINTS="716 830 714 830 647 826 525 833 524 833 435 828 387 834 386 834 337 830 313 836 311 836 293 830 241 837 240 837 196 832 170 838 169 838 101 834 101 824 100 799 139 799 148 802 155 799 170 799 180 801 181 799 207 799 213 801 228 799 269 799 272 800 326 800 327 799 722 799 726 826"/></Shape>
            <String CONTENT="Et pourtant le royaume eſt tellement fait hereditai¬"
                    HPOS="100.0"
                    VPOS="799.0"
                    WIDTH="626.0"
                    HEIGHT="39.0"
                    WC="0.9980650681715745"></String>
          </TextLine>
          <TextLine ID="eSc_line_a8872a34-aeeb-42a6-8926-79745d4eed6c"
                    TAGREFS="LT8"
                    BASELINE="70 854 685 850 720 848 723 847" 
                    HPOS="70.0"
                    VPOS="821.0"
                    WIDTH="656.0"
                    HEIGHT="49.0">
            <Shape><Polygon POINTS="70 854 73 835 159 830 161 830 177 834 192 825 194 825 237 833 252 826 255 826 272 833 291 825 294 825 314 832 322 827 324 827 386 831 396 823 400 823 423 832 450 832 465 825 467 825 503 831 554 826 556 826 575 830 587 823 591 823 609 830 631 830 649 821 650 821 697 829 716 829 726 856 718 861 717 861 673 865 671 865 650 860 609 867 608 867 463 861 442 867 441 867 368 862 335 868 334 868 303 862 253 869 252 869 181 864 140 870 139 870 70 864"/></Shape>
            <String CONTENT="re, que c’eſt ſauf le droit du public qui eſt preferé au"
                    HPOS="70.0"
                    VPOS="821.0"
                    WIDTH="656.0"
                    HEIGHT="49.0"
                    WC="0.996368526366719"></String>
          </TextLine>
          <TextLine ID="eSc_line_50b283a1-b4b4-42ec-86a1-4b6cf36c80a9"
                    TAGREFS="LT8"
                    BASELINE="68 885 679 881 716 880 724 878" 
                    HPOS="68.0"
                    VPOS="855.0"
                    WIDTH="659.0"
                    HEIGHT="46.0">
            <Shape><Polygon POINTS="68 885 73 867 95 862 96 862 137 866 147 859 150 859 192 867 222 860 223 860 272 866 329 860 331 860 346 865 358 856 362 856 385 864 417 860 420 860 427 866 475 866 494 855 515 855 528 864 556 858 558 858 575 864 647 858 648 858 677 862 698 855 701 855 719 862 719 862 727 887 714 894 712 894 688 891 656 896 655 896 574 892 563 897 561 897 512 891 431 898 430 898 349 894 343 899 341 899 341 900 218 900 217 899 216 899 207 894 196 900 195 900 195 901 142 901 141 900 140 900 116 893 68 893"/></Shape>
            <String CONTENT="droit de quelque particulier que ce ſoit, &amp; tenu pour le"
                    HPOS="68.0"
                    VPOS="855.0"
                    WIDTH="659.0"
                    HEIGHT="46.0"
                    WC="0.992149857538087"></String>
          </TextLine>
          <TextLine ID="eSc_line_cf1e6adc-4245-44bb-816e-fb03eb8195e2"
                    TAGREFS="LT8"
                    BASELINE="69 917 676 913 722 911 727 910" 
                    HPOS="68.0"
                    VPOS="884.0"
                    WIDTH="662.0"
                    HEIGHT="50.0">
            <Shape><Polygon POINTS="69 917 68 893 86 888 89 888 107 895 129 892 131 892 149 897 170 893 172 893 188 897 197 889 200 889 235 896 292 892 293 892 319 896 349 891 350 891 360 895 373 891 375 891 443 895 482 895 497 887 500 887 517 895 542 895 586 894 604 885 606 885 652 893 669 885 670 885 719 884 730 920 688 927 687 927 676 922 662 929 660 929 646 923 612 929 611 929 570 924 543 931 541 931 495 923 475 931 473 931 429 926 352 932 351 932 318 925 234 932 233 932 208 927 189 933 187 933 103 929 69 934"/></Shape>
            <String CONTENT="ſouuerain ſur toutes reigles &amp; couſtumes ciuiles. Car"
                    HPOS="68.0"
                    VPOS="884.0"
                    WIDTH="662.0"
                    HEIGHT="50.0"
                    WC="0.9997552149700668"></String>
          </TextLine>
          <TextLine ID="eSc_line_fb0a11b6-5f7b-4940-948f-85519fac180d"
                    TAGREFS="LT8"
                    BASELINE="73 949 711 945 726 940" 
                    HPOS="72.0"
                    VPOS="918.0"
                    WIDTH="658.0"
                    HEIGHT="48.0">
            <Shape><Polygon POINTS="73 949 72 924 185 929 200 922 203 922 220 929 258 929 271 922 272 922 301 928 327 928 336 920 340 920 349 927 453 921 454 921 462 925 485 919 487 919 560 925 601 919 603 919 615 925 659 925 669 918 672 918 719 919 730 952 728 952 714 959 711 959 686 953 649 960 647 960 627 955 587 961 586 961 507 957 500 962 497 962 471 957 452 962 450 962 415 958 333 963 331 963 308 958 254 964 253 964 195 958 154 965 153 965 98 958 74 966"/></Shape>
            <String CONTENT="principauté royale n’eſt pas vne poſſeſſion priuee, ni vne"
                    HPOS="72.0"
                    VPOS="918.0"
                    WIDTH="658.0"
                    HEIGHT="48.0"
                    WC="0.9943516688831782"></String>
          </TextLine>
          <TextLine ID="eSc_line_f9b5f6e4-a653-40b1-9731-ff476532f882"
                    TAGREFS="LT8"
                    BASELINE="70 979 728 976" 
                    HPOS="70.0"
                    VPOS="952.0"
                    WIDTH="658.0"
                    HEIGHT="39.0">
            <Shape><Polygon POINTS="70 979 70 991 727 986 728 976 727 952 694 952 693 952 692 952 691 952 682 958 623 952 622 952 621 952 605 959 567 959 531 952 530 952 529 952 528 952 520 958 509 954 508 954 507 954 482 959 458 954 457 954 456 954 427 959 376 953 376 953 375 953 374 953 365 960 338 960 300 953 299 953 298 953 298 953 286 961 233 961 211 954 210 954 209 954 175 960 159 954 158 954 157 954 156 954 143 960 136 954 135 954 134 954 87 954 86 954 85 954 76 958 70 979"/></Shape>
            <String CONTENT="choſe familiere en laquëlle on doyue heriter ſelon les"
                    HPOS="70.0"
                    VPOS="952.0"
                    WIDTH="658.0"
                    HEIGHT="39.0"
                    WC="0.9966590111905879"></String>
          </TextLine>
          <TextLine ID="eSc_line_defeca22-5b23-4953-97cf-505e2638486c"
                    TAGREFS="LT8"
                    BASELINE="70 1010 721 1006" 
                    HPOS="70.0"
                    VPOS="982.0"
                    WIDTH="651.0"
                    HEIGHT="40.0">
            <Shape><Polygon POINTS="70 1010 75 991 99 985 102 985 116 991 147 985 150 985 160 993 187 993 220 984 278 984 294 991 373 991 389 984 390 984 480 989 490 983 493 983 508 988 521 983 576 983 599 989 633 982 634 982 721 987 721 1019 600 1022 599 1022 70 1021"/></Shape>
            <String CONTENT="loix &amp; conſtitutions communes des heritages des ci¬"
                    HPOS="70.0"
                    VPOS="982.0"
                    WIDTH="651.0"
                    HEIGHT="40.0"
                    WC="0.9852196200221193"></String>
          </TextLine>
          <TextLine ID="eSc_line_e1934d0b-aad9-4d2b-a664-728e496a6f80"
                    TAGREFS="LT8"
                    BASELINE="70 1043 729 1039" 
                    HPOS="70.0"
                    VPOS="1015.0"
                    WIDTH="659.0"
                    HEIGHT="41.0">
            <Shape><Polygon POINTS="70 1043 75 1024 168 1024 178 1019 180 1019 207 1023 227 1017 229 1017 387 1023 402 1016 404 1016 417 1023 463 1023 471 1016 473 1016 547 1015 548 1015 584 1021 635 1015 636 1015 727 1020 729 1018 729 1051 662 1055 662 1056 70 1056"/></Shape>
            <String CONTENT="toyens: &amp; n’eſt choſe venale ne diuiſible, ne dont on"
                    HPOS="70.0"
                    VPOS="1015.0"
                    WIDTH="659.0"
                    HEIGHT="41.0"
                    WC="0.9976805504762901"></String>
          </TextLine>
          <TextLine ID="eSc_line_f739c8aa-3951-4569-8efb-58d0b5d13d3d"
                    TAGREFS="LT8"
                    BASELINE="71 1074 728 1071" 
                    HPOS="70.0"
                    VPOS="1047.0"
                    WIDTH="658.0"
                    HEIGHT="44.0">
            <Shape><Polygon POINTS="71 1074 70 1053 110 1049 111 1049 249 1054 259 1049 261 1049 284 1053 314 1048 317 1048 325 1053 451 1047 453 1047 469 1052 492 1047 494 1047 516 1052 586 1047 587 1047 641 1051 728 1050 728 1086 686 1088 685 1088 636 1082 623 1088 622 1088 622 1089 539 1089 538 1088 536 1088 528 1083 483 1088 482 1088 447 1083 423 1089 422 1089 422 1090 376 1090 376 1089 375 1089 352 1084 281 1084 237 1090 236 1090 91 1085 72 1091"/></Shape>
            <String CONTENT="puiſſe teſter, mais eſt vn excellent office publique &amp; vne"
                    HPOS="70.0"
                    VPOS="1047.0"
                    WIDTH="658.0"
                    HEIGHT="44.0"
                    WC="0.9901766633165294"></String>
          </TextLine>
          <TextLine ID="eSc_line_d27bea90-9495-4a03-b242-27a6ac39224f"
                    TAGREFS="LT8"
                    BASELINE="69 1105 729 1105" 
                    HPOS="69.0"
                    VPOS="1080.0"
                    WIDTH="660.0"
                    HEIGHT="40.0">
            <Shape><Polygon POINTS="69 1105 69 1115 728 1120 729 1105 729 1087 679 1087 667 1080 666 1080 624 1080 623 1080 623 1080 622 1080 616 1086 603 1080 602 1080 556 1080 555 1080 554 1080 539 1086 450 1080 449 1080 448 1080 434 1087 388 1087 374 1080 373 1080 372 1080 371 1080 370 1080 360 1087 302 1087 272 1080 272 1080 271 1080 270 1080 262 1087 201 1087 180 1080 179 1080 86 1080 85 1080 84 1080 69 1086 69 1105"/></Shape>
            <String CONTENT="dignité honnorable qui requiert vertu &amp; prudence en"
                    HPOS="69.0"
                    VPOS="1080.0"
                    WIDTH="660.0"
                    HEIGHT="40.0"
                    WC="0.9983958143454331"></String>
          </TextLine>
          <TextLine ID="eSc_line_97524eac-07cf-4c43-b2ba-71f2cd6dfadf"
                    TAGREFS="LT8"
                    BASELINE="69 1136 730 1139" 
                    HPOS="69.0"
                    VPOS="1111.0"
                    WIDTH="661.0"
                    HEIGHT="38.0">
            <Shape><Polygon POINTS="69 1136 69 1149 729 1149 730 1139 730 1120 698 1120 683 1113 682 1113 607 1113 606 1113 605 1113 594 1117 587 1113 586 1113 585 1113 584 1113 584 1113 583 1113 576 1117 544 1113 543 1113 542 1113 524 1119 510 1112 509 1112 508 1112 507 1112 483 1118 424 1112 423 1112 422 1112 405 1119 373 1119 343 1112 342 1112 341 1112 328 1119 305 1119 290 1111 289 1111 288 1111 258 1117 222 1112 221 1112 220 1112 220 1112 209 1118 157 1118 129 1112 129 1112 103 1117 96 1111 95 1111 94 1111 69 1111 69 1136"/></Shape>
            <String CONTENT="l’homme qui y eſt conſtitue. Ce ne ſeroit plus royaume"
                    HPOS="69.0"
                    VPOS="1111.0"
                    WIDTH="661.0"
                    HEIGHT="38.0"
                    WC="0.983362427464238"></String>
          </TextLine>
          <TextLine ID="eSc_line_de268792-34bc-4bcf-a3fe-cc77bd213714"
                    TAGREFS="LT8"
                    BASELINE="69 1169 733 1167" 
                    HPOS="68.0"
                    VPOS="1140.0"
                    WIDTH="665.0"
                    HEIGHT="38.0">
            <Shape><Polygon POINTS="69 1169 69 1178 732 1178 733 1167 730 1142 646 1147 617 1140 616 1140 566 1147 558 1141 558 1141 557 1141 556 1141 555 1141 554 1141 547 1148 522 1148 504 1141 503 1141 502 1141 501 1141 485 1148 413 1148 393 1141 392 1141 391 1141 390 1141 389 1141 381 1148 352 1143 351 1143 312 1148 252 1142 251 1142 250 1142 233 1148 225 1141 224 1141 223 1141 222 1141 68 1142 69 1169"/></Shape>
            <String CONTENT="s’il ſe diſtribuoit ſelon les droits qui parlent de ſucceſ¬"
                    HPOS="68.0"
                    VPOS="1140.0"
                    WIDTH="665.0"
                    HEIGHT="38.0"
                    WC="0.9959411610991268"></String>
          </TextLine>
          <TextLine ID="eSc_line_84ee54d8-6a6f-498f-9c7a-1c657552f05d"
                    TAGREFS="LT8"
                    BASELINE="69 1198 732 1201" 
                    HPOS="68.0"
                    VPOS="1178.0"
                    WIDTH="664.0"
                    HEIGHT="34.0">
            <Shape><Polygon POINTS="69 1198 68 1207 730 1212 732 1201 732 1178 69 1178 69 1198"/></Shape>
            <String CONTENT="ſion ou de tranſlation d’heritages familiers: car en tel¬"
                    HPOS="68.0"
                    VPOS="1178.0"
                    WIDTH="664.0"
                    HEIGHT="34.0"
                    WC="0.9982667920882242"></String>
          </TextLine>
          <TextLine ID="eSc_line_67e692dc-b614-4e20-a73a-954925873466"
                    TAGREFS="LT8"
                    BASELINE="68 1231 732 1234" 
                    HPOS="67.0"
                    VPOS="1204.0"
                    WIDTH="665.0"
                    HEIGHT="41.0">
            <Shape><Polygon POINTS="68 1231 67 1241 730 1245 732 1234 731 1212 673 1205 672 1205 623 1210 537 1205 536 1205 474 1210 464 1205 463 1205 462 1205 401 1210 391 1204 390 1204 389 1204 389 1204 354 1210 324 1205 324 1205 291 1210 285 1204 284 1204 283 1204 282 1204 229 1209 216 1204 215 1204 214 1204 74 1209 68 1231"/></Shape>
            <String CONTENT="le choſe la ſucceſſion a tellemẽt lieu qu’elle depẽd de l’e"
                    HPOS="67.0"
                    VPOS="1204.0"
                    WIDTH="665.0"
                    HEIGHT="41.0"
                    WC="0.9916552002312707"></String>
          </TextLine>
          <TextLine ID="eSc_line_afb61e23-ca27-4b8e-ab53-8bf007b8d22d"
                    TAGREFS="LT8"
                    BASELINE="68 1262 732 1265" 
                    HPOS="68.0"
                    VPOS="1236.0"
                    WIDTH="664.0"
                    HEIGHT="44.0">
            <Shape><Polygon POINTS="68 1262 68 1274 161 1273 179 1278 180 1278 181 1278 231 1273 308 1279 309 1279 336 1274 372 1279 373 1279 405 1274 411 1279 412 1279 413 1279 414 1280 488 1280 488 1279 510 1274 532 1280 533 1280 534 1280 731 1274 732 1265 732 1243 713 1238 712 1238 711 1238 437 1242 428 1237 428 1237 427 1237 426 1237 361 1242 326 1237 325 1237 324 1237 314 1242 304 1237 303 1237 302 1237 301 1237 289 1242 232 1236 231 1236 230 1236 209 1241 102 1236 101 1236 75 1241 68 1262"/></Shape>
            <String CONTENT="lection que le peuple fait du lignage duquel l’aiſné &amp; le"
                    HPOS="68.0"
                    VPOS="1236.0"
                    WIDTH="664.0"
                    HEIGHT="44.0"
                    WC="0.999845557171723"></String>
          </TextLine>
          <TextLine ID="eSc_line_eb2b2528-a376-4e8b-8b15-69a5522b4478"
                    TAGREFS="LT8"
                    BASELINE="68 1295 731 1297" 
                    HPOS="68.0"
                    VPOS="1269.0"
                    WIDTH="663.0"
                    HEIGHT="42.0">
            <Shape><Polygon POINTS="68 1295 68 1308 263 1305 416 1310 417 1310 418 1310 428 1306 492 1306 499 1310 500 1310 501 1310 502 1310 640 1307 703 1311 704 1311 730 1306 731 1297 730 1273 584 1270 583 1270 582 1270 570 1275 554 1270 553 1270 552 1270 551 1270 550 1270 544 1275 453 1269 452 1269 415 1274 392 1269 391 1269 390 1269 389 1269 384 1275 290 1275 183 1269 182 1269 181 1269 171 1273 155 1269 154 1269 153 1269 152 1269 142 1273 130 1269 129 1269 129 1269 100 1273 94 1269 93 1269 92 1269 91 1269 90 1269 74 1272 68 1295"/></Shape>
            <String CONTENT="plus habile eſt reconuen premier lieu. Cela eſt vne reigle"
                    HPOS="68.0"
                    VPOS="1269.0"
                    WIDTH="663.0"
                    HEIGHT="42.0"
                    WC="0.9875807587442726"></String>
          </TextLine>
          <TextLine ID="eSc_line_9bc8bf29-b4f4-4c45-8638-0f920e3124e4"
                    TAGREFS="LT8"
                    BASELINE="68 1325 732 1329" 
                    HPOS="67.0"
                    VPOS="1300.0"
                    WIDTH="665.0"
                    HEIGHT="38.0">
            <Shape><Polygon POINTS="68 1325 67 1335 730 1338 732 1329 732 1308 714 1303 714 1303 713 1303 712 1303 700 1308 636 1303 636 1303 612 1308 598 1303 597 1303 597 1303 493 1307 391 1301 390 1301 367 1306 291 1301 290 1301 233 1306 85 1300 84 1300 83 1300 75 1303 68 1325"/></Shape>
            <String CONTENT="de nature, &amp; vne couſtume obſeruee entre le peuple de"
                    HPOS="67.0"
                    VPOS="1300.0"
                    WIDTH="665.0"
                    HEIGHT="38.0"
                    WC="0.9904401673460906"></String>
          </TextLine>
          <TextLine ID="eSc_line_f57a4b07-f575-4d15-9466-aa55d4bcc095"
                    TAGREFS="LT8"
                    BASELINE="68 1357 730 1360" 
                    HPOS="68.0"
                    VPOS="1332.0"
                    WIDTH="662.0"
                    HEIGHT="38.0">
            <Shape><Polygon POINTS="68 1357 68 1370 729 1369 730 1360 728 1334 608 1338 598 1334 597 1334 536 1334 535 1334 534 1334 533 1334 527 1338 465 1333 464 1333 317 1337 307 1333 306 1333 305 1333 304 1333 293 1337 85 1332 84 1332 83 1332 75 1334 68 1357"/></Shape>
            <String CONTENT="Dieu. Et ſi ce premier ſe trouue incapable, comme s’il"
                    HPOS="68.0"
                    VPOS="1332.0"
                    WIDTH="662.0"
                    HEIGHT="38.0"
                    WC="0.9961236340028269"></String>
          </TextLine>
          <TextLine ID="eSc_line_1604a524-374b-4364-9207-c95d20477e44"
                    TAGREFS="LT8"
                    BASELINE="68 1388 728 1390" 
                    HPOS="67.0"
                    VPOS="1364.0"
                    WIDTH="661.0"
                    HEIGHT="51.0">
            <Shape><Polygon POINTS="68 1388 67 1405 151 1406 156 1411 157 1411 158 1411 159 1411 182 1407 196 1414 197 1414 198 1415 239 1415 239 1414 240 1414 241 1414 253 1407 275 1414 276 1414 277 1414 300 1410 375 1412 376 1412 376 1412 377 1412 384 1407 433 1414 434 1414 464 1408 510 1408 529 1415 530 1415 531 1415 641 1412 642 1412 643 1412 649 1408 727 1414 728 1390 727 1371 376 1364 376 1364 168 1369 90 1364 90 1364 89 1364 74 1368 68 1388"/></Shape>
            <String CONTENT="eſtoit hors du ſens ou du tout peruers, il en pourroit e¬"
                    HPOS="67.0"
                    VPOS="1364.0"
                    WIDTH="661.0"
                    HEIGHT="51.0"
                    WC="0.9857358054110879"></String>
          </TextLine>
        </TextBlock>
        <TextBlock HPOS="734.0"
                   VPOS="553.0"
                   WIDTH="85.0"
                   HEIGHT="55.0"
                   ID="eSc_textblock_eSc_textblock_38537572"
                   TAGREFS="BT100009">
          <Shape><Polygon POINTS="819 608 819 553 734 553 734 608"/></Shape>
          <TextLine ID="eSc_line_a9c93951-3979-45a2-a75b-f68c7b8e7f42"
                    TAGREFS="LT8"
                    BASELINE="735 582 808 583" 
                    HPOS="734.0"
                    VPOS="547.0"
                    WIDTH="74.0"
                    HEIGHT="63.0">
            <Shape><Polygon POINTS="735 582 734 596 753 597 777 609 778 609 779 610 807 610 808 583 808 550 775 547 774 547 735 554 735 582"/></Shape>
            <String CONTENT="2.offic."
                    HPOS="734.0"
                    VPOS="547.0"
                    WIDTH="74.0"
                    HEIGHT="63.0"
                    WC="0.9988233968615532"></String>
          </TextLine>
        </TextBlock>
        <TextBlock HPOS="731.0"
                   VPOS="784.0"
                   WIDTH="146.0"
                   HEIGHT="165.0"
                   ID="eSc_textblock_8286e73a-4906-4f62-9200-fde3ac8789b1"
                   TAGREFS="BT100009">
          <Shape><Polygon POINTS="877 784 877 949 731 949 731 784"/></Shape>
          <TextLine ID="eSc_line_eSc_line_6135c533"
                    TAGREFS="LT8"
                    BASELINE="737 812 766 808 851 808" 
                    HPOS="733.0"
                    VPOS="786.0"
                    WIDTH="118.0"
                    HEIGHT="36.0">
            <Shape><Polygon POINTS="738 787 740 787 849 786 851 808 850 821 738 822 733 789"/></Shape>
            <String CONTENT="A quelles"
                    HPOS="733.0"
                    VPOS="786.0"
                    WIDTH="118.0"
                    HEIGHT="36.0"
                    WC="0.9919417765405443"></String>
          </TextLine>
          <TextLine ID="eSc_line_eSc_line_d59eecef"
                    TAGREFS="LT8"
                    BASELINE="735 843 745 839 867 837" 
                    HPOS="728.0"
                    VPOS="820.0"
                    WIDTH="139.0"
                    HEIGHT="34.0">
            <Shape><Polygon POINTS="736 820 739 820 865 822 867 837 866 854 739 854 728 825"/></Shape>
            <String CONTENT="conditiõs vn"
                    HPOS="728.0"
                    VPOS="820.0"
                    WIDTH="139.0"
                    HEIGHT="34.0"
                    WC="0.9981785508302542"></String>
          </TextLine>
          <TextLine ID="eSc_line_eSc_line_5c08e7c6"
                    TAGREFS="LT8"
                    BASELINE="734 875 747 871 869 871" 
                    HPOS="728.0"
                    VPOS="852.0"
                    WIDTH="141.0"
                    HEIGHT="35.0">
            <Shape><Polygon POINTS="738 853 739 853 867 852 869 871 868 886 737 887 728 858"/></Shape>
            <String CONTENT="royaumne eſt"
                    HPOS="728.0"
                    VPOS="852.0"
                    WIDTH="141.0"
                    HEIGHT="35.0"
                    WC="0.9221477309862772"></String>
          </TextLine>
          <TextLine ID="eSc_line_eSc_line_1281b8e1"
                    TAGREFS="LT8"
                    BASELINE="734 908 753 902 866 900" 
                    HPOS="727.0"
                    VPOS="881.0"
                    WIDTH="139.0"
                    HEIGHT="38.0">
            <Shape><Polygon POINTS="863 881 866 900 866 916 747 917 737 919 727 884"/></Shape>
            <String CONTENT="fait heredi¬"
                    HPOS="727.0"
                    VPOS="881.0"
                    WIDTH="139.0"
                    HEIGHT="38.0"
                    WC="0.9995238582293192"></String>
          </TextLine>
          <TextLine ID="eSc_line_eSc_line_2ff3a01a"
                    TAGREFS="LT8"
                    BASELINE="739 936 741 935 792 934" 
                    HPOS="733.0"
                    VPOS="919.0"
                    WIDTH="59.0"
                    HEIGHT="33.0">
            <Shape><Polygon POINTS="790 920 792 934 791 951 744 952 733 919"/></Shape>
            <String CONTENT="taire."
                    HPOS="733.0"
                    VPOS="919.0"
                    WIDTH="59.0"
                    HEIGHT="33.0"
                    WC="0.99856565395991"></String>
          </TextLine>
        </TextBlock>
        <TextBlock HPOS="732.0"
                   VPOS="982.0"
                   WIDTH="143.0"
                   HEIGHT="105.0"
                   ID="eSc_textblock_ba37c8a1-856a-4be5-bb9f-3ea30cf223d7"
                   TAGREFS="BT100009">
          <Shape><Polygon POINTS="875 982 875 1087 732 1087 732 982"/></Shape>
          <TextLine ID="eSc_line_eSc_line_d2e6258c"
                    TAGREFS="LT8"
                    BASELINE="734 1006 866 1005" 
                    HPOS="733.0"
                    VPOS="981.0"
                    WIDTH="133.0"
                    HEIGHT="37.0">
            <Shape><Polygon POINTS="837 981 839 981 865 988 866 1005 865 1015 734 1018 733 988"/></Shape>
            <String CONTENT="extra. de te¬"
                    HPOS="733.0"
                    VPOS="981.0"
                    WIDTH="133.0"
                    HEIGHT="37.0"
                    WC="0.9680806627640357"></String>
          </TextLine>
          <TextLine ID="eSc_line_eSc_line_fd59d1db"
                    TAGREFS="LT8"
                    BASELINE="739 1039 867 1038" 
                    HPOS="739.0"
                    VPOS="1014.0"
                    WIDTH="128.0"
                    HEIGHT="40.0">
            <Shape><Polygon POINTS="824 1020 864 1014 867 1038 865 1054 761 1049 739 1050 739 1014"/></Shape>
            <String CONTENT="ſta.l.1.c.3. ſi"
                    HPOS="739.0"
                    VPOS="1014.0"
                    WIDTH="128.0"
                    HEIGHT="40.0"
                    WC="0.9692328492800395"></String>
          </TextLine>
          <TextLine ID="eSc_line_eSc_line_230dfa78"
                    TAGREFS="LT8"
                    BASELINE="737 1070 823 1070" 
                    HPOS="737.0"
                    VPOS="1048.0"
                    WIDTH="86.0"
                    HEIGHT="38.0">
            <Shape><Polygon POINTS="820 1048 823 1070 823 1083 737 1086 737 1049"/></Shape>
            <String CONTENT="hæredes."
                    HPOS="737.0"
                    VPOS="1048.0"
                    WIDTH="86.0"
                    HEIGHT="38.0"
                    WC="0.9986448362469673"></String>
          </TextLine>
        </TextBlock>
      </PrintSpace>
    </Page>
  </Layout>
</alto>
