1000 1671
124.0 82.0 162.0 35.0 M.D. LXXIIII

259.0 142.0 675.0 39.0 de celuy que lon y mettra apres la faute conue: mais

259.0 167.0 672.0 48.0 ſi auec ſoin & prudence le tout s’eſt conduit par aduis

259.0 209.0 672.0 35.0 medité, & que de pendune le tuceen contreulene a

259.0 231.0 670.0 47.0 l’intention, on en eſt quaſi à deſeſperer de la proſperité.

290.0 262.0 640.0 45.0 La volupté entre autres corruptions abarſtardiſt biẽ

259.0 294.0 671.0 43.0 vn peuple à ſe laiſſer aller pour en fin perdre ſa liber¬

122.0 322.0 808.0 49.0 Platon aux té & toute ſaincte ſocieté. C’eſt pourquoy les anciens di

120.0 355.0 808.0 53.0 amis deDio. ſoyent que la cité ne peut eſtre en repos quelque puiſſan

259.0 391.0 670.0 42.0 ce qu’ayent les princes & les loix, ſi les citoyens ſe pro¬

259.0 421.0 668.0 43.0 poſent les delices & ſuperfluitez pour leur contentemẽt,

259.0 453.0 669.0 42.0 & que là ils conſument leur auoir. C’eſt pourquoy Salu¬

258.0 483.0 671.0 45.0 ſte ſe plaint qu’auant que Carthage fuſt deſtruite le peu

259.0 515.0 670.0 44.0 ple & le ſenat Romain manioyent enſemble dextremẽt

258.0 548.0 670.0 39.0 & modeſtement la republique. Ils eſtoyent contenus en

258.0 579.0 669.0 44.0 vertueuſes actions pour l’eſgard des afaires, & donte de

257.0 609.0 673.0 49.0 l’ennemy, qui gardoyent le peuple de pareſſe: mais cela

255.0 644.0 671.0 44.0 eſtant eſcoulé de leurs eſprits la volupté & l’ambition

256.0 675.0 670.0 43.0 qui ſuiuent la proſperité & grand aiſe, eurent entrec en

254.0 704.0 670.0 45.0 la cité & de la vindrent tãt de guerres ciuiles & de maux.

254.0 738.0 671.0 44.0 Ce n’eſt pas à dire que la guerre ſoit neceſſaire pour re¬

255.0 770.0 670.0 45.0 tenir vn peüple en deuoir; car il y a aſſez d’autres occup¬

256.0 802.0 668.0 43.0 pations pour employer les eſprits des hommes en vne

254.0 834.0 669.0 43.0 republique, ſans harceler ſes voiſins: mais c’eſt pour mõ

252.0 865.0 673.0 44.0 ſtrer que la volupté & oiſiueté couuent & trainent vne

256.0 896.0 668.0 45.0 infinité de miſeres. Nul eſtat ſe peut dire ſans controuer

254.0 926.0 668.0 46.0 ſes, mais le droit apartient à la partie qui procure le bien

253.0 958.0 670.0 45.0 vniuerſel de l’eſtat: & faut bien preſumer que tels ne viẽ¬

255.0 989.0 669.0 46.0 dront aux extremes que par grande neceſſité. Car par la

255.0 1024.0 667.0 44.0 guerre ils ſont contraints de faire pour vn coup ce pour

254.0 1054.0 668.0 45.0 quoy ils ſe ſont armez pour l’empeſcher à touſiours, afa

251.0 1086.0 671.0 45.0 uoir le degaſt de la patrie. La diſſenſion de deux grands

250.0 1118.0 670.0 44.0 en vn eſtat ſe peut meſme cõpatir auec l’amitié d’iceux,

249.0 1150.0 673.0 46.0 comme celle de Pompee & de Ciceron, c’eſt, quand cha

249.0 1181.0 671.0 45.0 cun a raiſonnable fin, pour pourſuiure ſon opinion. Põ¬

247.0 1212.0 673.0 44.0 pee vouloit l’honneur en la grandeur de l’Empire, mais

249.0 1243.0 670.0 48.0 par magnanimité & experience aux guerres, moyẽs qui

244.0 1337.0 672.0 44.0 fuſſent honneſtement duits & regis, & les eſtrangers at¬

243.0 1367.0 672.0 78.0 tirez a l’empire. Voyla yne bonne & ſaincte emularion.

246.0 1278.0 672.0 43.0 apportent hazard': & Cicero la vouloit par vne paix &

245.0 1306.0 673.0 46.0 eſtabliſſement de ſainctes loix par leſquelles les citoyẽs

480.0 85.0 277.0 53.0 Eſtat de France

840.0 1411.0 71.0 46.0 Tous
