1000 1671
70.0 151.0 667.0 50.0 fubtiliſees ſelon ce que les mauuaiſes mœurs des hom¬

71.0 183.0 666.0 46.0 ines ont multiplié par cautelles & deprauation, & ces

71.0 215.0 666.0 43.0 gouuernemẽs ſeuls ont obtenu le nom de republique.

72.0 247.0 666.0 48.0 Que feront donc les peuples ainſi vexez & tyranniſez

71.0 278.0 667.0 47.0 ſinon cercher iuſtice & ſoulagement ſous autre police?

73.0 311.0 667.0 45.0 Il a eſté monſtré comment ils en ont droit, & Polybe

72.0 342.0 667.0 46.0 en faict auſſi vne deſcription bien notable. Paulus Æmy

72.0 372.0 668.0 51.0 lius diſoit que vaincre ou eſtre vaincu en guerre n’eſtoit

73.0 406.0 667.0 46.0 qu’vn acceſſoire de bien ou de mal choſir place & ran¬

75.0 436.0 665.0 51.0 ger ſes gens en bataille: auſſi ie di que la proſperité &

75.0 469.0 665.0 48.0 ruine d’vn eſtat public n’eſt qu’vn acceſſoire d’vnc

73.0 499.0 667.0 49.0 bonne ou mauuaiſe election des perſonnes à ce idoi¬

75.0 532.0 667.0 47.0 nes & ſuffiſantes ou non. C’eſt vne choſe bien pernicieu

75.0 563.0 666.0 49.0 ſe de loger l’ennemy au dedans, & meſmes de luy don¬

75.0 594.0 667.0 50.0 ner en garde les choſes contre leſquelles il a conſpiré.

78.0 630.0 663.0 43.0 Vn citoyen & vn ennemi ne ſont pas à diſtinguer par

77.0 658.0 666.0 43.0 lieux de leur naturelle habitation, mais par la volonté &

77.0 689.0 666.0 48.0 par les faits. L’ennemy domeſtique donc eſt treſmalaiſé

77.0 720.0 666.0 48.0 à deffaire, & tant plus honorable auſſi à celuy qui le ſait

77.0 754.0 664.0 45.0 bien executer. Brutus par guerre desfit Tarquin qui e¬

77.0 787.0 665.0 45.0 ſtoit legitime roy de Rome ſelon la couſtume receue.

77.0 818.0 666.0 46.0 Manlius, Caſſius & Melius pour eſtre chargez par quel¬

79.0 849.0 664.0 48.0 que indice, pour doute de vouloir regner comme Tar¬

78.0 880.0 666.0 48.0 quin furent tuez. Le premier acte fut auec la ſouffrance

79.0 911.0 666.0 46.0 de la republique: l’autre par animoſité procedante de la

79.0 942.0 667.0 48.0 haine de la tyrannie qu’on doutoit, le-faict eſtant mené

80.0 976.0 666.0 47.0 dextrement par gens qui contrepretendoyent l’autorité

80.0 1006.0 665.0 47.0 dont ils deſtituoyent ceux qui l’occupoyent. Il y a diffe¬

80.0 1038.0 667.0 44.0 rence es deux, en ce que l’executeur du premier n’eſtoit

81.0 1069.0 667.0 47.0 pouſſe d’affection particuliere, & ceux du ſuiuant ſi ce

82.0 1101.0 663.0 47.0 qui les condamnoit. Mais Brutus & ſes compagnons

81.0 1134.0 667.0 44.0 ayans entrepris cõtre celuy qui effectuellement regnoit,

82.0 1164.0 668.0 47.0 ſans eſpoir d’autre eſmoluement ſinon la liberte de la

83.0 1195.0 668.0 49.0 patrie, leur acte excellent ſert d’exemple pour eſtre ſuiui

82.0 1230.0 666.0 45.0 à l’auenir. Et combien que le ſouuenir qu’ont les entre¬

83.0 1262.0 664.0 45.0 metteurs d’vn ſi vertueux exploit les doyue contenter,

82.0 1291.0 667.0 50.0 ſi eſt-ce que la poſterité, pour n’eſtre taxee d’ingratitu¬

83.0 1323.0 665.0 48.0 de, doit penſer qu’à tels, qui ſont mortels de nature, l’im

83.0 1357.0 588.0 45.0 mortalité leur eſt acquiſe par heureuſe memoire.

214.0 103.0 313.0 54.0 Sous Charles Ix.

670.0 103.0 62.0 58.0 183

761.0 1376.0 117.0 58.0 &el eſt le

114.0 1382.0 636.0 62.0 Le plus grand deſir donc qu’ait l’homme vertueux
