1000 1671
126.0 105.0 164.0 40.0 M.D.LXXIIIE

264.0 158.0 671.0 38.0 tous les maux contraires aux vertus ci propoſees pour

266.0 184.0 668.0 46.0 former vn homme en Iuſtice & pour gouuerner, ſa faute

266.0 216.0 667.0 40.0 redouble en ce qu’il y adiouſte encores le periure & in¬

266.0 247.0 669.0 46.0 fidelité: car c’eſt periure quand l’on ne faict point ce que

266.0 279.0 668.0 42.0 l’on a iuré par parolles conſonantes à la ſentence de ſon

269.0 309.0 664.0 47.0 courage. Mais c’eſt infidelité à qui donne le gage de ſa

268.0 343.0 667.0 44.0 foy en intention de n’en rien tenir, & deſloyauté à qui

268.0 375.0 665.0 40.0 trauerſe & rompt les voyes des ſainctes conuenances

268.0 405.0 664.0 41.0 entre les hommes. C’eſt en quoy Ariſtote monſtre que

278.0 433.0 656.0 51.0 conſiſtoit la corruption vniuerſelle des peuples barba¬

126.0 421.0 123.0 67.0 2politx.eh

268.0 466.0 664.0 47.0 res, c’eſt d’auoir mué la foy ſelon la fortune: ce qui pro¬

268.0 498.0 661.0 45.0 cede dit il d’vn courago inciuil, deſhonneſte & cor¬

268.0 531.0 665.0 46.0 rompu. Cela eſt eſcheu aux peuples d’autant qu’il ne ſe

268.0 562.0 668.0 45.0 ſont conſtituez princes ſelon vertu, dont tels peuples

268.0 595.0 667.0 43.0 tirent contagion & accouſtumance à mal. En ſomme

270.0 626.0 665.0 47.0 on peut conclurre ſur ce propos que l’iniuſtice peruer¬

269.0 658.0 666.0 44.0 tit, corrompt & en fin renuerſe les eſtats les mieux fon¬

269.0 690.0 666.0 47.0 dez: comme au contraire Iuſtice les faict, les augmente

269.0 721.0 666.0 45.0 & maintient. car c’eſt ſon propre d’eſtre gardienne des

270.0 750.0 665.0 46.0 choſes qu’on luy commet: meſmes ſi elle a tant de for¬

270.0 782.0 665.0 46.0 ce qu’elle cõſerue les richeſſes des larrons, que fera elle

270.0 816.0 666.0 49.0 donc entre les loix, bons iugemens, & inſtitutions de

272.0 852.0 227.0 45.0 la choſe publique?

129.0 330.0 125.0 52.0 Cie.3.offic.

470.0 100.0 278.0 57.0 Eſtat de France

134.0 769.0 125.0 47.0 Cicer.2.off.

131.0 936.0 143.0 37.0 Diſeours des

131.0 968.0 141.0 43.0 draits & des

131.0 997.0 60.0 44.0 loix.

474.0 914.0 460.0 41.0 AR ce qui a eſté dit de la iuſtice & par̈

467.0 941.0 469.0 39.0 conſequent des autres vertus qu’õ a¬

476.0 971.0 463.0 46.0 pelle cardinales, il ſe peut comprendre

471.0 1004.0 465.0 43.0 commẽt l’homme deſtitué de ces cho¬

470.0 1034.0 467.0 45.0 ſes, ſcait ſeulement perdre & ruyner les

479.0 1071.0 458.0 41.0 hommes & non les gouuerner & con¬

275.0 1100.0 662.0 41.0 duire. Reſte à ceſte heure à parler des droits & des loix,

275.0 1130.0 662.0 48.0 qui ſõt l’obiect & la pratique de ceſte iuſtice politique,

275.0 1164.0 665.0 45.0 qui comprend toutes les autres eſpeces. Il y a donc le

136.0 1178.0 136.0 62.0 Droit natu¬

284.0 1196.0 653.0 40.0 Aroit naturel qui eſt commun en quelque maniere aux

275.0 1224.0 667.0 45.0 hommes & aux beſtes: c’eſt aſauoir qui encline la crea¬

276.0 1256.0 666.0 46.0 ture à la conſeruation de ſoy & de ſon eſpece. Les phi¬

277.0 1293.0 671.0 42.0 loſophes l’ont voulu nommer auſſi droit des gens. Ie

278.0 1319.0 667.0 49.0 n’entreprend pas de les accorder auec les iuriſconſultes:

137.0 1347.0 135.0 67.0 Ctenxdoix.

282.0 1349.0 660.0 56.0 mais il me ſemble qu’en vne choſe miſe en diſpute ceux

279.0 1385.0 664.0 50.0 qui en font pratique ſont pluſtoſt à eſcouter que ceux

296.0 1030.0 152.0 86.0 Eß ge

135.0 1221.0 46.0 37.0 rel.

135.0 1246.0 124.0 51.0 F.l.1.4.Ius

137.0 1294.0 109.0 37.0 naturale.

896.0 1416.0 49.0 41.0 qui
