1000 1671
111.0 104.0 163.0 39.0 M. D. IXXIIrT

114.0 149.0 134.0 42.0 De la tyran

114.0 186.0 121.0 40.0 nie eſtablie

114.0 217.0 113.0 43.0 par fineſſe.

287.0 155.0 636.0 39.0 Il auiendra ſouuent qu’vn tyran s’entretiendra par

259.0 186.0 663.0 41.0 cautelle long temps, voire quelquesfois tant qu’il viura:

259.0 215.0 663.0 45.0 mais il n’y a nul empire ſi grand, s’il conſiſte en la crain¬

252.0 246.0 671.0 45.0 te & oppreſſion des ſuiets qu’en brief ne ſe termine. Et

252.0 278.0 670.0 44.0 de fait quand les tyrans ont acquis leur puiſſance & au

252.0 309.0 671.0 43.0 torité ſoit par armes ou par induſtrie, & qu’ils s’en tien¬

252.0 340.0 671.0 45.0 nent en poſſeſſion par les meſmes moyens, leurs ſucceſ¬

252.0 373.0 672.0 39.0 ſeurs qui ſont nez tout veſtus, par maniere de dire, n’eſti

251.0 403.0 672.0 45.0 ment auoir beſoin de telle vigilence, dont ſe laiſſant al¬

252.0 435.0 672.0 44.0 ler en delices ils perdent ce que les peres ont acquis. Or

252.0 467.0 668.0 44.0 la tyrannie la plus violente eſt celle qui dure le moins,

253.0 498.0 670.0 46.0 & celle qui approche le plus du regime royal eſt plus du

253.0 530.0 669.0 43.0 rable. Periander bailla ceſte reigle de tuer les plus excel¬

253.0 561.0 670.0 45.0 lens, par vne ſimilitude d’oſter les eſpics les plus emi¬

253.0 593.0 671.0 43.0 nents, afin de rendre la moiſſon vnie, & tous les eſpics

252.0 623.0 672.0 44.0 de meſme hauteur. Il faut (diſent ſes adherans) deffaire

253.0 661.0 666.0 41.0 les ſages, oſter les communications du peuple, ne per¬

252.0 687.0 669.0 45.0 mettre inſtruction ne diſcipline parmy la ieuneſſe: en

253.0 719.0 672.0 45.0 ſomme oſter au peuple toute voye de s’vnir, d’auoir ſens

255.0 751.0 668.0 44.0 pour ſe conduire, & prouiſion d’eloquence pour perſua¬

253.0 781.0 669.0 46.0 der l’equité de ſon faict:leur donner des ſurueillans, cõ¬

253.0 815.0 669.0 42.0 me on faiſoit en Perſe, en Sicile & autres royaumes Bar

254.0 846.0 668.0 43.0 barins & tyranniques. On met diſſention entre les ſuiets,

254.0 875.0 668.0 46.0 & fait on qu’ils s’entr’accuſent de crimes, afin qu’eſtans

253.0 909.0 670.0 42.0 empeſchez par diſcorde ils ayent afaire du tyran, & qu’ils

253.0 939.0 670.0 42.0 ne s’vniſſent contre luy. Il les tient pauures & embeſon¬

254.0 970.0 670.0 47.0 gnez pour leur abaiſſer le cœur, & leur oſter le loiſir de

255.0 1001.0 667.0 48.0 conſpirer. Ainſi firent Cipſelus en Corinthe, & Piſiſtra¬

256.0 1036.0 667.0 42.0 tus en Athenes. Cependant il faut impoſer des peages &

256.0 1066.0 667.0 43.0 ſubſides extremes, comme fit Denis à Siracuſe, qui en

258.0 1104.0 664.0 35.0 cinq ans partels moyens tira autant que montoit toute

257.0 1131.0 301.0 39.0 la ſubſtance de ſes ſuiets.

464.0 98.0 277.0 57.0 Eſtat de France

117.0 1154.0 124.0 46.0 Miſere du

117.0 1191.0 74.0 44.0 tyran.

275.0 1168.0 649.0 37.0 Par ce moyen le tyrã n’a nuls vrais amis, ne luy meſme

255.0 1192.0 668.0 47.0 ne ſe peut bien aimer, ni ſon propre ſang: car ſon ambi¬

257.0 1224.0 667.0 45.0 tion, volupté, auarice & vengeance occupent en ſon

257.0 1256.0 667.0 43.0 cœur tant de place que l’affection naturelle ſe trouue

258.0 1288.0 665.0 45.0 dechaſſee par telles concupiſcences. Ses ſuiets gens ver¬

257.0 1320.0 667.0 43.0 tueux le haiſſent tant pour leurs maux que pour la diſ¬

258.0 1350.0 667.0 46.0 ſemblance de complexion. Ceux qui ſont grands & qui

258.0 1385.0 667.0 50.0 ſont de ſon humeur, luy portent enuie:car le tyran ſe ſert

885.0 1418.0 39.0 36.0 de
