1000 1671
133.0 103.0 162.0 40.0 M. D. LXXIIII

271.0 154.0 665.0 40.0 vie heureuſe que peuuent ainſi demener les hommes en

271.0 188.0 664.0 39.0 icelle: reuenons de la generale à la particuliere du pais.

271.0 215.0 665.0 40.0 c’eſt grand cas de ce que l’homme qui aura conuerſé au

271.0 244.0 665.0 42.0 lieu de ſa naiſſance & veſcu au gouſt de ceſte felicité qui

271.0 277.0 665.0 45.0 ſe peut dire ſeule en terre encor qu’il ſoit d’vn pays rude

272.0 309.0 664.0 43.0 eſtrange & ſterile ſi eſt-ce que l’air, les couſtumes & les

272.0 340.0 664.0 47.0 gens de là luy ſont plus que tous les pays & courts deli¬

272.0 372.0 665.0 44.0 cieuſes & c’eſt à ce propos que diſant Cicero qu’à peine

273.0 403.0 664.0 46.0 pourroit on exprimer ce que la patrie emporte de dou¬

274.0 435.0 663.0 45.0 ceur, de plaiſir, d’amour & de volupté, quelque autre

274.0 466.0 662.0 46.0 pays tant delectable ſoit il ne ſera iamais rien eſtimé

275.0 505.0 102.0 38.0 au prix.

486.0 101.0 277.0 49.0 Eſtat de France

132.0 547.0 139.0 36.0 Deux ver¬

133.0 580.0 137.0 40.0 tus requiſes

133.0 615.0 113.0 35.0 es magi-

134.0 638.0 75.0 41.0 ſtrats.

304.0 540.0 632.0 35.0 Il y a deux vertus pour le bien du pays deſquelles les

274.0 561.0 663.0 38.0 hommes eſtans douez ſont tenus pour dignes d’admini

274.0 591.0 661.0 47.0 ſtration publique, l’vne c’eſt force & l’autre c’eſt ſapien¬

274.0 623.0 663.0 47.0 ce. force regardé la guerre & les affaires perilleux, &

273.0 655.0 665.0 45.0 ſapience regarde la paix & la prouidẽce pour obuier aux

275.0 689.0 662.0 39.0 cauſes de diſcorde: & tout ainſi que paix eſt bonne & la

276.0 720.0 661.0 42.0 guerre mauuaiſe entre les hommes, la ſapience eſt plus

274.0 751.0 664.0 42.0 louable que force: le but de ſapiẽce qui eſt la paix eſt na¬

273.0 781.0 665.0 40.0 turellement bon & vtile & agreable à Dieu & le but de

272.0 814.0 665.0 45.0 fortitude qui eſt la guerre n’eſt bon ne louable que par

272.0 846.0 665.0 44.0 accident. Quoy que ſe ſoit la guerre la meilleure produit

273.0 877.0 666.0 42.0 infinis maux mais la guerre ciuile eſt ſus toutes brutale

274.0 906.0 664.0 44.0 & inhumaine: ce qui prouient comme dit le poëte Euri¬

274.0 938.0 663.0 46.0 pide quandquelqu’vn veut vſurper de la ſeigneurie telle

273.0 971.0 665.0 41.0 mẽt qu’il deſtitue tout le reſte des citoyẽs deleur droit à

273.0 1005.0 665.0 42.0 ce que tout depẽde de luy cela s’apelle diſcorde aſauoir

272.0 1034.0 665.0 43.0 ceſte cõuoitiſe de dominer mere des guerres & des cala

272.0 1064.0 666.0 46.0 mitez: c’eſt tout ainſi cõme qui diroit à ſon prochain deſ

273.0 1095.0 663.0 49.0 pouillez vous de tout voſtre droit, faculté & moyẽ pour

274.0 1129.0 667.0 46.0 m’en inueſtir & ie vous en diſpẽſeray ce qu’il me plaira

275.0 1159.0 661.0 46.0 & veux que la raiſon & iugement n’ayent lieu en vous

274.0 1192.0 663.0 44.0 qu’autãt que ie vous permettray pour en diſcourir, ne re

273.0 1223.0 666.0 46.0 pliquer en quoy ie veux que en vouſmeſmes vous ſoyez

273.0 1254.0 665.0 40.0 inſenſible: où eſt l’amour & charité ciuile en tel fait? la

134.0 1290.0 137.0 43.0 Cicer. li. d’a¬

273.0 1317.0 666.0 43.0 choſes honneſtes & conuenables: eſt-ce honneſteté que

276.0 1348.0 661.0 47.0 de faire les hommes beſtes & de requerir d’eux ce que

276.0 1382.0 661.0 53.0 Dieu ſeul s’eſt reſerué? eſt il dit que tout vn monde ad¬

284.0 1282.0 655.0 49.0 premiere loy d’amitié eſt de ne demander à ſes amis que

134.0 708.0 134.0 49.0 Ariſt. poli¬

134.0 741.0 71.0 49.0 tiq.7.

135.0 1321.0 77.0 46.0 mitié.

873.0 1413.0 64.0 41.0 here
