<?xml version="1.0" encoding="UTF-8"?>
<alto xmlns:xsi="http://www.w3.org/2001/XMLSchema-instance"
      xmlns="http://www.loc.gov/standards/alto/ns-v4#"
      xsi:schemaLocation="http://www.loc.gov/standards/alto/ns-v4# http://www.loc.gov/standards/alto/v4/alto-4-2.xsd">
  <Description>
    <MeasurementUnit>pixel</MeasurementUnit>
    <sourceImageInformation>
      <fileName>1_Discours_politiques_des_diverses_puissances_118.jpg</fileName>
    </sourceImageInformation>
  </Description>
  <Tags>
    <OtherTag ID="BT7" LABEL="CustomZone" DESCRIPTION="block type CustomZone"/><OtherTag ID="BT8" LABEL="DamageZone" DESCRIPTION="block type DamageZone"/><OtherTag ID="BT9" LABEL="DigitizationArtefactZone" DESCRIPTION="block type DigitizationArtefactZone"/><OtherTag ID="BT10" LABEL="DropCapitalZone" DESCRIPTION="block type DropCapitalZone"/><OtherTag ID="BT11" LABEL="GraphicZone" DESCRIPTION="block type GraphicZone"/><OtherTag ID="BT12" LABEL="MainZone" DESCRIPTION="block type MainZone"/><OtherTag ID="BT13" LABEL="MarginTextZone" DESCRIPTION="block type MarginTextZone"/><OtherTag ID="BT14" LABEL="MusicZone" DESCRIPTION="block type MusicZone"/><OtherTag ID="BT15" LABEL="NumberingZone" DESCRIPTION="block type NumberingZone"/><OtherTag ID="BT17" LABEL="QuireMarksZone" DESCRIPTION="block type QuireMarksZone"/><OtherTag ID="BT18" LABEL="RunningTitleZone" DESCRIPTION="block type RunningTitleZone"/><OtherTag ID="BT19" LABEL="SealZone" DESCRIPTION="block type SealZone"/><OtherTag ID="BT20" LABEL="StampZone" DESCRIPTION="block type StampZone"/><OtherTag ID="BT21" LABEL="TableZone" DESCRIPTION="block type TableZone"/><OtherTag ID="BT22" LABEL="TitlePageZone" DESCRIPTION="block type TitlePageZone"/><OtherTag ID="BT100006" LABEL="MainZone-Continued" DESCRIPTION="block type MainZone-Continued"/><OtherTag ID="BT100009" LABEL="MarginTextZone-Notes" DESCRIPTION="block type MarginTextZone-Notes"/><OtherTag ID="BT100005" LABEL="MainZone-P" DESCRIPTION="block type MainZone-P"/><OtherTag ID="BT100002" LABEL="MainZone-Lg" DESCRIPTION="block type MainZone-Lg"/><OtherTag ID="BT100001" LABEL="MainZone-Head" DESCRIPTION="block type MainZone-Head"/>
    <OtherTag ID="LT7" LABEL="CustomLine" DESCRIPTION="line type CustomLine"/><OtherTag ID="LT8" LABEL="DefaultLine" DESCRIPTION="line type DefaultLine"/><OtherTag ID="LT9" LABEL="DropCapitalLine" DESCRIPTION="line type DropCapitalLine"/><OtherTag ID="LT10" LABEL="HeadingLine" DESCRIPTION="line type HeadingLine"/><OtherTag ID="LT11" LABEL="InterlinearLine" DESCRIPTION="line type InterlinearLine"/><OtherTag ID="LT12" LABEL="MusicLine" DESCRIPTION="line type MusicLine"/><OtherTag ID="LT951" LABEL="default" DESCRIPTION="line type default"/>
  </Tags>
  <Layout>
    <Page WIDTH="1000"
          HEIGHT="1671"
          PHYSICAL_IMG_NR="132"
          ID="eSc_dummypage_">
      <PrintSpace HPOS="0"
                  VPOS="0"
                  WIDTH="1000"
                  HEIGHT="1671">
        <TextBlock HPOS="127.0"
                   VPOS="103.0"
                   WIDTH="166.0"
                   HEIGHT="41.0"
                   ID="eSc_textblock_d1689b50-a1ad-454d-8d14-aad12eb27d84"
                   TAGREFS="BT17">
          <Shape><Polygon POINTS="293 103 293 144 127 144 127 103"/></Shape>
          <TextLine ID="eSc_line_99fdc256-b015-400a-9d74-0a2d9c1fbbb3"
                    TAGREFS="LT8"
                    BASELINE="129 126 288 129" 
                    HPOS="129.0"
                    VPOS="103.0"
                    WIDTH="159.0"
                    HEIGHT="45.0">
            <Shape><Polygon POINTS="278 103 269 103 259 103 250 103 241 103 232 103 222 103 213 103 204 103 194 103 185 103 176 103 167 103 157 103 148 103 139 103 129 103 129 126 129 144 161 140 243 148 244 148 287 141 288 129 286 103 278 103"/></Shape>
            <String CONTENT="M. D. IXXIIII"
                    HPOS="129.0"
                    VPOS="103.0"
                    WIDTH="159.0"
                    HEIGHT="45.0"
                    WC="0.932661813039046"></String>
          </TextLine>
        </TextBlock>
        <TextBlock HPOS="122.0"
                   VPOS="510.0"
                   WIDTH="146.0"
                   HEIGHT="104.0"
                   ID="eSc_textblock_ce0d8aa7-795c-43f8-9a24-78f5b28e8d72"
                   TAGREFS="BT100009">
          <Shape><Polygon POINTS="268 510 268 614 122 614 122 510"/></Shape>
          <TextLine ID="eSc_line_94b3208d-736a-41e0-aa40-16d94cb51003"
                    TAGREFS="LT8"
                    BASELINE="127 534 262 532" 
                    HPOS="125.0"
                    VPOS="494.0"
                    WIDTH="136.0"
                    HEIGHT="53.0">
            <Shape><Polygon POINTS="126 533 126 547 260 543 261 531 254 494 240 502 139 495 137 495 136 495 125 499 126 533"/></Shape>
            <String CONTENT="extra. vt li¬"
                    HPOS="125.0"
                    VPOS="494.0"
                    WIDTH="136.0"
                    HEIGHT="53.0"
                    WC="0.9480087848810049"></String>
          </TextLine>
          <TextLine ID="eSc_line_6c025642-fac2-4de0-9d48-55465a801770"
                    TAGREFS="LT8"
                    BASELINE="128 565 261 562" 
                    HPOS="125.0"
                    VPOS="541.0"
                    WIDTH="135.0"
                    HEIGHT="39.0">
            <Shape><Polygon POINTS="126 563 126 580 259 580 260 561 256 541 125 543 126 563"/></Shape>
            <String CONTENT="te conteſtata."
                    HPOS="125.0"
                    VPOS="541.0"
                    WIDTH="135.0"
                    HEIGHT="39.0"
                    WC="0.9983610553400857"></String>
          </TextLine>
        </TextBlock>
        <TextBlock HPOS="265.0"
                   VPOS="160.0"
                   WIDTH="672.0"
                   HEIGHT="1264.0"
                   ID="eSc_textblock_9daec725-09d3-4830-bf25-fa4117f7a964"
                   TAGREFS="BT100006">
          <Shape><Polygon POINTS="937 163 937 1418 271 1424 265 160"/></Shape>
          <TextLine ID="eSc_line_67f8c6ce-2e9a-409c-b654-77fa19e14762"
                    TAGREFS="LT8"
                    BASELINE="266 182 932 182" 
                    HPOS="266.0"
                    VPOS="168.0"
                    WIDTH="666.0"
                    HEIGHT="28.0">
            <Shape><Polygon POINTS="925 168 916 168 907 168 897 168 888 168 879 168 870 168 860 168 851 168 842 168 832 168 823 168 814 168 805 168 795 168 786 168 777 168 767 168 758 168 749 168 740 168 730 168 721 168 712 168 702 168 693 168 684 168 675 168 665 168 656 168 647 168 637 168 628 168 619 168 610 168 600 168 591 168 582 168 572 168 563 168 554 168 545 168 535 168 526 168 517 168 507 168 498 168 489 168 480 168 470 168 461 168 452 168 442 168 433 168 424 168 415 168 405 168 396 168 387 168 377 168 368 168 359 168 350 168 340 168 331 168 322 168 312 168 303 168 294 168 285 168 275 168 266 168 266 182 266 194 931 196 932 182 931 168 925 168"/></Shape>
            <String CONTENT="ſainetement entrepriles, atendu qu’ils ne veulent pas ſu"
                    HPOS="266.0"
                    VPOS="168.0"
                    WIDTH="666.0"
                    HEIGHT="28.0"
                    WC="0.9983305707573891"></String>
          </TextLine>
          <TextLine ID="eSc_line_2bc23201-71e1-4f2f-8c49-e69592cc643f"
                    TAGREFS="LT8"
                    BASELINE="267 213 931 213" 
                    HPOS="267.0"
                    VPOS="188.0"
                    WIDTH="664.0"
                    HEIGHT="41.0">
            <Shape><Polygon POINTS="267 213 267 229 347 229 347 228 348 228 369 222 423 222 430 228 431 228 432 228 433 228 434 228 448 223 467 228 468 228 469 228 470 228 471 228 480 222 529 228 530 229 580 229 580 228 581 228 599 222 638 227 639 227 665 222 675 228 675 228 676 228 677 228 788 222 838 228 839 228 870 222 909 228 909 228 910 228 931 221 931 213 931 194 896 194 887 188 886 188 885 188 884 188 883 188 863 194 751 188 750 188 749 188 732 194 662 194 628 188 627 188 589 194 575 188 574 188 521 188 520 188 519 188 505 194 454 194 448 189 447 189 446 189 381 188 380 188 337 194 267 188 267 213"/></Shape>
            <String CONTENT="bir la iuriſdiction ordinaire. Mais premierement il ap¬"
                    HPOS="267.0"
                    VPOS="188.0"
                    WIDTH="664.0"
                    HEIGHT="41.0"
                    WC="0.9837952798063104"></String>
          </TextLine>
          <TextLine ID="eSc_line_96d3c519-dfcb-413b-806f-aa8c2097555c"
                    TAGREFS="LT8"
                    BASELINE="268 246 932 244" 
                    HPOS="267.0"
                    VPOS="219.0"
                    WIDTH="665.0"
                    HEIGHT="40.0">
            <Shape><Polygon POINTS="268 246 268 259 318 254 333 259 334 259 335 259 360 254 377 259 378 259 379 259 380 259 397 254 464 259 465 259 545 254 562 259 563 259 564 259 565 259 576 254 731 258 732 258 733 258 752 253 931 253 932 244 930 223 863 219 862 219 861 219 860 219 853 224 824 220 823 220 766 224 737 219 736 219 677 224 653 219 652 219 651 219 650 219 649 219 644 224 630 220 629 220 628 220 627 220 617 225 527 225 472 220 471 220 470 220 450 225 413 220 412 220 411 220 399 226 362 226 334 220 333 220 332 220 331 220 325 225 267 225 268 246"/></Shape>
            <String CONTENT="pert que ce ſont les princes meſmes qui ont deuiſé le"
                    HPOS="267.0"
                    VPOS="219.0"
                    WIDTH="665.0"
                    HEIGHT="40.0"
                    WC="0.9977365467283461"></String>
          </TextLine>
          <TextLine ID="eSc_line_ee00233b-3358-40c8-91fc-1a644a6857f8"
                    TAGREFS="LT8"
                    BASELINE="268 278 932 275" 
                    HPOS="267.0"
                    VPOS="250.0"
                    WIDTH="665.0"
                    HEIGHT="43.0">
            <Shape><Polygon POINTS="268 278 268 293 305 287 328 292 329 292 330 292 342 286 353 292 354 292 355 292 356 292 371 286 415 292 415 292 442 286 506 291 506 291 507 291 518 286 530 291 531 291 532 291 532 291 533 291 540 285 676 291 677 291 727 284 754 290 755 290 794 284 820 290 821 291 931 291 932 275 929 253 812 255 789 250 788 250 758 255 739 250 738 250 737 250 736 250 735 250 729 256 674 256 635 251 634 251 633 251 622 256 611 251 610 251 610 251 609 251 598 256 566 251 565 251 528 256 505 251 504 251 503 251 502 251 496 256 436 252 435 252 434 252 433 252 425 258 357 258 308 252 307 252 267 258 268 278"/></Shape>
            <String CONTENT="peuple, rompans la ſocieté ciuile pour dominer plus ſei"
                    HPOS="267.0"
                    VPOS="250.0"
                    WIDTH="665.0"
                    HEIGHT="43.0"
                    WC="0.9896280733602387"></String>
          </TextLine>
          <TextLine ID="eSc_line_0958b5d1-785f-40a1-a325-20f63d7f0a8a"
                    TAGREFS="LT8"
                    BASELINE="268 308 930 306" 
                    HPOS="267.0"
                    VPOS="282.0"
                    WIDTH="663.0"
                    HEIGHT="39.0">
            <Shape><Polygon POINTS="268 308 268 321 350 316 366 321 367 321 368 321 369 321 383 316 522 321 523 321 610 315 928 320 930 306 929 287 910 282 909 282 909 282 908 282 896 286 857 282 857 282 856 282 855 282 849 287 810 287 794 282 793 282 792 282 736 286 682 282 681 282 680 282 679 282 673 286 598 282 597 282 597 282 578 287 566 283 565 283 564 283 393 287 369 283 368 283 367 283 357 287 335 283 334 283 267 288 268 308"/></Shape>
            <String CONTENT="gneurialement. Itẽ que l’affection ſe demonſtre eſtre de"
                    HPOS="267.0"
                    VPOS="282.0"
                    WIDTH="663.0"
                    HEIGHT="39.0"
                    WC="0.9833942264841314"></String>
          </TextLine>
          <TextLine ID="eSc_line_8e5e0955-a137-4d78-b9ab-5403c7c5a8b4"
                    TAGREFS="LT8"
                    BASELINE="267 340 931 338" 
                    HPOS="266.0"
                    VPOS="312.0"
                    WIDTH="665.0"
                    HEIGHT="39.0">
            <Shape><Polygon POINTS="267 340 267 351 930 349 931 338 929 319 899 312 898 312 784 318 770 312 769 312 684 312 683 312 682 312 662 318 641 312 640 312 639 312 597 320 535 320 529 313 528 313 527 313 526 313 525 313 524 313 516 320 455 320 442 313 441 313 441 313 440 313 417 319 298 313 298 313 297 313 296 313 289 320 266 320 267 340"/></Shape>
            <String CONTENT="haine cõtre ceux qui leur ont cõtredit, &amp; non de iuſtice"
                    HPOS="266.0"
                    VPOS="312.0"
                    WIDTH="665.0"
                    HEIGHT="39.0"
                    WC="0.9957259708437426"></String>
          </TextLine>
          <TextLine ID="eSc_line_b2951583-d6f3-4d39-a137-f489a982a31e"
                    TAGREFS="LT8"
                    BASELINE="267 372 930 369" 
                    HPOS="266.0"
                    VPOS="343.0"
                    WIDTH="664.0"
                    HEIGHT="38.0">
            <Shape><Polygon POINTS="267 372 267 381 929 381 930 369 927 346 790 349 743 343 742 343 741 343 740 343 732 350 699 350 677 344 676 344 675 344 675 344 659 350 649 346 648 346 647 346 611 350 594 344 593 344 592 344 591 344 590 344 581 351 553 351 503 344 502 344 501 344 482 352 391 352 383 345 382 345 381 345 380 345 343 349 266 346 267 372"/></Shape>
            <String CONTENT="&amp; charité pour reunir par la paix à meſme corps les hõ"
                    HPOS="266.0"
                    VPOS="343.0"
                    WIDTH="664.0"
                    HEIGHT="38.0"
                    WC="0.9868627880748949"></String>
          </TextLine>
          <TextLine ID="eSc_line_4cff0366-7185-47d9-be02-327f8c6f5c94"
                    TAGREFS="LT8"
                    BASELINE="267 402 930 402" 
                    HPOS="267.0"
                    VPOS="376.0"
                    WIDTH="663.0"
                    HEIGHT="38.0">
            <Shape><Polygon POINTS="267 402 267 412 929 414 930 402 929 380 781 382 750 376 749 376 748 376 730 382 710 376 709 376 639 376 638 376 608 382 580 376 579 376 549 382 531 376 530 376 529 376 528 376 527 376 519 383 463 383 455 376 454 376 454 376 453 376 396 381 389 376 389 376 388 376 306 376 305 376 267 382 267 402"/></Shape>
            <String CONTENT="mes diuiſez. En outre, il y a le pire de tous les maux, qui"
                    HPOS="267.0"
                    VPOS="376.0"
                    WIDTH="663.0"
                    HEIGHT="38.0"
                    WC="0.9965224831791247"></String>
          </TextLine>
          <TextLine ID="eSc_line_61b339b3-fbd4-46f5-a19c-bffe5b068ab5"
                    TAGREFS="LT8"
                    BASELINE="267 432 931 434" 
                    HPOS="266.0"
                    VPOS="406.0"
                    WIDTH="665.0"
                    HEIGHT="43.0">
            <Shape><Polygon POINTS="267 432 266 441 296 448 297 448 375 443 421 448 422 448 458 443 472 448 473 448 474 448 501 443 517 448 518 448 519 448 561 443 650 449 651 449 700 444 929 446 931 434 930 411 908 407 907 407 906 407 905 407 896 413 883 407 883 407 882 407 881 407 880 407 872 413 862 407 861 407 829 407 828 407 827 407 802 414 769 407 768 407 767 407 766 407 760 413 752 409 751 409 750 409 727 414 719 407 718 407 717 407 700 407 699 407 698 407 697 407 697 408 689 414 601 414 592 407 591 407 590 407 589 407 560 413 542 407 541 407 540 407 539 407 538 407 529 414 459 414 441 406 440 406 439 406 438 406 416 413 409 406 408 406 407 406 406 406 356 412 344 406 343 406 342 406 341 406 327 413 312 406 311 406 311 406 267 412 267 432"/></Shape>
            <String CONTENT="eſt la perfidie, ſurquoy il eſt dit que l’homme ne ſe doit"
                    HPOS="266.0"
                    VPOS="406.0"
                    WIDTH="665.0"
                    HEIGHT="43.0"
                    WC="0.9926999365461284"></String>
          </TextLine>
          <TextLine ID="eSc_line_0daab139-74df-4aab-ad3f-eb2456e4e8dc"
                    TAGREFS="LT8"
                    BASELINE="266 463 931 466" 
                    HPOS="266.0"
                    VPOS="439.0"
                    WIDTH="665.0"
                    HEIGHT="37.0">
            <Shape><Polygon POINTS="266 463 266 476 930 476 931 466 930 440 887 440 886 440 885 440 884 440 879 445 873 440 872 440 871 440 843 440 842 440 841 440 826 447 818 440 818 440 817 440 816 440 815 440 798 446 785 440 784 440 783 440 782 440 781 440 773 448 740 448 710 440 709 440 677 440 676 440 675 440 675 440 675 440 667 447 648 447 639 440 638 440 637 440 636 440 636 440 612 446 595 440 594 440 593 440 592 440 571 447 527 447 518 440 517 440 516 440 515 440 514 440 502 446 466 440 465 440 432 446 309 446 279 439 278 439 277 439 266 442 266 463"/></Shape>
            <String CONTENT="iamais mettre entre les mains de celuy qui s’eſt monſtré"
                    HPOS="266.0"
                    VPOS="439.0"
                    WIDTH="665.0"
                    HEIGHT="37.0"
                    WC="0.9981165915204767"></String>
          </TextLine>
          <TextLine ID="eSc_line_3225929a-8290-4c90-9cfa-9ac8a09e06f9"
                    TAGREFS="LT8"
                    BASELINE="266 496 930 494" 
                    HPOS="265.0"
                    VPOS="469.0"
                    WIDTH="665.0"
                    HEIGHT="42.0">
            <Shape><Polygon POINTS="266 496 266 508 597 511 597 511 742 505 889 510 890 510 891 510 904 505 928 510 930 494 928 472 782 469 781 469 780 469 762 474 754 469 753 469 753 469 752 469 696 474 636 469 636 469 511 475 502 470 501 470 500 470 499 470 480 475 441 470 441 470 382 475 375 470 374 470 373 470 372 470 371 470 370 470 363 476 296 476 275 470 274 470 273 470 272 470 272 470 265 474 266 496"/></Shape>
            <String CONTENT="ſon ennemy mortel, quelque ſauf conduit ne quelques"
                    HPOS="265.0"
                    VPOS="469.0"
                    WIDTH="665.0"
                    HEIGHT="42.0"
                    WC="0.991422127274906"></String>
          </TextLine>
          <TextLine ID="eSc_line_eSc_line_a997a737"
                    TAGREFS="LT8"
                    BASELINE="277 531 425 529 929 530" 
                    HPOS="274.0"
                    VPOS="498.0"
                    WIDTH="654.0"
                    HEIGHT="43.0">
            <Shape><Polygon POINTS="275 530 274 540 926 541 928 529 927 505 275 498 275 530"/></Shape>
            <String CONTENT="oſtages qu’il puiſſe preſenter: Et comme il a ia eſté dit,"
                    HPOS="274.0"
                    VPOS="498.0"
                    WIDTH="654.0"
                    HEIGHT="43.0"
                    WC="0.9970349305767124"></String>
          </TextLine>
          <TextLine ID="eSc_line_eSc_line_c7899b3a"
                    TAGREFS="LT8"
                    BASELINE="275 561 324 560 928 560" 
                    HPOS="274.0"
                    VPOS="538.0"
                    WIDTH="653.0"
                    HEIGHT="38.0">
            <Shape><Polygon POINTS="274 559 274 576 927 570 927 559 927 538 274 538 274 559"/></Shape>
            <String CONTENT="qui n’a tenu ſa foy ni en paix ni en guerre ne doit plus"
                    HPOS="274.0"
                    VPOS="538.0"
                    WIDTH="653.0"
                    HEIGHT="38.0"
                    WC="0.9958830380014011"></String>
          </TextLine>
          <TextLine ID="eSc_line_1277a9b0-2c22-4985-8f96-77af3c94e9f7"
                    TAGREFS="LT8"
                    BASELINE="128 596 258 593" 
                    HPOS="125.0"
                    VPOS="566.0"
                    WIDTH="132.0"
                    HEIGHT="57.0">
            <Shape><Polygon POINTS="126 595 126 615 256 623 257 591 253 566 125 572 126 595"/></Shape>
            <String CONTENT="cap.accedẽd"
                    HPOS="125.0"
                    VPOS="566.0"
                    WIDTH="132.0"
                    HEIGHT="57.0"
                    WC="0.9927020023266474"></String>
          </TextLine>
          <TextLine ID="eSc_line_eSc_line_738ae6b8"
                    TAGREFS="LT8"
                    BASELINE="273 593 311 592 929 590" 
                    HPOS="271.0"
                    VPOS="561.0"
                    WIDTH="657.0"
                    HEIGHT="48.0">
            <Shape><Polygon POINTS="917 561 881 569 676 569 661 561 660 561 658 561 579 569 519 562 518 562 481 569 461 562 459 562 458 562 271 565 272 591 274 609 296 602 350 602 359 609 360 609 362 609 363 609 364 609 381 602 534 609 536 609 683 601 727 608 728 608 927 604 928 589 924 561 917 561"/></Shape>
            <String CONTENT="eſtre ouy à l’offre de ce gage là. Car on engage ce que lõ"
                    HPOS="271.0"
                    VPOS="561.0"
                    WIDTH="657.0"
                    HEIGHT="48.0"
                    WC="0.9819714856929467"></String>
          </TextLine>
          <TextLine ID="eSc_line_ccf66810-4df0-40c3-8703-31f75299e8c0"
                    TAGREFS="LT8"
                    BASELINE="266 623 930 623" 
                    HPOS="266.0"
                    VPOS="598.0"
                    WIDTH="664.0"
                    HEIGHT="39.0">
            <Shape><Polygon POINTS="266 623 266 637 930 634 930 623 930 604 892 598 891 598 890 598 873 603 854 598 853 598 852 598 743 603 702 598 701 598 679 603 614 598 613 598 612 598 611 598 606 604 499 604 480 598 479 598 478 598 477 598 476 598 468 604 361 604 334 598 333 598 266 603 266 623"/></Shape>
            <String CONTENT="a: &amp; pourtant qui n’a point de foy n’en ſauroit donner"
                    HPOS="266.0"
                    VPOS="598.0"
                    WIDTH="664.0"
                    HEIGHT="39.0"
                    WC="0.9935224442570297"></String>
          </TextLine>
          <TextLine ID="eSc_line_2ebb7e3b-8375-4957-b53f-144ae97c3d3d"
                    TAGREFS="LT8"
                    BASELINE="268 655 931 653" 
                    HPOS="267.0"
                    VPOS="628.0"
                    WIDTH="664.0"
                    HEIGHT="42.0">
            <Shape><Polygon POINTS="268 655 268 670 322 665 334 670 335 670 336 670 404 665 459 670 460 670 500 665 597 670 598 670 599 670 611 664 634 669 635 669 664 664 688 669 688 669 689 669 710 664 739 669 740 669 802 664 818 669 819 669 820 669 860 664 929 667 931 653 929 634 896 628 895 628 894 628 884 633 859 628 858 628 857 628 857 628 849 633 742 628 741 628 714 633 678 628 677 628 676 628 659 633 619 628 618 628 592 634 462 629 461 629 438 634 409 629 408 629 407 629 390 634 361 629 360 629 326 634 313 629 312 629 311 629 267 634 268 655"/></Shape>
            <String CONTENT="pour gage. Voila pourquoy ſi les ſuiets ne veulent eſtre"
                    HPOS="267.0"
                    VPOS="628.0"
                    WIDTH="664.0"
                    HEIGHT="42.0"
                    WC="0.9822161612766129"></String>
          </TextLine>
          <TextLine ID="eSc_line_d16a319b-8a4a-4163-b8c5-ab9028279e7c"
                    TAGREFS="LT8"
                    BASELINE="268 686 930 684" 
                    HPOS="267.0"
                    VPOS="659.0"
                    WIDTH="663.0"
                    HEIGHT="42.0">
            <Shape><Polygon POINTS="268 686 268 701 292 697 487 700 488 700 516 696 640 699 641 699 723 695 928 699 930 684 928 663 799 659 798 659 708 664 674 660 673 660 647 664 623 660 622 660 621 660 602 664 580 660 579 660 578 660 558 664 532 660 497 660 496 660 495 660 494 660 486 665 436 660 435 660 398 665 267 664 268 686"/></Shape>
            <String CONTENT="proditeurs de leur liberté &amp; familles, voire homicides"
                    HPOS="267.0"
                    VPOS="659.0"
                    WIDTH="663.0"
                    HEIGHT="42.0"
                    WC="0.9885181600397284"></String>
          </TextLine>
          <TextLine ID="eSc_line_5ec5a896-8426-4113-95a3-6f71caf89dc6"
                    TAGREFS="LT8"
                    BASELINE="267 719 930 717" 
                    HPOS="266.0"
                    VPOS="691.0"
                    WIDTH="664.0"
                    HEIGHT="42.0">
            <Shape><Polygon POINTS="267 719 267 728 451 733 452 733 453 733 468 728 479 733 480 733 480 733 535 728 584 733 584 733 585 733 602 727 612 732 613 732 614 732 636 727 691 732 692 732 809 727 815 732 816 732 817 732 818 733 929 733 930 717 928 695 862 691 861 691 823 696 804 691 803 691 802 691 801 691 800 691 794 697 587 697 519 692 518 692 517 692 516 692 509 698 471 698 415 692 415 692 414 692 400 697 375 692 374 692 344 697 324 692 323 692 322 692 321 692 309 697 283 692 282 692 281 692 266 697 267 719"/></Shape>
            <String CONTENT="d’euxmeſmes, ils ne s’y doyuent aucunement fier. Et ſi le"
                    HPOS="266.0"
                    VPOS="691.0"
                    WIDTH="664.0"
                    HEIGHT="42.0"
                    WC="0.9975046097186574"></String>
          </TextLine>
          <TextLine ID="eSc_line_519220a0-22a2-4830-94fa-39e19c3a7e24"
                    TAGREFS="LT8"
                    BASELINE="268 750 930 748" 
                    HPOS="267.0"
                    VPOS="724.0"
                    WIDTH="663.0"
                    HEIGHT="39.0">
            <Shape><Polygon POINTS="268 750 268 758 493 763 494 763 530 758 544 763 545 763 545 763 546 763 556 758 578 763 579 763 651 757 675 762 676 762 722 757 745 762 746 762 929 757 930 748 928 729 830 729 816 724 815 724 814 724 813 724 792 728 719 724 718 724 717 724 716 724 711 729 672 729 638 724 637 724 586 729 267 725 268 750"/></Shape>
            <String CONTENT="deuoir du prince eſt d’entretenir la paix &amp; vnion, com¬"
                    HPOS="267.0"
                    VPOS="724.0"
                    WIDTH="663.0"
                    HEIGHT="39.0"
                    WC="0.9935364484786987"></String>
          </TextLine>
          <TextLine ID="eSc_line_094c6524-dc43-4b03-a3e4-87dd99792c1f"
                    TAGREFS="LT8"
                    BASELINE="268 781 931 781" 
                    HPOS="268.0"
                    VPOS="754.0"
                    WIDTH="663.0"
                    HEIGHT="41.0">
            <Shape><Polygon POINTS="268 781 268 790 289 795 290 795 291 795 309 790 366 790 373 795 374 795 375 795 376 795 931 792 931 781 931 761 864 754 863 754 801 759 776 754 775 754 774 754 760 760 717 754 716 754 715 754 698 760 675 754 674 754 673 754 641 760 594 755 593 755 592 755 583 760 573 754 572 754 571 754 571 754 543 760 526 754 525 754 524 754 523 754 510 760 475 754 446 754 445 754 444 754 443 754 437 760 396 754 395 754 343 760 268 756 268 781"/></Shape>
            <String CONTENT="bien eſt il deteſtable de faire que ſes ſuiets ſe deſchirent"
                    HPOS="268.0"
                    VPOS="754.0"
                    WIDTH="663.0"
                    HEIGHT="41.0"
                    WC="0.9941429714361827"></String>
          </TextLine>
          <TextLine ID="eSc_line_41d49637-dc6b-4274-a06d-c5733c80c155"
                    TAGREFS="LT8"
                    BASELINE="268 814 930 812" 
                    HPOS="267.0"
                    VPOS="787.0"
                    WIDTH="663.0"
                    HEIGHT="39.0">
            <Shape><Polygon POINTS="268 814 268 826 929 823 930 812 928 792 696 787 695 787 694 787 683 791 662 787 661 787 636 791 613 787 612 787 522 792 508 788 507 788 306 788 305 788 267 793 268 814"/></Shape>
            <String CONTENT="par vne brutalité inhumaine? La choſe eſt reprouuee par"
                    HPOS="267.0"
                    VPOS="787.0"
                    WIDTH="663.0"
                    HEIGHT="39.0"
                    WC="0.9983539645160947"></String>
          </TextLine>
          <TextLine ID="eSc_line_bface9ad-d011-4362-bed9-fc987e935c8b"
                    TAGREFS="LT8"
                    BASELINE="268 845 931 842" 
                    HPOS="267.0"
                    VPOS="818.0"
                    WIDTH="664.0"
                    HEIGHT="39.0">
            <Shape><Polygon POINTS="268 845 268 857 931 853 931 842 929 825 858 825 846 818 845 818 844 818 814 824 766 818 765 818 764 818 744 824 648 819 647 819 646 819 645 819 638 826 559 826 552 819 551 819 550 819 549 819 464 826 413 820 412 820 411 820 390 826 362 820 361 820 267 821 268 845"/></Shape>
            <String CONTENT="les bonnes loix, que le prince laiſſe venir ſes ſuiets par"
                    HPOS="267.0"
                    VPOS="818.0"
                    WIDTH="664.0"
                    HEIGHT="39.0"
                    WC="0.9970499873161316"></String>
          </TextLine>
          <TextLine ID="eSc_line_b1c304e5-c8c3-4f42-a367-4d0ea13a771c"
                    TAGREFS="LT8"
                    BASELINE="269 876 930 874" 
                    HPOS="268.0"
                    VPOS="850.0"
                    WIDTH="662.0"
                    HEIGHT="40.0">
            <Shape><Polygon POINTS="269 876 269 885 597 890 597 890 634 884 664 889 665 889 696 884 743 889 744 889 772 884 831 889 832 889 918 884 927 889 930 874 928 856 803 856 770 850 769 850 701 855 689 850 688 850 688 850 687 850 667 855 662 850 661 850 660 850 620 850 619 850 618 850 617 850 608 855 579 851 578 851 577 851 565 856 545 851 544 851 543 851 542 851 541 851 534 857 430 857 415 851 414 851 341 851 340 851 311 856 281 851 280 851 279 851 268 856 269 876"/></Shape>
            <String CONTENT="voye defaict auxarmes, leſquels il peut reprimer par ſon"
                    HPOS="268.0"
                    VPOS="850.0"
                    WIDTH="662.0"
                    HEIGHT="40.0"
                    WC="0.9935502644096103"></String>
          </TextLine>
          <TextLine ID="eSc_line_a86b91f6-d325-41a5-a039-b29ad0deed9a"
                    TAGREFS="LT8"
                    BASELINE="267 909 930 906" 
                    HPOS="266.0"
                    VPOS="880.0"
                    WIDTH="664.0"
                    HEIGHT="44.0">
            <Shape><Polygon POINTS="267 909 269 924 278 917 375 917 406 923 407 923 480 919 545 922 546 922 571 917 590 922 591 922 592 923 654 923 654 922 655 922 672 917 684 922 685 922 686 922 724 915 748 921 749 921 750 921 779 915 928 919 930 906 928 885 862 880 861 880 860 880 841 885 800 880 799 880 798 880 787 884 775 880 774 880 773 880 772 880 750 885 614 880 613 880 580 886 545 880 545 880 508 886 494 880 493 880 493 880 492 880 491 880 480 887 341 881 340 881 339 881 338 881 328 888 266 888 267 909"/></Shape>
            <String CONTENT="autorité &amp; refraindre.ff. de vſufructu. l. æquiſſimũ. Cela s’en"
                    HPOS="266.0"
                    VPOS="880.0"
                    WIDTH="664.0"
                    HEIGHT="44.0"
                    WC="0.9918209094267625"></String>
          </TextLine>
          <TextLine ID="eSc_line_1705500c-82a2-488a-ac06-622f114a4ce0"
                    TAGREFS="LT8"
                    BASELINE="268 939 927 936" 
                    HPOS="267.0"
                    VPOS="912.0"
                    WIDTH="660.0"
                    HEIGHT="37.0">
            <Shape><Polygon POINTS="268 939 268 949 926 948 927 936 926 919 904 912 903 912 792 912 791 912 706 919 658 914 657 914 656 914 655 914 649 919 596 919 583 913 582 913 581 913 580 913 579 913 572 919 493 919 475 914 474 914 473 914 472 914 471 914 464 920 389 920 380 914 379 914 378 914 306 914 305 914 304 914 303 914 297 919 284 914 283 914 282 914 281 914 267 919 268 939"/></Shape>
            <String CONTENT="tend de deux perſonnes priuees en vn duel, combiẽ plus"
                    HPOS="267.0"
                    VPOS="912.0"
                    WIDTH="660.0"
                    HEIGHT="37.0"
                    WC="0.989533455805345"></String>
          </TextLine>
          <TextLine ID="eSc_line_d11a9814-84b3-44f9-9b49-2c8b5a55789f"
                    TAGREFS="LT8"
                    BASELINE="268 971 928 969" 
                    HPOS="267.0"
                    VPOS="943.0"
                    WIDTH="661.0"
                    HEIGHT="38.0">
            <Shape><Polygon POINTS="268 971 268 980 926 981 928 969 924 943 898 950 859 945 858 945 812 950 712 943 711 943 650 944 649 944 649 944 637 952 525 952 488 944 487 944 454 945 454 945 453 945 453 945 444 952 365 945 364 945 363 945 338 951 316 946 315 946 267 953 268 971"/></Shape>
            <String CONTENT="en vn public, où il peut perir vn infinité d’hommes, &amp;"
                    HPOS="267.0"
                    VPOS="943.0"
                    WIDTH="661.0"
                    HEIGHT="38.0"
                    WC="0.9969457238912582"></String>
          </TextLine>
          <TextLine ID="eSc_line_cdc65d35-e8de-4903-9238-a94a6e821bcc"
                    TAGREFS="LT8"
                    BASELINE="268 1002 929 999" 
                    HPOS="267.0"
                    VPOS="974.0"
                    WIDTH="662.0"
                    HEIGHT="38.0">
            <Shape><Polygon POINTS="268 1002 268 1012 928 1010 929 999 926 978 844 979 830 974 829 974 828 974 827 974 826 974 817 981 755 981 688 975 688 975 687 975 672 981 649 976 649 976 612 981 604 975 603 975 602 975 601 975 600 975 587 981 566 975 565 975 564 975 563 975 562 975 554 981 506 976 506 976 505 976 504 976 498 982 458 982 435 976 434 976 433 976 422 981 410 976 409 976 408 976 376 982 368 976 367 976 366 976 335 976 334 976 333 976 321 982 292 976 291 976 290 976 267 983 268 1002"/></Shape>
            <String CONTENT="eſtre faites infinies iniuſtices. On dit que ces deux ad¬"
                    HPOS="267.0"
                    VPOS="974.0"
                    WIDTH="662.0"
                    HEIGHT="38.0"
                    WC="0.9928100422808999"></String>
          </TextLine>
          <TextLine ID="eSc_line_8743c618-b0e2-48b0-8a2f-fbbbf874c417"
                    TAGREFS="LT8"
                    BASELINE="268 1032 931 1032" 
                    HPOS="268.0"
                    VPOS="1007.0"
                    WIDTH="663.0"
                    HEIGHT="36.0">
            <Shape><Polygon POINTS="268 1032 268 1043 931 1043 931 1032 929 1007 907 1012 851 1008 850 1008 794 1012 785 1007 784 1007 783 1007 741 1007 740 1007 740 1007 739 1007 733 1012 721 1007 720 1007 719 1007 676 1012 638 1008 580 1008 579 1008 578 1008 568 1013 507 1013 492 1007 491 1007 490 1007 489 1007 466 1012 414 1007 413 1007 412 1007 391 1012 375 1008 374 1008 373 1008 372 1008 361 1012 321 1007 320 1007 292 1012 268 1010 268 1032"/></Shape>
            <String CONTENT="uerbes plus ou moins ne chãgent point l’eſpece: &amp; pour"
                    HPOS="268.0"
                    VPOS="1007.0"
                    WIDTH="663.0"
                    HEIGHT="36.0"
                    WC="0.9925118262117559"></String>
          </TextLine>
          <TextLine ID="eSc_line_fe636716-a0fa-45fa-acbc-0444a6efccf7"
                    TAGREFS="LT8"
                    BASELINE="268 1065 931 1063" 
                    HPOS="267.0"
                    VPOS="1039.0"
                    WIDTH="664.0"
                    HEIGHT="39.0">
            <Shape><Polygon POINTS="268 1065 268 1074 597 1078 598 1078 662 1073 699 1077 700 1077 897 1073 929 1077 931 1063 929 1040 651 1039 650 1039 590 1044 581 1039 580 1039 579 1039 578 1039 577 1039 571 1045 518 1045 452 1039 451 1039 450 1039 432 1044 382 1039 381 1039 310 1044 293 1039 292 1039 291 1039 267 1044 268 1065"/></Shape>
            <String CONTENT="tant que ſi deux ſuiets ne doyuent auoir permiſſion du"
                    HPOS="267.0"
                    VPOS="1039.0"
                    WIDTH="664.0"
                    HEIGHT="39.0"
                    WC="0.9722777295995642"></String>
          </TextLine>
          <TextLine ID="eSc_line_59b31edf-7161-4a3a-ac7e-964fd244aae2"
                    TAGREFS="LT8"
                    BASELINE="268 1098 929 1096" 
                    HPOS="268.0"
                    VPOS="1069.0"
                    WIDTH="661.0"
                    HEIGHT="43.0">
            <Shape><Polygon POINTS="268 1112 306 1106 597 1111 597 1111 598 1111 621 1105 654 1110 655 1110 720 1105 753 1110 753 1110 807 1105 927 1110 929 1096 927 1075 837 1069 836 1069 835 1069 834 1069 826 1075 782 1069 781 1069 780 1069 768 1075 725 1075 718 1070 717 1070 716 1070 715 1070 714 1070 704 1075 637 1071 636 1071 559 1075 542 1070 541 1070 540 1070 458 1075 440 1070 439 1070 438 1070 398 1075 390 1070 389 1070 389 1070 363 1070 363 1070 321 1075 302 1070 301 1070 300 1070 299 1070 285 1075 268 1071 268 1098 268 1112"/></Shape>
            <String CONTENT="prin ce d’entrer en combat pour la preuue d’vn differẽt,"
                    HPOS="268.0"
                    VPOS="1069.0"
                    WIDTH="661.0"
                    HEIGHT="43.0"
                    WC="0.9736252573498508"></String>
          </TextLine>
          <TextLine ID="eSc_line_f4561936-0c8c-4bf8-93ef-5865fe776965"
                    TAGREFS="LT8"
                    BASELINE="129 1123 267 1124" 
                    HPOS="129.0"
                    VPOS="1095.0"
                    WIDTH="139.0"
                    HEIGHT="44.0">
            <Shape><Polygon POINTS="263 1134 129 1139 129 1095 236 1095 268 1100 267 1135"/></Shape>
            <String CONTENT="ff.ad l. Cor¬"
                    HPOS="129.0"
                    VPOS="1095.0"
                    WIDTH="139.0"
                    HEIGHT="44.0"
                    WC="0.9875519780012277"></String>
          </TextLine>
          <TextLine ID="eSc_line_eSc_line_08b234ee"
                    TAGREFS="LT8"
                    BASELINE="276 1124 929 1127" 
                    HPOS="276.0"
                    VPOS="1124.0"
                    WIDTH="653.0"
                    HEIGHT="3.0">
            <String CONTENT=""
                    HPOS="276.0"
                    VPOS="1124.0"
                    WIDTH="653.0"
                    HEIGHT="3.0"
                    ></String>
          </TextLine>
          <TextLine ID="eSc_line_659d17c8-3e5d-4828-ac98-4c3f96129776"
                    TAGREFS="LT8"
                    BASELINE="129 1153 244 1153 265 1156" 
                    HPOS="129.0"
                    VPOS="1130.0"
                    WIDTH="139.0"
                    HEIGHT="36.0">
            <Shape><Polygon POINTS="129 1136 146 1130 264 1130 268 1132 263 1166 129 1166"/></Shape>
            <String CONTENT="nel. de ſica¬"
                    HPOS="129.0"
                    VPOS="1130.0"
                    WIDTH="139.0"
                    HEIGHT="36.0"
                    WC="0.9611793939883893"></String>
          </TextLine>
          <TextLine ID="eSc_line_eSc_line_ede80431"
                    TAGREFS="LT8"
                    BASELINE="276 1158 285 1159 931 1159" 
                    HPOS="276.0"
                    VPOS="1158.0"
                    WIDTH="655.0"
                    HEIGHT="1.0">
            <String CONTENT=""
                    HPOS="276.0"
                    VPOS="1158.0"
                    WIDTH="655.0"
                    HEIGHT="1.0"
                    ></String>
          </TextLine>
          <TextLine ID="eSc_line_79dd91b2-a60d-4de9-9a12-8e0c4809ef77"
                    TAGREFS="LT8"
                    BASELINE="270 1190 932 1190" 
                    HPOS="270.0"
                    VPOS="1165.0"
                    WIDTH="662.0"
                    HEIGHT="39.0">
            <Shape><Polygon POINTS="270 1190 270 1204 932 1200 932 1190 932 1168 270 1165 270 1190"/></Shape>
            <String CONTENT="haine eſt deffendu de droit ciuil &amp; de droit canon: dau¬"
                    HPOS="270.0"
                    VPOS="1165.0"
                    WIDTH="662.0"
                    HEIGHT="39.0"
                    WC="0.9917689700211797"></String>
          </TextLine>
          <TextLine ID="eSc_line_3801403d-7941-49fa-90d9-f4c25b4c7367"
                    TAGREFS="LT8"
                    BASELINE="129 1217 239 1216 261 1219" 
                    HPOS="129.0"
                    VPOS="1194.0"
                    WIDTH="134.0"
                    HEIGHT="36.0">
            <Shape><Polygon POINTS="129 1196 250 1194 252 1194 263 1201 260 1230 129 1230"/></Shape>
            <String CONTENT="extra de cle:"
                    HPOS="129.0"
                    VPOS="1194.0"
                    WIDTH="134.0"
                    HEIGHT="36.0"
                    WC="0.998326287819789"></String>
          </TextLine>
          <TextLine ID="eSc_line_eSc_line_98402149"
                    TAGREFS="LT8"
                    BASELINE="273 1220 282 1221 344 1222 932 1219" 
                    HPOS="273.0"
                    VPOS="1219.0"
                    WIDTH="659.0"
                    HEIGHT="3.0">
            <String CONTENT=""
                    HPOS="273.0"
                    VPOS="1219.0"
                    WIDTH="659.0"
                    HEIGHT="3.0"
                    ></String>
          </TextLine>
          <TextLine ID="eSc_line_e8633292-3bc7-4c6e-9266-3b83c1a86b9f"
                    TAGREFS="LT8"
                    BASELINE="129 1247 248 1247 264 1250" 
                    HPOS="129.0"
                    VPOS="1226.0"
                    WIDTH="139.0"
                    HEIGHT="42.0">
            <Shape><Polygon POINTS="129 1228 256 1226 258 1226 268 1229 261 1263 215 1267 213 1267 197 1262 182 1268 179 1268 170 1262 129 1262"/></Shape>
            <String CONTENT="rico pugnan"
                    HPOS="129.0"
                    VPOS="1226.0"
                    WIDTH="139.0"
                    HEIGHT="42.0"
                    WC="0.9964026537808505"></String>
          </TextLine>
          <TextLine ID="eSc_line_58f5cfef-d265-491f-a505-ed048d0a1c5e"
                    TAGREFS="LT8"
                    BASELINE="129 1281 250 1280 263 1281" 
                    HPOS="129.0"
                    VPOS="1258.0"
                    WIDTH="135.0"
                    HEIGHT="36.0">
            <Shape><Polygon POINTS="129 1262 142 1258 250 1258 262 1263 264 1262 262 1294 129 1294"/></Shape>
            <String CONTENT="te in duello."
                    HPOS="129.0"
                    VPOS="1258.0"
                    WIDTH="135.0"
                    HEIGHT="36.0"
                    WC="0.9995668943111713"></String>
          </TextLine>
          <TextLine ID="eSc_line_d02c23d8-c590-4b71-9a7e-e17a5beda2d2"
                    TAGREFS="LT8"
                    BASELINE="130 1308 244 1310 259 1313" 
                    HPOS="130.0"
                    VPOS="1290.0"
                    WIDTH="133.0"
                    HEIGHT="40.0">
            <Shape><Polygon POINTS="130 1325 130 1290 263 1290 257 1325 245 1324 231 1330 228 1330 218 1325"/></Shape>
            <String CONTENT="C. de quæſtie"
                    HPOS="130.0"
                    VPOS="1290.0"
                    WIDTH="133.0"
                    HEIGHT="40.0"
                    WC="0.9679903250474197"></String>
          </TextLine>
          <TextLine ID="eSc_line_7387d01f-e378-4e6c-bbad-9458351b8b9c"
                    TAGREFS="LT8"
                    BASELINE="130 1343 243 1343 261 1344" 
                    HPOS="130.0"
                    VPOS="1320.0"
                    WIDTH="132.0"
                    HEIGHT="41.0">
            <Shape><Polygon POINTS="145 1357 131 1361 130 1343 130 1320 196 1324 258 1320 260 1320 262 1321 260 1361"/></Shape>
            <String CONTENT="nibus &amp; de"
                    HPOS="130.0"
                    VPOS="1320.0"
                    WIDTH="132.0"
                    HEIGHT="41.0"
                    WC="0.9999500930309295"></String>
          </TextLine>
          <TextLine ID="eSc_line_eSc_line_302cb6cd"
                    TAGREFS="LT8"
                    BASELINE="275 1252 279 1253 343 1254 930 1254" 
                    HPOS="275.0"
                    VPOS="1252.0"
                    WIDTH="655.0"
                    HEIGHT="2.0">
            <String CONTENT=""
                    HPOS="275.0"
                    VPOS="1252.0"
                    WIDTH="655.0"
                    HEIGHT="2.0"
                    ></String>
          </TextLine>
          <TextLine ID="eSc_line_eSc_line_d4497c06"
                    TAGREFS="LT8"
                    BASELINE="278 1282 322 1285 930 1286" 
                    HPOS="278.0"
                    VPOS="1282.0"
                    WIDTH="652.0"
                    HEIGHT="4.0">
            <String CONTENT=""
                    HPOS="278.0"
                    VPOS="1282.0"
                    WIDTH="652.0"
                    HEIGHT="4.0"
                    ></String>
          </TextLine>
          <TextLine ID="eSc_line_eSc_line_ba192164"
                    TAGREFS="LT8"
                    BASELINE="275 1315 280 1316 339 1317 931 1315" 
                    HPOS="275.0"
                    VPOS="1315.0"
                    WIDTH="656.0"
                    HEIGHT="2.0">
            <String CONTENT=""
                    HPOS="275.0"
                    VPOS="1315.0"
                    WIDTH="656.0"
                    HEIGHT="2.0"
                    ></String>
          </TextLine>
          <TextLine ID="eSc_line_eSc_line_6de03c6c"
                    TAGREFS="LT8"
                    BASELINE="274 1345 340 1348 930 1347" 
                    HPOS="274.0"
                    VPOS="1345.0"
                    WIDTH="656.0"
                    HEIGHT="3.0">
            <String CONTENT=""
                    HPOS="274.0"
                    VPOS="1345.0"
                    WIDTH="656.0"
                    HEIGHT="3.0"
                    ></String>
          </TextLine>
        </TextBlock>
        <TextBlock HPOS="481.0"
                   VPOS="101.0"
                   WIDTH="278.0"
                   HEIGHT="54.0"
                   ID="eSc_textblock_cfa77ef0-66c9-42a9-ad99-6ec5552d4965"
                   TAGREFS="BT18">
          <Shape><Polygon POINTS="759 101 759 155 481 155 481 101"/></Shape>
          <TextLine ID="eSc_line_55a69775-1fc5-4000-8492-7ea07796b67e"
                    TAGREFS="LT8"
                    BASELINE="480 141 753 142" 
                    HPOS="480.0"
                    VPOS="99.0"
                    WIDTH="273.0"
                    HEIGHT="55.0">
            <Shape><Polygon POINTS="610 101 601 101 592 101 590 101 551 110 541 101 536 101 527 101 525 101 503 104 490 101 490 101 480 99 480 141 480 152 752 154 753 142 751 103 726 112 661 112 651 103 650 103 649 103 619 101 610 101"/></Shape>
            <String CONTENT="Eſtat de France"
                    HPOS="480.0"
                    VPOS="99.0"
                    WIDTH="273.0"
                    HEIGHT="55.0"
                    WC="0.9996297001838684"></String>
          </TextLine>
        </TextBlock>
        <TextBlock HPOS="124.0"
                   VPOS="1094.0"
                   WIDTH="146.0"
                   HEIGHT="330.0"
                   ID="eSc_textblock_78669680-4a57-4fa4-958f-4c89faf0c575"
                   TAGREFS="BT100009">
          <Shape><Polygon POINTS="270 1094 270 1424 124 1424 124 1094"/></Shape>
          <TextLine ID="eSc_line_7ad09edd-03bb-4873-a92b-da656fbac74a"
                    TAGREFS="LT8"
                    BASELINE="129 1184 181 1186" 
                    HPOS="129.0"
                    VPOS="1158.0"
                    WIDTH="52.0"
                    HEIGHT="39.0">
            <Shape><Polygon POINTS="129 1184 129 1197 181 1197 181 1186 181 1165 157 1158 156 1158 155 1158 129 1163 129 1184"/></Shape>
            <String CONTENT="riis."
                    HPOS="129.0"
                    VPOS="1158.0"
                    WIDTH="52.0"
                    HEIGHT="39.0"
                    WC="0.9917232394218445"></String>
          </TextLine>
          <TextLine ID="eSc_line_c5c8d07f-1a5d-4e40-a15b-49252cfc078e"
                    TAGREFS="LT8"
                    BASELINE="130 1374 254 1374" 
                    HPOS="130.0"
                    VPOS="1348.0"
                    WIDTH="124.0"
                    HEIGHT="42.0">
            <Shape><Polygon POINTS="130 1374 130 1390 199 1385 223 1390 224 1390 225 1390 254 1384 254 1374 254 1355 154 1348 153 1348 152 1348 130 1354 130 1374"/></Shape>
            <String CONTENT="probationi¬"
                    HPOS="130.0"
                    VPOS="1348.0"
                    WIDTH="124.0"
                    HEIGHT="42.0"
                    WC="0.9927240610122681"></String>
          </TextLine>
          <TextLine ID="eSc_line_9a25572d-83ce-438a-9da3-67307e137d40"
                    TAGREFS="LT8"
                    BASELINE="131 1403 233 1405" 
                    HPOS="130.0"
                    VPOS="1379.0"
                    WIDTH="103.0"
                    HEIGHT="48.0">
            <Shape><Polygon POINTS="131 1403 130 1419 168 1419 181 1427 181 1427 182 1427 183 1427 233 1421 233 1405 233 1386 209 1379 208 1379 207 1379 131 1384 131 1403"/></Shape>
            <String CONTENT="bus. l fin."
                    HPOS="130.0"
                    VPOS="1379.0"
                    WIDTH="103.0"
                    HEIGHT="48.0"
                    WC="0.9714617078954523"></String>
          </TextLine>
        </TextBlock>
        <TextBlock HPOS="902.0"
                   VPOS="1421.0"
                   WIDTH="33.0"
                   HEIGHT="33.0"
                   ID="eSc_textblock_6310f61a-a140-4c0f-9ead-fe85551724af"
                   TAGREFS="BT17">
          <Shape><Polygon POINTS="935 1421 935 1454 902 1454 902 1421"/></Shape>
          <TextLine ID="eSc_line_de928a12-457a-472a-a1d0-008557f9d6dd"
                    TAGREFS="LT8"
                    BASELINE="903 1444 931 1444" 
                    HPOS="903.0"
                    VPOS="1421.0"
                    WIDTH="28.0"
                    HEIGHT="45.0">
            <Shape><Polygon POINTS="922 1421 912 1421 903 1421 903 1444 903 1466 931 1464 931 1444 931 1421 922 1421"/></Shape>
            <String CONTENT="là"
                    HPOS="903.0"
                    VPOS="1421.0"
                    WIDTH="28.0"
                    HEIGHT="45.0"
                    WC="0.999911884466807"></String>
          </TextLine>
        </TextBlock>
        <TextBlock ID="eSc_dummyblock_">
          <TextLine ID="eSc_line_1a22f366-3687-473d-8ff7-491a83f44aa5"
                    TAGREFS="LT8"
                    BASELINE="266 1378 931 1380" 
                    HPOS="265.0"
                    VPOS="1353.0"
                    WIDTH="666.0"
                    HEIGHT="44.0">
            <Shape><Polygon POINTS="265 1388 275 1395 276 1395 277 1395 278 1395 331 1388 348 1395 349 1395 350 1396 496 1396 496 1395 497 1395 498 1395 504 1389 554 1388 630 1388 645 1396 646 1396 647 1397 671 1397 671 1396 672 1396 683 1389 692 1396 693 1396 694 1396 695 1396 728 1390 738 1396 739 1396 740 1396 740 1396 785 1389 814 1394 815 1394 839 1389 846 1395 846 1396 847 1396 848 1396 849 1396 883 1389 929 1390 931 1380 931 1361 911 1354 910 1354 909 1354 850 1360 840 1354 839 1354 838 1354 837 1354 836 1354 824 1359 818 1354 817 1354 816 1354 746 1354 745 1354 716 1360 701 1354 700 1354 699 1354 698 1354 682 1360 643 1356 642 1356 615 1360 579 1353 578 1353 543 1360 483 1360 458 1353 457 1353 456 1353 455 1353 438 1360 326 1360 314 1354 313 1354 312 1354 283 1360 267 1353 266 1378 265 1388"/></Shape>
            <String CONTENT="rement prouué. Or en iuſtice on garde eſgalité, laquelle"
                    HPOS="265.0"
                    VPOS="1353.0"
                    WIDTH="666.0"
                    HEIGHT="44.0"
                    WC="0.9888653251631506"></String>
          </TextLine>
          <TextLine ID="eSc_line_d58d4dae-76c8-4ac6-b593-533b9a29b108"
                    TAGREFS="LT8"
                    BASELINE="267 1409 933 1411" 
                    HPOS="266.0"
                    VPOS="1386.0"
                    WIDTH="667.0"
                    HEIGHT="48.0">
            <Shape><Polygon POINTS="267 1409 266 1428 335 1432 336 1432 337 1432 337 1432 343 1427 356 1431 357 1431 358 1431 359 1431 388 1424 409 1428 410 1428 411 1428 426 1424 436 1432 437 1432 438 1432 439 1433 536 1433 536 1432 537 1432 555 1425 617 1433 618 1433 619 1433 620 1433 631 1425 668 1424 822 1424 834 1433 835 1433 836 1433 837 1434 896 1434 896 1433 896 1433 897 1433 909 1424 932 1424 933 1411 933 1393 833 1393 800 1386 799 1386 751 1392 712 1386 711 1386 710 1386 709 1386 701 1392 681 1387 680 1387 679 1387 637 1392 600 1386 599 1386 568 1391 510 1386 509 1386 427 1391 406 1386 405 1386 404 1386 366 1392 328 1392 323 1386 322 1386 321 1386 320 1386 319 1386 305 1390 300 1386 299 1386 298 1386 298 1386 267 1390 267 1409"/></Shape>
            <String CONTENT="n’eſt en la force ou dexterité des combatans: &amp; en ce cas"
                    HPOS="266.0"
                    VPOS="1386.0"
                    WIDTH="667.0"
                    HEIGHT="48.0"
                    WC="0.9912030234419066"></String>
          </TextLine>
        </TextBlock>
      </PrintSpace>
    </Page>
  </Layout>
</alto>
