1000 1671
207.0 83.0 301.0 56.0 Sous Charles IX.

651.0 87.0 61.0 46.0 161

718.0 427.0 135.0 45.0 Du pouuoir

719.0 464.0 85.0 46.0 des rois.

51.0 136.0 662.0 42.0 grãdeur que Dieu, la nature, & la patrie en general. Ceux

48.0 160.0 663.0 48.0 qui ſont nouuellemẽt faits grands ſont ſuiets à eſtre in¬

47.0 192.0 666.0 46.0 ſolens plus que ceux qui le ſont d’ancienneté. Si l’electiõ

47.0 223.0 667.0 46.0 ſe fait par la multitude, il y a danger de ſedition: ſi par

47.0 255.0 667.0 49.0 peu de gens danger de corruption. Ces maux ſe ſont

49.0 286.0 666.0 49.0 veus en l’empire Romain, dont il a plus perdu de ſa ſplẽ

48.0 319.0 666.0 44.0 deur, que d’autre choſe qui luy ſoit ſuruenue. Voyla dõc

48.0 352.0 667.0 45.0 comment il eſt treſhonneſte & conuenable à vn peuple

49.0 383.0 666.0 50.0 d’auoir vn Roy naturel de la patrie & deſia né auãt que

51.0 420.0 229.0 41.0 le regnant decede.

77.0 456.0 632.0 37.0 Or il y a pluſieurs manieres differentes au gouuerne

50.0 480.0 664.0 44.0 ment des royaumes du monde, qui toutesfois peuuent

50.0 509.0 666.0 48.0 eſtre reduites à deux, aſauoir à la forme Laconique, où le

51.0 542.0 665.0 43.0 Roy n’a que certain pouuoir limité auec les anciens &

50.0 572.0 666.0 48.0 Ephores qui le peuuent controller: ou bien comme vne

51.0 608.0 665.0 42.0 œconomie que le prince gouuerne tout au profit des ſu

51.0 635.0 666.0 46.0 iets, comme le pere en la maiſon. La premiere forme tẽd

51.0 665.0 665.0 47.0 tellement à la correction de l’abus des roys, qu’elle tire

51.0 697.0 666.0 47.0 à vne extremité. L’autre ſuit la premiere inſtitution de

51.0 729.0 666.0 45.0 ce ſaint eſtat ſuſcité par la nature, receu & approuué par

51.0 762.0 665.0 45.0 toute la republique des hommes, y adiouſtant ce que la

51.0 793.0 672.0 51.0 neceſſité a enſeigné & introduit, comme lethro cõſeil¬

51.0 824.0 663.0 46.0 la à Moyſe d’eſlire des anciens (ce ſont des deputez pour

51.0 857.0 663.0 43.0 le public) qui veillent pour tenir le roy auerty de tous

52.0 889.0 664.0 46.0 les griefs & neceſſitez du peuple, & le peuple auerty de

51.0 921.0 664.0 46.0 ce qui ſe pourroit paſſer à ſon preiudice, aux mains deſ¬

52.0 952.0 662.0 45.0 quels la puiſſance ſouueraine eſt deu olue quand le prin

51.0 982.0 663.0 48.0 ce qui en auoit eſté orné ſe bande contre le public & nõ

51.0 1015.0 663.0 46.0 autrement. La puiſſance royale Laconique n’eſt pas pro¬

52.0 1047.0 662.0 44.0 prement royaume, car elle eſt limitee trop eſtroittemẽt.

52.0 1077.0 662.0 45.0 Le Roy n’y pouuoit rien outre la lettre de la loy, ſi ce

51.0 1107.0 660.0 47.0 n’eſtoit en guerre, où il faiſoit à ſa pleine volonté des

51.0 1140.0 662.0 45.0 choſes non determinees par les loix. Cela eſtoit bien

51.0 1171.0 662.0 42.0 loin de ce que dit l’hiſtorien Iuſtin, que meſmes aux

51.0 1204.0 662.0 43.0 choſes ciuiles l’arbitrage des Roys eſtoit reputé pour

51.0 1234.0 661.0 47.0 loy, mais c’eſtoit du temps que royaume eſtoit vne char

52.0 1266.0 659.0 51.0 ge auec peu de proufit, que le Roy eſtoit pour cõſeruer

52.0 1302.0 394.0 42.0 & non pour amplifier les limites.

714.0 797.0 108.0 46.0 Exsd. S.

82.0 1336.0 627.0 38.0 Ainſi l’ambition & la conuoitiſe ont engendré la di¬

51.0 1360.0 657.0 57.0 uerſité de polices non ſeulement differentes en eſpeces,

588.0 1398.0 29.0 38.0 X

151.0 1406.0 134.0 34.0 HI. voluine
