848 1417
57.0 139.0 571.0 34.0 moy ens que dieu nous donnera, eſtans aſſeurez que la

57.0 166.0 572.0 34.0 iuſtice de noſtre cauſe approuuera deuant toute la Chre

57.0 191.0 452.0 35.0 ſtienté noſtre ſaincte & louable reſolution.

186.0 94.0 262.0 46.0 Sous Charles ix.

81.0 223.0 548.0 30.0 Le Conſeil ſecret eſtant aucunement content de voir

55.0 244.0 574.0 36.0 les armes ſe reprendre, pour peſcher tant mieux en eau

58.0 271.0 571.0 33.0 trouble, & penſant que ſe ſeroit vn hõneſte moyen de

57.0 299.0 572.0 31.0 ruiner tous ennemis, commẽça auſſi à faire ſes appareils

55.0 325.0 578.0 35.0 & auoir les pêtis à l’aiſe, deux aſſaſſins, aſſauoir Maure¬

55.0 351.0 574.0 33.0 nel & ſainct Martin le Huguenot furẽt depeſchez auec

53.0 379.0 575.0 34.0 nombre de complices tous montez à l’auantage pour

54.0 404.0 573.0 36.0 aller tuer le ſieur de la Nouë & autres: & de fait ils cou¬

55.0 432.0 573.0 36.0 rurent par diuers endroits de Poictou, mais ſans rien ex¬

58.0 460.0 571.0 35.0 ploiter, pource que chaſcun ſe tint ſur ſes gardes, quand

55.0 485.0 253.0 33.0 on entendit leur venue.

81.0 520.0 541.0 29.0 Il luruint vn autre fait parmi cela, lequel eſt notable.

627.0 519.0 119.0 35.0 lieutenant de

57.0 538.0 570.0 40.0 M. Iean de la Haye lieutenant general en Poictou ſe mit

56.0 567.0 569.0 33.0 lors auſſi en auant pour procurer tle bien public com¬

55.0 594.0 570.0 34.0 me il l’affermoit. Au parauant ç’auoit eſté vn ennemi

55.0 618.0 570.0 37.0 iuré de tous ceux de la Religion, auſquels il auoit don¬

55.0 646.0 570.0 37.0 né beaucoup d’afaires, eſtant homme de menee, à ce

56.0 674.0 568.0 36.0 qu’on dit. La cauſe de ce changement vint à ce qu’au¬

55.0 701.0 570.0 34.0 cuns racontent, d’vn m’eſcontentement qu’il receut de

55.0 726.0 569.0 34.0 la promotion d’vn conſeillier de Poictiers en l’office

56.0 752.0 568.0 39.0 de Preſident. Ce cõſeillier fut ainſi auancé par la faueur

55.0 779.0 569.0 35.0 du mareſchal de Rets. La haye ne vouloit point de cõ¬

53.0 806.0 570.0 37.0 pagnon encores moins de ſuperieur: Et le differẽt s’eſ¬

54.0 833.0 568.0 37.0 chaufa tellement qu’vn iour en plain parquet & audien¬

54.0 861.0 568.0 31.0 ce le lieutenant fit teſte au preſident, voire & tient on

54.0 885.0 568.0 39.0 qu’il le chaſſa par force hors de ſon ſiege, & cõmit tel¬

53.0 913.0 568.0 38.0 les autres inſolences qui touchoyent au mareſchal de

53.0 939.0 568.0 40.0 Rets, & par conſequent à la couronne. De façon que la

52.0 967.0 569.0 35.0 Haye ſe voyant en danger d’eſtre arraché, pour couurir

52.0 994.0 570.0 35.0 ſon fait, & demeurer debout, empoigna l’occaſion qui

52.0 1019.0 569.0 39.0 ſe preſentoit. Il vouloit auſſi (ce dit on) empeſcher pat

51.0 1047.0 571.0 36.0 tel moyen vne recherche de deniers leuez en Poictou

53.0 1073.0 569.0 37.0 qu’il craignoit tomber ſur luy. Toutesfois lon diſoit

52.0 1101.0 571.0 37.0 que l’vne des cauſes de l’empriſonnement du mareſchal

51.0 1128.0 571.0 37.0 de Coſſé eſtoit d’auoir fait prendre les armes à ce lieute¬

51.0 1154.0 573.0 37.0 nant. Neantmoins il ne s’eſtoit pas encores declairé du

50.0 1180.0 574.0 42.0 tout, & pluſieurs de la ville, pour l’autorité de ſon eſtac

567.0 103.0 57.0 37.0 217

627.0 493.0 100.0 38.0 Le fait du

187.0 1215.0 113.0 28.0 III. volume

514.0 1212.0 43.0 34.0 EE
