1000 1671
77.0 159.0 665.0 38.0 te la republique. Si elles ont eſgard à l’vrilité de quelque

77.0 187.0 664.0 40.0 particulier, elles ne ſõt iuſtes que en apparẽce, & ne doy¬

77.0 217.0 667.0 40.0 uent obtenir titre de loix: car elles ſont deffectueuſes à

77.0 247.0 666.0 40.0 iuſtice, qui veut vne diſtribution par eſgalité en tous les

76.0 281.0 667.0 42.0 membres de la republique: ce qui n’eſt pas quand les vns

77.0 312.0 666.0 42.0 ont tout & les autres rien: & pourtant eſt dit que les

76.0 349.0 662.0 36.0 loix iuſtes ſont celles par qui felicité eſt introduite &

749.0 331.0 134.0 58.0 Ariſt5.ethi

75.0 371.0 671.0 42.0 conſeruee en l’eſtat, & chaſcune des parties de ceſte fe¬

752.0 374.0 48.0 45.0 ques.

76.0 405.0 667.0 45.0 licité (qui ſont les vertus politiques nommees cardina¬

77.0 439.0 667.0 41.0 les) y ſont pratiquees en communication ciujle. Car ce

75.0 470.0 669.0 38.0 ſont elles qui adminiſtrent aux hommes tous les biens

78.0 500.0 667.0 41.0 que la nature & la fortune peuuent produire. De là ſe

77.0 531.0 667.0 45.0 conclud que le bien & ſalut public eſt la ſouueraine &

78.0 567.0 407.0 41.0 plus equitable de toutes les loix.

232.0 103.0 306.0 55.0 Sous Charles i*.

109.0 604.0 636.0 30.0 Voila donc comment les loix bien eſtablies ſont da¬

77.0 627.0 668.0 40.0 mes de la cité & ne peuuent faire les princes que ſuiuãt

80.0 659.0 665.0 42.0 icelles: bien peuuent ils (comme dit eſt) par vne equité

77.0 688.0 668.0 46.0 naturelle diſpenſer, faire remiſſion, & interpreter par les

77.0 723.0 667.0 41.0 circonſtances la ſentence d’icelles, pourueu que le tout

76.0 756.0 667.0 39.0 reuienne au profit commun du peuple. Car ( comme il

77.0 785.0 667.0 44.0 s’eſt veu) le prince n’eſt ſeigneur que des choſes dont

75.0 817.0 668.0 41.0 les loix n’ont determiné. Or ne le peuuent elles pas par¬

77.0 848.0 663.0 39.0 riculierement en toutes choſes, veu la varieté des faicts

78.0 879.0 658.0 44.0 & les circonſtãces d’iceux qui ſont innumerables. Mais

78.0 911.0 660.0 44.0 quoy qui ſe puiſſe determiner par les loix ne doit nul¬

77.0 942.0 664.0 44.0 lemẽt eſtre laiſſé en l’arbitrage ou iugement de l’hõme.

77.0 974.0 664.0 42.0 Ie compren ſous le nom de loy les ordonnances faictes

78.0 1009.0 662.0 40.0 & entrenues aux grands Royaumes, qui ſont equiualẽ¬

78.0 1036.0 662.0 45.0 tes à icelles, à cauſe d’vn cõſentemẽt du public par tẽps

77.0 1069.0 663.0 38.0 immemorial, qui monſtre qu’en icelles ſe trouue ſon

78.0 1098.0 662.0 46.0 vtilité: comme qui allegueroit pour exẽple la lõgue cou

78.0 1130.0 661.0 48.0 ſtume de conferer en vn lignage, cõme par ſucceſſion, la

77.0 1163.0 662.0 45.0 dignité royale, qui de ſoy neantmoins a plus eſgard à la

78.0 1194.0 662.0 45.0 ſuffiſance de l’home à biẽ gouuerner que non pas à l’he

78.0 1226.0 662.0 44.0 redité qui n’eſt qu’ẽ poſſeſſiõs familieres: enquoy le pu¬

78.0 1258.0 662.0 43.0 blic à eſgard que à changer telle couſtume il s’en enſuy¬

78.0 1290.0 662.0 44.0 uroit des machinations & entrepriſes qui altereroyẽt la

79.0 1319.0 661.0 42.0 trãquilité d’iceluy. Les princes donc ſuiuront les anciẽ¬

77.0 1352.0 663.0 41.0 nes loix & bonnes couſtumes attendu qu’elles doyuent

78.0 1383.0 661.0 49.0 demeurer fermes & ſtables, & qu’il ne conuiẽt les muer

663.0 116.0 76.0 42.0 203

746.0 867.0 95.0 48.0 Ariſt.1.

743.0 897.0 72.0 49.0 rethor.

569.0 1424.0 87.0 45.0 ce3
