1000 1671
124.0 101.0 164.0 44.0 M.D.LXXIIII.

255.0 142.0 671.0 50.0 de volonté priuee, mais bien par autres ſolennellemé,

257.0 178.0 661.0 46.0 faictes les corriger ou abolir s’il eſt requis. ff. de aliment.

257.0 209.0 664.0 47.0 legatis. l.alum. 5. filias, Cela eſt vn ordre bien conuenable,

259.0 240.0 661.0 47.0 pour oſter la voye de confuſion, que aux choſes humai¬

258.0 272.0 664.0 46.0 nes tout ce qui ſe peut lier, ſe peut auſſi par le meſme

259.0 304.0 663.0 46.0 moyen & cauſe diſſoudre & deffaire. Les loix peuuent

260.0 335.0 662.0 45.0 eſtre deffaictes par ceux qui les ont faictes, quand il y a

262.0 367.0 659.0 47.0 iuſtes raiſons qui les y meuuent, auſſi font les conue¬

261.0 401.0 661.0 44.0 nances du conſentement des parties, ou quand l’vne ne

263.0 430.0 659.0 44.0 les acomplit pas ſelon les loix de l’accord. & en ſe cas la

262.0 464.0 660.0 46.0 partie loyalle & fidelle eſt diſpenſee de ſa part auſſi. No¬

262.0 494.0 662.0 41.0 uella. Iuſtit, colla.4. de nupt. g.nuptias. Si vn prince venoit

261.0 524.0 661.0 48.0 à faire des loix qui oſtaſſent à ſes ſuiets ce qu’ils ont de

261.0 557.0 662.0 46.0 nature ou pour cauſe de leur natiuité, en ce cas ils re¬

260.0 590.0 664.0 43.0 uiendront aux conuenances ciuiles, naturelles, & con¬

262.0 620.0 661.0 44.0 firmees par accord iure: c’eſt qu’il ne le peut faire, ne

262.0 652.0 661.0 46.0 par loix ne par ſes conſtitutions, ni autrement, luy oſtãt

262.0 683.0 661.0 42.0 obeiſſance iuree à telles conditions, encore qu’elles ne

261.0 712.0 662.0 49.0 ſoyẽt exprimees en la forme de l’hommage. Inſtit. de iure

261.0 744.0 663.0 46.0 naturali. 5. ſcilicet naturalia. Ainſi les loix poſitiues des

262.0 780.0 662.0 43.0 princes, qui determinent les choſes qui appartiennent

262.0 808.0 660.0 46.0 à iuſtice legale, doyuent tendre à faire viure chaſcun ſe¬

261.0 840.0 660.0 45.0 lon vertu & qu’elles deffendent toute malice & deſtour

262.0 871.0 662.0 47.0 nent toute extorſion. Ce fondement eſtant poſé, il ne

261.0 902.0 660.0 47.0 chaut pas beaucoup ſi elles ſont differentes ſelõ les po¬

262.0 934.0 662.0 45.0 lices: car cela y eſtãt elles produirõt touſiours leur fruit,

262.0 966.0 661.0 43.0 qui eſt le bien & entretenement de la çõmune ſocieté.

450.0 93.0 289.0 60.0 Eſtat de France

287.0 996.0 637.0 49.0 Or ceux qui n’ont cõpris les choſes politiques que ſu¬

254.0 1028.0 672.0 46.0 perficiellement, ne peuuẽt pas bien iuger pour adreſſer

261.0 1061.0 663.0 46.0 les loix. Il eſt requis premieremẽt les ſcauoir ayãt conu

261.0 1092.0 663.0 45.0 la teneur des anciẽnes. & cela cõpete aux iuriſconſultes.

260.0 1126.0 666.0 44.0 Il faut auoir experiẽce aux actions ciuiles, & cela cõuiẽt

260.0 1156.0 665.0 42.0 aux bons citoyens, gens de biẽ qui cultiuẽt les loix par

261.0 1186.0 661.0 45.0 obeiſſãce à icelles. Itẽ faut les ſauoir biẽ diſtribuer & ap

261.0 1218.0 663.0 49.0 pliquer à ceux pour leſquels elles ont ſpecialemẽt quel¬

261.0 1252.0 664.0 45.0 que regard: & cela apartient aux philoſophes moraux.

262.0 1281.0 664.0 43.0 Car quant aux loix poſitiues telles ſeront conuenables

261.0 1313.0 665.0 46.0 à vne police qui ne le ſeroyent pas à vne autre. Mais

261.0 1345.0 665.0 44.0 quoy que les loix ſoyent diuerſes, il faut que telle diuer¬

261.0 1375.0 667.0 48.0 ſité conſiſte en choſes indifferentes ſeulement, pourueu

260.0 1409.0 665.0 54.0 qu’elles ſourdent toutes d’equité & ayent leur but à l’vs

127.0 1179.0 119.0 46.0 Ariſt. 1o.

128.0 1215.0 78.0 45.0 ethicq.
