1000 1671
246.0 111.0 302.0 57.0 Sous Charles Ix.

670.0 123.0 75.0 47.0 210

75.0 165.0 666.0 36.0 ture & cõtre toutes loix ſoient loiſibles à vn prince ſou

73.0 193.0 667.0 43.0 uerain:tellement que quand il auroit tué ſon pere, ſa me

73.0 224.0 665.0 42.0 re &ſes enfans: inceſtueuſement comuerſé auec ſa mere,

74.0 254.0 665.0 42.0 ſes filles & ſes ſœurs: forcé filles &femmes de toutes qua

73.0 284.0 667.0 45.0 litez: ſpolié & violẽté qui il luy plairoit: violé tout droit

73.0 323.0 665.0 37.0 de nature & des gens: toutesfois il demeureroit impu¬

73.0 350.0 666.0 39.0 ni. Ce qui n’entra iamais en ceruelle d’homme iouiſſant

72.0 380.0 668.0 42.0 de ſens commun. Car puiſque les parricides, inceſtes, ſo¬

72.0 414.0 667.0 41.0 domies & violemens ſont tenus pour eſtre crimes con

71.0 446.0 666.0 38.0 tre Dieu & contre la nature humaine. Il faut qu’vn roy

70.0 474.0 669.0 45.0 ne ſoit pas homme, ains beſte ou diable, ou bien qu’il

69.0 507.0 668.0 45.0 ſoit ſuiet au droit nommé de tout temps droit naturel.

71.0 539.0 667.0 42.0 Les canoniſtes & chicaneurs de Rome, qui ſont ſi grãds

69.0 571.0 668.0 45.0 flateurs de la tyrannie du pape & qui s’eſleuent par deſ¬

68.0 603.0 670.0 40.0 ſus la nature humaine & en font vne idole, ont touteſ¬

70.0 634.0 668.0 41.0 fois accordé qu’en certains crimes, comme d’hereſie

70.0 664.0 666.0 42.0 & arts diaboliques il ſeroit en ces cas iuſticiable au con

70.0 694.0 666.0 46.0 cile & puni, par iceluy eſt deſmis de ſa puiſſance, laquel

67.0 727.0 669.0 42.0 le eſt eſleuce par deſſus tous les droits, autoritez, &

69.0 760.0 667.0 44.0 preeminences des Empereurs, Roys & monarques de

67.0 794.0 111.0 35.0 la terre.

83.0 831.0 653.0 36.0 Si les eſtats ne ſe peuuẽt tenir, & qu’vn roy par ſa puiſ

64.0 852.0 670.0 46.0 ſance & force tyrannique empeſche vne telle aſſemblee

67.0 884.0 665.0 46.0 & conoiſſance de cauſe: apres pluſieurs requeſtes, denon

65.0 917.0 664.0 43.0 ciations, proteſtations & declarations ſolennelles, s’il y

64.0 948.0 667.0 44.0 a princes, ſeigneurs, officiers du royaume, nombre de gẽ

65.0 982.0 667.0 44.0 tilſhommes, de toutes ſortes de gens, qui puiſſent en pre

64.0 1011.0 665.0 42.0 nant les armes ſouſtenir vne guerre & reſiſter à la puiſ¬

66.0 1041.0 662.0 47.0 ſance tyrannique de ce Roy, la guerre qu’ils ſont

64.0 1074.0 663.0 47.0 contraints entreprendre pour le falut de la patrie

64.0 1106.0 663.0 45.0 & du bien public, preſuppoſe tacitement vne prece¬

63.0 1135.0 663.0 47.0 dente condemnation telle que deſſus, priuation & ſpo¬

62.0 1166.0 664.0 46.0 liation du titre de Roy, & que ſe nommant tél il

62.0 1199.0 665.0 47.0 n’eſt toutesfois de droit que perſonne priuee & par¬

62.0 1233.0 665.0 47.0 ticulier. Et ne peut eſtre iuſte la guerre entrepriſe par

60.0 1264.0 667.0 44.0 les ſuiets contre le Roy ſans ladite preſuppoſee con¬

60.0 1293.0 667.0 47.0 demnation & priuation. C’eſt donc fauſſement dire

60.0 1327.0 667.0 47.0 que lon fait guerre contre ſon Roy quand vn peuple

62.0 1359.0 665.0 44.0 s’arme contre celuy qui tyranniſe, & duquel la vie

60.0 1390.0 667.0 73.0 & l'aiminiſtration le declairent indigne de ce tant

531.0 1432.0 101.0 44.0 DD 2
