1000 1671
127.0 99.0 167.0 51.0 R.D. LXXIIIT

133.0 1126.0 106.0 50.0 Gen- 4¬

480.0 100.0 274.0 47.0 Eſtat de France

262.0 152.0 668.0 42.0 Outreplus ce que Moyſe fait mention des Geans les ap¬

262.0 179.0 667.0 48.0 pellant les puiſſans qui de tout temps ont eſté gens de

264.0 211.0 665.0 47.0 renom, monſtre bien qu’ils eſtoyent en autorité: &

263.0 242.0 666.0 43.0 notez qu’il eſt dit de tout temps parquoy ſemble bien

263.0 274.0 666.0 47.0 qu’il parle de Cain & des ſiens: Car læ puiſſance qui leur

262.0 304.0 667.0 47.0 eſt attribuee preſuppoſe qu’il y auoit des inferieurs ſou¬

262.0 336.0 667.0 48.0 mis à icelle. On me dira qu’elle eſtoit tyrannique, com¬

262.0 368.0 664.0 46.0 me les hiſtoriens eſcriuẽt de leurs exces & inhumani¬

264.0 402.0 665.0 43.0 tez:ce que i’aduoue, mais c’eſtoit par vne corruption de

265.0 431.0 664.0 46.0 l’ordre legitimement inſtitué. La deſobeiſſance eſt ne ac

265.0 463.0 663.0 44.0 quieſcer aux commandemens de celuy à qui la puiſſan¬

265.0 494.0 662.0 47.0 ce appartient de commander. Moyſe dit que la terre e¬

265.0 529.0 662.0 43.0 ſtoit pleine d’ex torſion, c’eſt que tout droit eſtoit violé.

265.0 557.0 664.0 42.0 S. Iude à ce propos fait vne deſcription des meſchance¬

267.0 588.0 662.0 46.0 tez de ceux de ſon temps leſquels il compare à ceux cõ¬

266.0 620.0 664.0 47.0 tre leſquels Enoc ſeptieſme homme apres Adam pro¬

268.0 652.0 662.0 44.0 phetiſa, ainſi que faiſoit Noé commandant & exhor¬

268.0 682.0 661.0 46.0 tant au nom de Dieu, mais ç’à eſté (comme il eſt dit) à

268.0 715.0 662.0 47.0 des rebelles à Dieu & à ſes ordonnances commiſes à ſes

267.0 749.0 328.0 44.0 ſeruiteurs pour les publier.

298.0 786.0 633.0 39.0 Il appert donc par ce qui a eſté dit qu’il y auoit exerci

268.0 808.0 662.0 47.0 ce des puiſſances tant œconomique, ciuile que eccleſia¬

268.0 841.0 663.0 45.0 ſtique, & outre cela y auoit la puiſſance tyrannique qui

268.0 871.0 662.0 46.0 auoit lieu par violence faiſant contre le droit. Mais il

271.0 902.0 660.0 46.0 ſemble bien que les fideles s’adonnoyent plus à l’exer¬

272.0 932.0 659.0 45.0 cice de la ſacrificature, pratiquãs plus la iuriſdiction ec¬

272.0 962.0 659.0 49.0 cleſiaſtique qu’autre, & toutesfois il falloit qu’ils vſaſ¬

273.0 996.0 660.0 48.0 ſent de la ciuile, ſoit à commander, ſoit à obeir à ceux

272.0 1031.0 659.0 42.0 qui l’auoyent vſurpee: car elle eſt de droit naturel, & la

272.0 1058.0 660.0 50.0 pratique la demonſtre auoir eſté perpetuelle. Iabel fils

271.0 1089.0 662.0 49.0 de Lamech fut pere (dit l’Eſcriture) des paſteurs & des

271.0 1121.0 663.0 45.0 hab itans des tentes: Iubal ſon frere fut auteur de muſi¬

272.0 1152.0 661.0 46.0 que. Thubalcain ſon autre frere inuenta l’art de forger.

273.0 1184.0 661.0 48.0 Qui doute qu’en ces arts & inuentions il n’y euſt de la

271.0 1217.0 661.0 47.0 diſcipline, de laquelle ceux cy qui ſont dits peres & au¬

270.0 1245.0 663.0 48.0 teurs n’euſſent la ſuperintendence? & qu’ils ne fuſſent

270.0 1279.0 662.0 48.0 reconus comme bienfaiteurs enuers la republique? Il y

271.0 1308.0 661.0 52.0 eut loy eſtablie de ne tuer Cain, & punition pour celuy

271.0 1340.0 663.0 52.0 qui le feroit, & partant luy fut donné ſigne, pource que

271.0 1375.0 664.0 54.0 Dieu le vouloit punir par vne vie pire que la mort. On

873.0 1408.0 59.0 45.0 dira
