1000 1671
73.0 148.0 667.0 33.0 ſonde fuſt reduit ſous vn meſme gouuernement, afin

70.0 175.0 670.0 38.0 de viure en paix ſous les loix d’vn meſme chef, qui n’au¬

70.0 209.0 670.0 40.0 roit à debattre aueoperſonne: en quoy s’ils euſſent dit ve

70.0 240.0 670.0 38.0 rité ils l’euſſent payé de bonne raiſon, mais le contraire

70.0 290.0 236.0 16.0 citoit aflez patcit.

218.0 95.0 299.0 49.0 Sous Charlesix.

753.0 408.0 127.0 54.0 En l’inſtitu¬

747.0 451.0 134.0 41.0 tion du Prin

746.0 488.0 26.0 38.0 ce.

746.0 509.0 134.0 53.0 Ciceron au 3

752.0 547.0 58.0 57.0 le off.

78.0 300.0 657.0 45.0 Or la puiſſance ſouueraine fait ſouuẽt tort à pluſieurs

71.0 337.0 664.0 40.0 particuliers pour maintenir ſa grandeur: mais la choſe

70.0 365.0 665.0 42.0 eſt rendue iuſte qui de ſoy eſt inique, lors qu’elle tend à

70.0 396.0 668.0 42.0 l’vtilité publicque: car en cela giſt la ſouueraine equité.

68.0 426.0 667.0 41.0 Et en ce ſens autresfois Plutarque a dit que s’il eſtoit

68.0 459.0 671.0 40.0 queſtion d’accomplir toutes les eſpeces de iuſtice, lupi¬

68.0 490.0 668.0 44.0 ter meſme ne pourroit pas en ce cas eſtre prince. Il eſt

68.0 524.0 668.0 38.0 dit que iuſtice eſt la royne des vertus. Et pourtant preſi¬

69.0 559.0 670.0 39.0 de elle ſur les autres. L’homme qui en ſera amy aura di¬

71.0 594.0 670.0 35.0 ſcretion & iugement en toutes choſes bõnes, & iugera

71.0 618.0 674.0 44.0 quelle choſe eſt honneſte & quelle non, tant par ſoymeſ

70.0 651.0 671.0 40.0 mes que par raiſon des circonſtances: & rien n’eſt deſira

71.0 683.0 669.0 39.0 ble pour raiſon de ſoymeſmes excepté ſeulement ce qui

72.0 712.0 667.0 39.0 eſt honneſte: & ceux qui deſirent ce qui eſt vtile ſeparé

70.0 746.0 670.0 38.0 de ce qui eſt honneſte rirent toutes ſortes de maux par

72.0 775.0 668.0 40.0 vne cupidité de richeſſes & ambition de ſeigneuries, qui

70.0 808.0 669.0 40.0 eſt vn mal ſus tous le plus cruel & vilain. Ils voyẽt & cõ¬

70.0 842.0 667.0 36.0 ſiderent par iugemens faux les proufits & eſmolumens

71.0 869.0 666.0 40.0 des choſes, ſans conſiderer la peine des loix ou celle de

70.0 904.0 667.0 40.0 diffame, qui eſt pire. Iuſtice reprime ces choſes: car, com

69.0 938.0 664.0 39.0 me dit Cicerõ, elle fait qu’aucun ne nuiſe ou pourchaſſe

70.0 967.0 664.0 41.0 mal à autruy, y mettant ceſte exception, s’il n’eſt prouo¬

72.0 1001.0 663.0 35.0 qué par tort ou iniure à luy faite: que lon vſe des choſes

70.0 1028.0 666.0 44.0 communes comme communes, ſans ſe les aproprier, &

70.0 1060.0 667.0 42.0 des choſes propres & priuees comme ſiẽnes, pour en e¬

67.0 1093.0 676.0 44.0 x ercer beneficẽce. Il y a tant de ſages propos mis en a¬

70.0 1128.0 665.0 37.0 uant par ceſt excellent orateur, concernans ceſte matie¬

70.0 1155.0 666.0 39.0 re, qu’on n’en verroit quaſi la fin qui voudroit dire ce

70.0 1188.0 664.0 42.0 qu’il en enſeigne. Mais en ſomme il conclud que com¬

69.0 1218.0 666.0 43.0 me de la iuſtice morale ſourdent les autres eſpeces de iu¬

68.0 1250.0 667.0 39.0 ſtice, auſſi la ſource de toutes deceptions, circonuen¬

68.0 1279.0 664.0 47.0 tions, & iniuſtice, c’eſt intemperance & la ſeparation

69.0 1313.0 667.0 43.0 d’vtilité d’auec honneſteté, qui neãtmoins ſont naturel¬

69.0 1343.0 667.0 45.0 lemẽt coniointes: car l’homme cupide n’eſt iamais con¬

68.0 1375.0 667.0 57.0 tent, & en veut auoir à quelque prix que ce ſoit, ſans en

749.0 921.0 124.0 77.0 Aurdeseft.

675.0 105.0 56.0 45.0 193

743.0 291.0 125.0 32.0 Ciceron au

743.0 317.0 138.0 45.0 dialog. de l’a

743.0 357.0 67.0 35.0 mitié.

165.0 1416.0 143.0 42.0 1I. volume.

585.0 1415.0 54.0 42.0 BB
