1000 1671
118.0 97.0 161.0 70.0 u DAexιIit

257.0 145.0 662.0 48.0 que l’on reſtitue à chaſcũ ce qui luy apartiẽt: toutesfon

258.0 173.0 662.0 49.0 le droit humain legal & poſitif ne conſent point que

257.0 204.0 663.0 51.0 l’on rende le glaiue à vn furieux. Il veut que le meur¬

256.0 236.0 664.0 49.0 trier & le larron ſoyent punis: mais la qualité & quanti¬

256.0 267.0 664.0 51.0 ré de la punition ſont diſpenſees comme deſſus, à con¬

256.0 297.0 666.0 52.0 dition toutesfois que lon ne s’eſcarte point de ce prin¬

257.0 328.0 665.0 55.0 cipal bur. Ce qu’on appelle droit commun ſe pourroit

256.0 361.0 666.0 53.0 dire en certain regard droit naturel: mais quelquesfois

258.0 391.0 664.0 54.0 on appelie ainſi ce qui eſt propre pour vn Royaume, du¬

258.0 426.0 664.0 51.0 quel droit participent toutes les parties d’iceluy: com¬

259.0 455.0 664.0 53.0 me en peuuent eſtre titrees les loix authentiques & ge¬

259.0 488.0 662.0 50.0 nerales, & les couſtumes de temps immemorial obſer¬

260.0 518.0 664.0 53.0 uees, à quoy les autres voyſins ne ſont tenus: cõme lon

261.0 551.0 662.0 51.0 void que les doix Romaines n’aſſuietiſſẽt les autres Roy

259.0 582.0 663.0 47.0 aumes à leur droir ciuil. Aucũs ont voulu maintenir au¬

259.0 612.0 668.0 51.0 tresfois le cõtraire: mais en vain. Car l’ẽpire' vniuerſel ne

259.0 644.0 667.0 49.0 fut iamais ſous l’ẽpereur Romain, & n’eſt choſe qui cõ¬

262.0 678.0 665.0 52.0 pette à creature mortelle, dautant qu’vn hõme ne pour¬

261.0 707.0 668.0 49.0 roit exercer telle adminiſtratiõ au profit public, qui eſt

262.0 746.0 421.0 41.0 le fondement de tous Royaumes.

126.0 869.0 65.0 65.0 rtm.

128.0 1165.0 70.0 40.0 tiq.3.

130.0 1349.0 105.0 41.0 Cie. pour

131.0 1383.0 101.0 41.0 C'uence.

467.0 95.0 274.0 54.0 Eſtat de Francẽ

286.0 781.0 641.0 39.0 Les hommes qui occupent les choſes qu’ils ont pri¬

125.0 801.0 805.0 66.0 De la preſuez ſes par force alleguẽt ceſte longue poſſeſſion eſtre droir

268.0 834.0 661.0 51.0 ce qui ſe receuroit aucunement quant aux choſes fami¬

263.0 866.0 665.0 53.0 lieres, mais quant à la puiſſance qui s’vſurpe ſur les peu¬

269.0 897.0 662.0 54.0 ples, qui ne reſpond à l’vtilité publique, il n’y peut auoir

267.0 929.0 665.0 48.0 aroit ne preſcription. Car ſi le droit equitable & les loix

267.0 960.0 666.0 51.0 naturelles n’autoriſẽt la principauté, & qu’il n’y ait que

267.0 991.0 667.0 53.0 la force & dexterité de conquerir qui la confere, il faut

267.0 1023.0 668.0 52.0 cõclure que le droit de dominer conſiſte en la force? ce

267.0 1054.0 668.0 49.0 qui eſt toralemẽt faux; dautant que la force n’eſt iamais

268.0 1086.0 667.0 53.0 legitime, ſi ce n’eſt à repouſſer vne violẽce iniuſte. Mais

129.0 1115.0 807.0 61.0 Ariſt. poli-aux choſes ſingulieres le iugement en eſt defferé au

268.0 1150.0 666.0 53.0 prince. Il apartient donc au prince de conſtruire la loy

269.0 1179.0 669.0 54.0 par treſiuſte ſentẽce & d’ordonner ſelon equité ce qu’el

268.0 1212.0 667.0 50.0 le obmet & la peut muer du conſentement du peuple,

267.0 1244.0 670.0 48.0 mais non ſans neceſſité ou treſeuidente vtilité. Car aux

268.0 1274.0 669.0 49.0 choſes muables elle n’eſt pas immuable, ains, par la di¬

268.0 1307.0 667.0 50.0 uerſité des mœur̈s, couſtumes & occurrences humaines,

270.0 1337.0 669.0 53.0 variable. Le prince y peut ainſi pourueoir à l’eſtablir ou

267.0 1370.0 671.0 67.0 abroger. Mais d’autant que l’entendement & conſeil de

837.0 1404.0 98.0 48.0 la repu¬
