1000 1671
51.0 136.0 663.0 43.0 cir cõcorde, que les richeſſes ne ſoyẽt rauies à qui les poſ

50.0 160.0 665.0 53.0 ſede, & qu’iniure ne ſoit faite aux pauures & impuiſſans:

724.0 129.0 118.0 54.0 Ariſtaus

51.0 197.0 660.0 42.0 ce que faiſant il reſpondra à l’intẽtion de ceux qui l’ont

722.0 169.0 124.0 48.0 des Ethiq

56.0 228.0 671.0 44.0 creé. C’eſt en quoy les voleries differẽt des royaumes aſa

721.0 199.0 58.0 48.0 cbic.

53.0 260.0 664.0 45.0 uoir au regime equitable: car la troupe de l’vn & de l’au¬

52.0 293.0 666.0 43.0 tre eſt regie par le ſuperieur, & eſt aſtreinte & li ee par v¬

56.0 322.0 661.0 46.0 ne pactiõ de compagnie. La proye & le biẽ ſont diuiſez

55.0 354.0 662.0 45.0 par la loy de l’accord. C’eſt à ce propos qu’vn pirate reſ¬

52.0 385.0 665.0 42.0 pondit à Alexãdre le grãd, qui luy demãdoit qu’elle meſ

51.0 410.0 664.0 52.0 chãceté luy faiſoit eſcumer la mer auec vn brigãtin. Cel

725.0 384.0 125.0 49.0 Cicerõ au 3

51.0 446.0 667.0 46.0 Ie meſme qui te fait troubler le mõde auec tãt depuiſſan

725.0 409.0 127.0 67.0 de la repué.

51.0 479.0 666.0 45.0 ce: mõſtrãt que l’inuaſiõ que font les princes ambitieüx

51.0 510.0 665.0 50.0 ſur leurs voiſins, ou ſur la liberté des peuples, procedede

54.0 544.0 661.0 45.0 vn courage de voleur. Et pourtant il y a des auteurs qui

50.0 576.0 665.0 43.0 ont nõmé le meſme Alexãdre l’heureux brigãd de la ter

725.0 562.0 110.0 50.0 Lucain au

47.0 607.0 666.0 43.0 re: & à dire le vray c’eſt vne grãde preſomption d’iniuſti

725.0 605.0 66.0 42.0 10.liu.

51.0 636.0 664.0 48.0 ce en l’homme qui deſire tãt la guerre. Car iuſtice & paix

53.0 668.0 660.0 45.0 ſont amies, & pourtãt les loix ſe taiſent entre les armes,

51.0 699.0 664.0 46.0 ce qui s’entend propremẽt des guerres ciuiles, qui empi

50.0 732.0 663.0 45.0 rent les hommes, eſteignent les ſciences, deprauent les

50.0 763.0 664.0 45.0 arts, font ceſſer l’agriculture & le commerce. Mais les

51.0 794.0 663.0 45.0 guerres hoſtiles, qui ſout iuſtes, deſtournent les hõmes

51.0 826.0 663.0 48.0 d’oiſiueté & delices, les duiſent à diſcipline, & les for¬

50.0 860.0 271.0 40.0 ment à magnanimité.

243.0 88.0 296.0 52.0 Sous Charles ix.

649.0 103.0 64.0 37.0 192

79.0 895.0 632.0 37.0 Le premier degré de iuſtice, c’eſt la morale, qui proce

728.0 887.0 122.0 39.0 Prtmier de¬

50.0 916.0 665.0 50.0 de de l’eſprit diuin par vne equité naturelle, de laquelle

721.0 917.0 131.0 61.0 gré de iuſti¬

48.0 952.0 665.0 47.0 decoule la iuſtice legale & pluſieurs parties, cõme la di¬

718.0 956.0 27.0 32.0 ce,

51.0 981.0 662.0 49.0 ſtributiue, cõmutatiue & autres: ſelon ce que les philoſo

50.0 1016.0 664.0 49.0 phes les diuiſent:toutes leſquelles eſpeces ſont compri¬

49.0 1047.0 686.0 49.0 ſes en la iuſtice politique, aſauoir la morale cõme cauſe 5.

725.0 997.0 123.0 82.0 Auſ. Euh

48.0 1076.0 666.0 48.0 ou origine, & les autres cõme effects & dependãces, qui

49.0 1111.0 665.0 45.0 toutes ſe reduiſent en ceſte ci, laquelle eſt ſimplement

47.0 1139.0 667.0 51.0 iuſte, ſans force ne vaine apparẽce. Elle procede de droit

47.0 1172.0 666.0 48.0 qui eſt ordonnãce de Dieu, ou de nature. Par quelques

46.0 1202.0 666.0 50.0 hõmes qui tendẽt au bien publi c, par le movẽ de la com

45.0 1235.0 667.0 49.0 mutation d’ẽtreux & la loy, doit eſtre faite la deſcriptiõ

45.0 1266.0 668.0 48.0 de ce droit, ſoit en penſee, en memoire ou par eſcrit: &

45.0 1296.0 669.0 48.0 ceſte iuſtice eſt, effect & execution de ces choſes qui ont

46.0 1328.0 664.0 48.0 eſté ordonnees pour la vie humaine, & pour obtenir ſuf

44.0 1358.0 666.0 53.0 fiſãce des choſes apartenãtes à ſa neceſſité. C’eſt à ce pro¬

46.0 1391.0 664.0 56.0 pos qu’il eſt dit que celuy qui veut executer iuſtice tend
