1000 1671
57.0 165.0 666.0 36.0 humaines que diuines. Or pour les vnes & les autres il y

57.0 192.0 669.0 40.0 a loix contre les tranſgreſſeurs, qui ſont naturelles, di¬

56.0 220.0 669.0 44.0 uines, humainés &limmuables, deſquelles il faut vſer

57.0 256.0 666.0 39.0 pour faire iugement, & ſur tout en matiere de religion,

56.0 284.0 668.0 43.0 qui eſt le ſouuerain degré de la liberté des Hommes, dau¬

55.0 316.0 490.0 45.0 tant que le but en eſt purement ſpirituel.

229.0 112.0 301.0 47.0 Sous Charles Ix.

728.0 343.0 137.0 40.0 Comment la

85.0 357.0 628.0 32.0 Il n’y a choſe tant pernicieuſe, que de cuider intro

56.0 380.0 663.0 43.0 duire la vraye & parfaite religion par force & contrain¬

56.0 412.0 665.0 39.0 te, ains par raiſon & perſuaſion ſe doyuent les hommes

55.0 443.0 667.0 39.0 inſtruire en la foy, & faut punir les contempteurs & blaſ

56.0 476.0 664.0 41.0 phemateurs. Mais c’eſt quand le prince lira au liure de

54.0 507.0 669.0 43.0 la Loy â luy baillee du ſacrificateur de Dieu, & non pas

57.0 542.0 667.0 41.0 qu’vn prince qui n’a ne Dieu ne Religion entreprenne

54.0 570.0 669.0 43.0 faire par force des religieux. Il fera bien pour vn temps

55.0 604.0 670.0 39.0 des hypocrites comme luy, mais tout ce baſtiment de

55.0 634.0 669.0 43.0 paille s’en yra par le feu. Demoſthenes en ſa2. Philippi¬

56.0 665.0 669.0 38.0 que, monſtre que laprincipale biẽvneillance qu’auoyent

56.0 695.0 666.0 38.0 les Olinthiens enuers Philippe de Macedone, eſtoit

55.0 726.0 667.0 42.0 pource qu’il ne les auoit contraints d’abolir aucunes ce

53.0 760.0 666.0 42.0 remonies de leurReligion. On void, comme Xenophon

53.0 791.0 669.0 38.0 & Quinte Curſe le recitent, que Cyrus & Alexandre ont

53.0 824.0 669.0 42.0 agree aux peuples pource qu’ils ne les ont forcez en leur

53.0 855.0 668.0 38.0 Religion par les armes charnelles. Sous iceux ont veſcu

53.0 885.0 665.0 37.0 les Iuifs, les ſacrificateurs de Babylone & les preſtres de

55.0 918.0 661.0 41.0 Egypte. Ceſar en ſes commentaires fait honnorable mẽ¬

53.0 949.0 663.0 38.0 tion des Druydes de la Gaule: & lon void au contraire

53.0 984.0 662.0 39.0 que le Pape & ſes ſuppoſts ont perdu tout l’Orient &

52.0 1013.0 664.0 42.0 bonne partie de l’Europe pour vouloir aſſuiettir les con

51.0 1044.0 664.0 42.0 ſciences qui ne ſe ployent ne par fer ne par force. Cela

52.0 1074.0 662.0 40.0 eſt le comble de la folie des hommes dõt Dieu ſeul ſait

51.0 1106.0 663.0 43.0 le remede pour la guerir. Il eſt a bien eſperer qu’il aura

52.0 1139.0 660.0 43.0 pitié de ceux qui le font par vn zele religieux, mais preſ¬

51.0 1172.0 660.0 42.0 ques tous le font par malice: & pour tenir vn moyen de

51.0 1204.0 660.0 40.0 regner plus ſeigneurialement & plus ſeurement ſelon

51.0 1235.0 133.0 38.0 leur aduis.

656.0 114.0 68.0 47.0 178

726.0 369.0 139.0 44.0 Religio dois

725.0 403.0 141.0 42.0 eſtre introdui

729.0 437.0 135.0 42.0 te & man¬

727.0 469.0 65.0 35.0 tenue.

78.0 1271.0 633.0 36.0 Or poſé le cas que ceux de cõtraire Religion à la leur

49.0 1296.0 661.0 40.0 fuſſent criminels, ſi eſt-ce que lon doit differer l’effect

49.0 1328.0 661.0 42.0 de la iuſtice, ſelon le temps, les lieux & les perſonnes, &

50.0 1360.0 660.0 42.0 pour la multitude des delinquans faut quelquesfois re¬

49.0 1390.0 660.0 52.0 mettre le tout pour l’eſgard du publie, ſuiuant en cela

559.0 1430.0 64.0 34.0 Z 2
