<?xml version="1.0" encoding="UTF-8"?>
<alto xmlns:xsi="http://www.w3.org/2001/XMLSchema-instance"
      xmlns="http://www.loc.gov/standards/alto/ns-v4#"
      xsi:schemaLocation="http://www.loc.gov/standards/alto/ns-v4# http://www.loc.gov/standards/alto/v4/alto-4-2.xsd">
  <Description>
    <MeasurementUnit>pixel</MeasurementUnit>
    <sourceImageInformation>
      <fileName>1_Discours_politiques_des_diverses_puissances_037.jpg</fileName>
    </sourceImageInformation>
  </Description>
  <Tags>
    <OtherTag ID="BT7" LABEL="CustomZone" DESCRIPTION="block type CustomZone"/><OtherTag ID="BT8" LABEL="DamageZone" DESCRIPTION="block type DamageZone"/><OtherTag ID="BT9" LABEL="DigitizationArtefactZone" DESCRIPTION="block type DigitizationArtefactZone"/><OtherTag ID="BT10" LABEL="DropCapitalZone" DESCRIPTION="block type DropCapitalZone"/><OtherTag ID="BT11" LABEL="GraphicZone" DESCRIPTION="block type GraphicZone"/><OtherTag ID="BT12" LABEL="MainZone" DESCRIPTION="block type MainZone"/><OtherTag ID="BT13" LABEL="MarginTextZone" DESCRIPTION="block type MarginTextZone"/><OtherTag ID="BT14" LABEL="MusicZone" DESCRIPTION="block type MusicZone"/><OtherTag ID="BT15" LABEL="NumberingZone" DESCRIPTION="block type NumberingZone"/><OtherTag ID="BT17" LABEL="QuireMarksZone" DESCRIPTION="block type QuireMarksZone"/><OtherTag ID="BT18" LABEL="RunningTitleZone" DESCRIPTION="block type RunningTitleZone"/><OtherTag ID="BT19" LABEL="SealZone" DESCRIPTION="block type SealZone"/><OtherTag ID="BT20" LABEL="StampZone" DESCRIPTION="block type StampZone"/><OtherTag ID="BT21" LABEL="TableZone" DESCRIPTION="block type TableZone"/><OtherTag ID="BT22" LABEL="TitlePageZone" DESCRIPTION="block type TitlePageZone"/><OtherTag ID="BT100006" LABEL="MainZone-Continued" DESCRIPTION="block type MainZone-Continued"/><OtherTag ID="BT100009" LABEL="MarginTextZone-Notes" DESCRIPTION="block type MarginTextZone-Notes"/><OtherTag ID="BT100005" LABEL="MainZone-P" DESCRIPTION="block type MainZone-P"/><OtherTag ID="BT100002" LABEL="MainZone-Lg" DESCRIPTION="block type MainZone-Lg"/><OtherTag ID="BT100001" LABEL="MainZone-Head" DESCRIPTION="block type MainZone-Head"/>
    <OtherTag ID="LT7" LABEL="CustomLine" DESCRIPTION="line type CustomLine"/><OtherTag ID="LT8" LABEL="DefaultLine" DESCRIPTION="line type DefaultLine"/><OtherTag ID="LT9" LABEL="DropCapitalLine" DESCRIPTION="line type DropCapitalLine"/><OtherTag ID="LT10" LABEL="HeadingLine" DESCRIPTION="line type HeadingLine"/><OtherTag ID="LT11" LABEL="InterlinearLine" DESCRIPTION="line type InterlinearLine"/><OtherTag ID="LT12" LABEL="MusicLine" DESCRIPTION="line type MusicLine"/><OtherTag ID="LT951" LABEL="default" DESCRIPTION="line type default"/>
  </Tags>
  <Layout>
    <Page WIDTH="1000"
          HEIGHT="1671"
          PHYSICAL_IMG_NR="52"
          ID="eSc_dummypage_">
      <PrintSpace HPOS="0"
                  VPOS="0"
                  WIDTH="1000"
                  HEIGHT="1671">
        <TextBlock HPOS="748.0"
                   VPOS="423.0"
                   WIDTH="121.0"
                   HEIGHT="52.0"
                   ID="eSc_textblock_4e524623-ea42-4717-a81d-385e5e6ec6b1"
                   TAGREFS="BT100009">
          <Shape><Polygon POINTS="869 423 869 475 748 475 748 423"/></Shape>
          <TextLine ID="eSc_line_eSc_line_ce341bc3"
                    TAGREFS="LT8"
                    BASELINE="754 456 772 453 864 452" 
                    HPOS="753.0"
                    VPOS="412.0"
                    WIDTH="110.0"
                    HEIGHT="67.0">
            <Shape><Polygon POINTS="753 455 753 479 862 472 863 451 860 413 823 412 821 412 820 412 818 412 803 421 753 417 753 455"/></Shape>
            <String CONTENT="CieLoffie."
                    HPOS="753.0"
                    VPOS="412.0"
                    WIDTH="110.0"
                    HEIGHT="67.0"
                    WC="0.939493614435196"></String>
          </TextLine>
        </TextBlock>
        <TextBlock HPOS="80.0"
                   VPOS="152.0"
                   WIDTH="674.0"
                   HEIGHT="948.0"
                   ID="eSc_textblock_8f308bda-43e1-4ad6-a4d2-c3b5ef7e2bd8"
                   TAGREFS="BT100006">
          <Shape><Polygon POINTS="747 152 754 1096 82 1100 80 153"/></Shape>
          <TextLine ID="eSc_line_bd805096-73e0-4f99-b619-e68b0d01d122"
                    TAGREFS="LT8"
                    BASELINE="78 185 746 177" 
                    HPOS="77.0"
                    VPOS="153.0"
                    WIDTH="669.0"
                    HEIGHT="42.0">
            <Shape><Polygon POINTS="737 153 727 153 718 153 709 153 700 153 690 153 681 153 672 153 662 153 653 153 644 153 635 153 629 153 625 154 621 153 616 153 607 153 597 153 588 153 579 153 575 153 570 155 565 153 560 153 551 153 545 153 545 154 541 153 532 153 523 153 514 153 505 153 495 153 486 153 480 153 447 156 434 153 430 153 421 153 412 153 402 153 393 153 384 153 382 153 372 157 353 153 347 153 337 153 328 153 319 153 318 153 255 157 228 153 227 153 226 153 225 153 225 154 218 159 77 156 78 185 78 195 746 190 746 177 744 153 737 153"/></Shape>
            <String CONTENT="doutes que luy dõne l’iniuſtice qui l’a pouſſé en ſon ad¬"
                    HPOS="77.0"
                    VPOS="153.0"
                    WIDTH="669.0"
                    HEIGHT="42.0"
                    WC="0.9749607908523689"></String>
          </TextLine>
          <TextLine ID="eSc_line_5a2c52c4-0bc0-4e09-aef2-412aab78e12b"
                    TAGREFS="LT8"
                    BASELINE="79 216 745 208" 
                    HPOS="79.0"
                    VPOS="183.0"
                    WIDTH="666.0"
                    HEIGHT="46.0">
            <Shape><Polygon POINTS="79 216 79 225 225 229 226 229 294 223 311 228 311 228 312 228 313 228 333 222 343 227 344 227 345 228 412 228 412 227 456 221 493 226 494 226 495 226 509 220 577 225 578 225 579 225 595 220 706 223 707 223 744 218 745 208 743 187 702 183 701 183 701 183 688 191 656 191 647 184 646 184 645 184 623 184 622 184 621 184 597 191 560 185 559 185 558 185 544 192 525 186 524 186 523 186 522 186 521 186 513 192 508 188 507 188 506 188 506 188 433 193 414 186 413 186 412 186 411 186 410 186 400 194 359 194 328 187 327 187 326 187 310 194 292 188 291 188 290 188 289 188 278 194 258 188 257 188 256 188 255 188 254 188 242 195 221 190 220 190 196 189 195 189 194 189 194 189 183 195 104 190 103 190 103 190 84 195 79 216"/></Shape>
            <String CONTENT="miniſtration. Or les deportemenstyranniques ſe peuuẽt"
                    HPOS="79.0"
                    VPOS="183.0"
                    WIDTH="666.0"
                    HEIGHT="46.0"
                    WC="0.9998326025627278"></String>
          </TextLine>
          <TextLine ID="eSc_line_3832733e-0509-4a70-96a7-8f8c9e8f832a"
                    TAGREFS="LT8"
                    BASELINE="78 248 745 240" 
                    HPOS="77.0"
                    VPOS="214.0"
                    WIDTH="668.0"
                    HEIGHT="45.0">
            <Shape><Polygon POINTS="78 248 78 259 745 249 745 240 744 220 720 214 719 214 718 214 717 214 700 220 675 216 674 216 634 220 623 216 623 216 622 216 595 221 522 216 521 216 520 216 497 222 467 217 467 217 373 225 348 225 341 219 340 219 339 219 338 219 293 224 230 220 229 220 228 220 227 220 220 225 173 220 172 220 171 220 170 220 162 226 107 221 106 221 77 228 78 248"/></Shape>
            <String CONTENT="reduire à trois ſuppoſitions, c’eſt qu’ils font que les ſu¬"
                    HPOS="77.0"
                    VPOS="214.0"
                    WIDTH="668.0"
                    HEIGHT="45.0"
                    WC="0.9860661774873734"></String>
          </TextLine>
          <TextLine ID="eSc_line_cf3a0858-332c-47a7-9b74-809f10df0dc6"
                    TAGREFS="LT8"
                    BASELINE="80 279 743 272" 
                    HPOS="79.0"
                    VPOS="246.0"
                    WIDTH="664.0"
                    HEIGHT="42.0">
            <Shape><Polygon POINTS="80 279 80 288 742 283 743 272 741 252 660 246 659 246 618 251 585 247 584 247 584 247 583 247 574 253 523 248 522 248 493 254 459 249 458 249 409 256 368 256 363 250 362 250 361 250 333 250 332 250 331 250 330 250 323 256 257 251 256 251 255 251 244 257 79 254 80 279"/></Shape>
            <String CONTENT="iets n’ayent confiance les vns aux autres, qu’ils ſoyent"
                    HPOS="79.0"
                    VPOS="246.0"
                    WIDTH="664.0"
                    HEIGHT="42.0"
                    WC="0.9934618483696666"></String>
          </TextLine>
          <TextLine ID="eSc_line_9d367e10-0b62-438b-97c4-396df4e6da1e"
                    TAGREFS="LT8"
                    BASELINE="79 311 743 303" 
                    HPOS="79.0"
                    VPOS="277.0"
                    WIDTH="664.0"
                    HEIGHT="44.0">
            <Shape><Polygon POINTS="79 311 79 321 742 315 743 303 740 280 685 283 669 277 668 277 667 277 636 284 610 278 609 278 608 278 593 284 521 279 520 279 519 279 499 286 446 286 431 281 430 281 429 281 428 281 405 286 388 281 387 281 386 281 385 281 372 287 300 282 299 282 298 282 282 288 268 283 267 283 226 283 225 283 194 289 186 284 185 284 184 284 157 284 156 284 84 290 79 311"/></Shape>
            <String CONTENT="impuiſſans &amp; abaiſſez, &amp; la tierce qu’ils ſoyent tellemẽt"
                    HPOS="79.0"
                    VPOS="277.0"
                    WIDTH="664.0"
                    HEIGHT="44.0"
                    WC="0.9982595536215552"></String>
          </TextLine>
          <TextLine ID="eSc_line_74502c41-1247-4746-8ccc-ab403b2b6ee0"
                    TAGREFS="LT8"
                    BASELINE="80 340 743 335" 
                    HPOS="79.0"
                    VPOS="310.0"
                    WIDTH="664.0"
                    HEIGHT="44.0">
            <Shape><Polygon POINTS="80 340 80 349 172 354 173 354 174 354 194 349 212 353 213 353 214 353 308 348 319 352 320 352 321 353 392 353 392 352 393 352 404 348 434 351 435 351 436 351 437 351 444 347 495 351 496 351 535 346 555 350 556 350 557 350 558 350 569 346 741 348 743 335 742 315 730 310 729 310 662 310 662 310 661 310 660 310 650 315 619 311 618 311 617 311 606 316 597 310 596 310 595 310 594 310 593 310 592 310 583 316 567 311 566 311 565 311 564 311 551 316 522 310 521 310 520 310 501 317 455 311 454 311 409 318 354 312 353 312 298 319 233 313 232 313 188 321 102 321 90 314 89 314 88 314 87 314 86 314 79 318 80 340"/></Shape>
            <String CONTENT="ignorans qu’ils ne puiſſent pas exprimer le mal qu’ils"
                    HPOS="79.0"
                    VPOS="310.0"
                    WIDTH="664.0"
                    HEIGHT="44.0"
                    WC="0.9921159799452182"></String>
          </TextLine>
          <TextLine ID="eSc_line_cbd35b38-ceda-4ac2-abc6-b9c41383eba8"
                    TAGREFS="LT8"
                    BASELINE="79 375 745 367" 
                    HPOS="79.0"
                    VPOS="341.0"
                    WIDTH="666.0"
                    HEIGHT="46.0">
            <Shape><Polygon POINTS="79 375 79 387 113 382 161 387 162 387 163 387 185 381 392 384 393 384 430 378 744 379 745 367 743 348 687 348 675 341 674 341 673 341 623 348 578 342 577 342 509 348 475 344 474 344 473 344 461 350 382 350 362 345 361 345 360 345 314 351 307 346 306 346 305 346 258 346 257 346 256 346 240 352 200 347 199 347 198 347 197 347 189 352 145 349 144 349 143 349 142 349 136 354 84 354 79 375"/></Shape>
            <String CONTENT="ſentent. Sainct Gregoire au 12. liure de ſes morales en"
                    HPOS="79.0"
                    VPOS="341.0"
                    WIDTH="666.0"
                    HEIGHT="46.0"
                    WC="0.990232603116469"></String>
          </TextLine>
          <TextLine ID="eSc_line_e6b08a6c-5c07-4847-b9f2-269a26bd58d9"
                    TAGREFS="LT8"
                    BASELINE="81 404 745 399" 
                    HPOS="80.0"
                    VPOS="374.0"
                    WIDTH="665.0"
                    HEIGHT="42.0">
            <Shape><Polygon POINTS="81 404 81 413 301 416 302 416 459 410 744 410 745 399 743 379 634 374 633 374 574 380 554 375 553 375 552 375 551 375 531 380 465 375 464 375 463 375 450 381 400 376 399 376 398 376 397 376 391 382 329 382 302 376 301 376 300 376 281 384 114 384 101 378 100 378 99 378 80 382 81 404"/></Shape>
            <String CONTENT="vn mot comprend tout cela, c’eſt que cela ſe faict par le"
                    HPOS="80.0"
                    VPOS="374.0"
                    WIDTH="665.0"
                    HEIGHT="42.0"
                    WC="0.9813185647914284"></String>
          </TextLine>
          <TextLine ID="eSc_line_2da86599-fbbb-4cbc-89b1-6163aa5f361e"
                    TAGREFS="LT8"
                    BASELINE="80 436 746 429" 
                    HPOS="79.0"
                    VPOS="407.0"
                    WIDTH="667.0"
                    HEIGHT="41.0">
            <Shape><Polygon POINTS="80 436 80 444 184 448 185 448 186 448 196 442 284 442 290 447 291 447 292 447 293 448 344 448 344 447 387 441 449 446 450 446 514 440 554 445 555 445 556 445 570 440 649 444 649 444 745 438 746 429 744 408 526 407 525 407 486 412 460 407 459 407 416 413 365 408 364 408 363 408 341 414 270 409 269 409 268 409 254 414 175 410 174 410 173 410 157 415 116 411 115 411 79 416 80 436"/></Shape>
            <String CONTENT="tyran aſauoir celuy qui violant le droit gouuerne le peu"
                    HPOS="79.0"
                    VPOS="407.0"
                    WIDTH="667.0"
                    HEIGHT="41.0"
                    WC="0.9775274012769971"></String>
          </TextLine>
          <TextLine ID="eSc_line_72da0909-2c33-46bf-b205-089157410ddc"
                    TAGREFS="LT8"
                    BASELINE="81 468 721 461 744 457" 
                    HPOS="80.0"
                    VPOS="430.0"
                    WIDTH="663.0"
                    HEIGHT="53.0">
            <Shape><Polygon POINTS="582 431 580 431 559 438 456 433 455 433 454 433 423 440 352 434 350 434 349 434 327 442 90 442 80 467 80 483 742 472 743 456 738 430 701 437 583 431 582 431"/></Shape>
            <String CONTENT="ple hors l’equité &amp; la raiſon. Or comme dit Ciceron ſui"
                    HPOS="80.0"
                    VPOS="430.0"
                    WIDTH="663.0"
                    HEIGHT="53.0"
                    WC="0.9900326686246055"></String>
          </TextLine>
          <TextLine ID="eSc_line_dd4bcd54-7c00-48c6-8ec2-ecb4770f137f"
                    TAGREFS="LT8"
                    BASELINE="81 500 746 492" 
                    HPOS="80.0"
                    VPOS="466.0"
                    WIDTH="666.0"
                    HEIGHT="44.0">
            <Shape><Polygon POINTS="81 500 81 510 666 506 667 506 688 502 744 505 746 492 744 472 688 466 687 466 686 466 668 472 615 466 614 466 613 466 596 473 588 467 587 467 586 467 585 467 584 467 566 473 549 467 548 467 547 467 546 467 534 473 526 467 525 467 524 467 523 467 522 467 506 474 485 468 484 468 483 468 482 468 466 474 382 469 381 469 380 469 368 476 305 470 304 470 169 478 155 472 154 472 153 472 152 472 141 477 101 473 100 473 99 473 80 479 81 500"/></Shape>
            <String CONTENT="uant le poëte Ennius, nulle ſaincte ſocieté, foy, ne loy¬"
                    HPOS="80.0"
                    VPOS="466.0"
                    WIDTH="666.0"
                    HEIGHT="44.0"
                    WC="0.9829988742278795"></String>
          </TextLine>
          <TextLine ID="eSc_line_5f44d674-d733-4adc-b7d8-fd4c72471ede"
                    TAGREFS="LT8"
                    BASELINE="82 531 746 522" 
                    HPOS="81.0"
                    VPOS="496.0"
                    WIDTH="665.0"
                    HEIGHT="46.0">
            <Shape><Polygon POINTS="82 531 82 540 320 542 321 542 350 537 376 542 376 542 544 534 731 537 732 537 733 537 746 531 746 522 744 503 685 496 684 496 683 496 669 503 628 498 627 498 585 504 577 498 576 498 575 498 574 498 543 504 527 498 526 498 525 498 524 498 498 505 491 499 490 499 489 499 488 499 438 505 396 500 395 500 394 500 393 500 384 505 350 501 350 501 349 501 348 501 341 507 296 507 114 504 113 504 81 510 82 531"/></Shape>
            <String CONTENT="auté ne demeure en celuy qui taſche à obtenir puiſſan¬"
                    HPOS="81.0"
                    VPOS="496.0"
                    WIDTH="665.0"
                    HEIGHT="46.0"
                    WC="0.9941821364419801"></String>
          </TextLine>
          <TextLine ID="eSc_line_8f9e0076-ff18-4365-a5e2-cbc5900c4175"
                    TAGREFS="LT8"
                    BASELINE="82 564 747 556" 
                    HPOS="81.0"
                    VPOS="530.0"
                    WIDTH="666.0"
                    HEIGHT="48.0">
            <Shape><Polygon POINTS="82 564 82 572 135 578 136 578 197 571 223 577 224 577 225 577 226 577 234 570 280 576 281 576 282 576 283 576 288 570 348 569 376 575 376 575 377 575 378 575 388 569 396 574 397 574 398 574 399 574 437 569 449 574 450 574 451 574 480 568 597 572 598 572 660 571 661 571 684 565 733 570 734 570 735 570 747 564 747 556 745 535 715 530 714 530 577 536 525 531 524 531 523 531 522 531 513 537 491 532 490 532 376 539 312 534 311 534 81 543 82 564"/></Shape>
            <String CONTENT="ce tyrannique parmi le peuple. Les Demagogues font"
                    HPOS="81.0"
                    VPOS="530.0"
                    WIDTH="666.0"
                    HEIGHT="48.0"
                    WC="0.9905449604988098"></String>
          </TextLine>
          <TextLine ID="eSc_line_434eddc2-3428-40c6-8bfb-16dea5a11831"
                    TAGREFS="LT8"
                    BASELINE="81 594 746 587" 
                    HPOS="80.0"
                    VPOS="563.0"
                    WIDTH="666.0"
                    HEIGHT="45.0">
            <Shape><Polygon POINTS="81 594 81 603 158 608 159 608 234 607 235 607 236 607 242 602 265 607 266 607 292 601 343 606 344 606 382 600 441 605 441 605 475 599 745 599 746 587 743 564 636 569 584 563 583 563 555 568 423 565 422 565 421 565 420 565 414 569 380 565 379 565 378 565 377 565 369 570 308 566 307 566 269 572 258 567 257 567 256 567 255 567 243 572 143 568 142 568 142 568 130 572 116 568 116 568 115 568 80 573 81 594"/></Shape>
            <String CONTENT="entendre que le meſpris des loix eſt liberté, &amp; parmy les"
                    HPOS="80.0"
                    VPOS="563.0"
                    WIDTH="666.0"
                    HEIGHT="45.0"
                    WC="0.9869272719169485"></String>
          </TextLine>
          <TextLine ID="eSc_line_a5928a55-eb93-4f9d-a9e7-377f29cf7bb0"
                    TAGREFS="LT8"
                    BASELINE="82 626 746 617" 
                    HPOS="81.0"
                    VPOS="593.0"
                    WIDTH="665.0"
                    HEIGHT="47.0">
            <Shape><Polygon POINTS="82 626 83 640 105 634 150 638 151 638 152 638 172 634 274 637 275 637 276 637 277 637 284 632 297 636 298 636 298 636 299 636 300 636 308 632 396 635 397 635 398 635 417 630 450 634 451 634 495 629 534 634 535 634 573 628 744 629 746 617 743 595 634 598 624 593 623 593 623 593 622 593 621 593 610 597 577 594 576 594 545 600 444 595 443 595 414 601 350 596 349 596 348 596 347 596 337 603 223 598 222 598 221 598 220 598 211 605 170 599 169 599 168 599 147 606 132 600 131 600 130 600 81 600 82 626"/></Shape>
            <String CONTENT="princes cupides, ambitieux ou ignorans, les flateurs les"
                    HPOS="81.0"
                    VPOS="593.0"
                    WIDTH="665.0"
                    HEIGHT="47.0"
                    WC="0.9901305894766536"></String>
          </TextLine>
          <TextLine ID="eSc_line_06ae8031-115e-4594-85f8-0011928c35ef"
                    TAGREFS="LT8"
                    BASELINE="81 657 746 648" 
                    HPOS="80.0"
                    VPOS="623.0"
                    WIDTH="666.0"
                    HEIGHT="47.0">
            <Shape><Polygon POINTS="81 657 81 670 113 666 154 670 155 670 264 664 297 668 298 668 298 668 315 663 367 667 368 667 369 667 389 661 745 660 746 648 744 623 719 623 718 623 717 623 716 623 709 629 688 623 688 623 687 623 625 624 624 624 623 624 617 629 601 624 600 624 599 624 598 624 597 624 587 632 449 633 405 627 404 627 375 634 349 634 342 628 341 628 340 628 309 628 308 628 307 628 291 634 246 629 246 629 245 629 224 635 170 630 169 630 114 635 101 631 100 631 99 631 98 631 80 636 81 657"/></Shape>
            <String CONTENT="mettẽt ſur les loix diſans, Ainſi ie veux &amp; ainſi ie l’ordõ"
                    HPOS="80.0"
                    VPOS="623.0"
                    WIDTH="666.0"
                    HEIGHT="47.0"
                    WC="0.9949969600458615"></String>
          </TextLine>
          <TextLine ID="eSc_line_d2004a2d-c6fe-4280-a88a-fd588c197f3d"
                    TAGREFS="LT8"
                    BASELINE="83 687 748 681" 
                    HPOS="82.0"
                    VPOS="655.0"
                    WIDTH="666.0"
                    HEIGHT="40.0">
            <Shape><Polygon POINTS="83 687 83 695 748 692 748 681 746 658 681 655 680 655 679 655 663 660 644 656 643 656 642 656 601 661 561 656 560 656 559 656 558 656 558 657 552 662 521 657 520 657 477 662 464 657 463 657 462 657 461 657 460 657 449 664 366 664 211 660 210 660 176 666 106 661 105 661 104 661 82 667 83 687"/></Shape>
            <String CONTENT="ne, ma volonté ſoit pour toute loy &amp; raiſon. Ils diſent"
                    HPOS="82.0"
                    VPOS="655.0"
                    WIDTH="666.0"
                    HEIGHT="40.0"
                    WC="0.9886932011161532"></String>
          </TextLine>
          <TextLine ID="eSc_line_f3960793-a956-44e2-8675-f6a26907458b"
                    TAGREFS="LT8"
                    BASELINE="86 718 748 711" 
                    HPOS="85.0"
                    VPOS="686.0"
                    WIDTH="663.0"
                    HEIGHT="46.0">
            <Shape><Polygon POINTS="86 718 86 727 112 732 113 732 153 727 162 732 163 732 164 732 216 726 241 731 242 731 243 731 259 725 314 725 331 730 332 730 333 730 369 725 467 728 468 728 469 728 480 724 548 727 549 727 571 723 658 726 659 726 660 726 661 726 667 721 746 725 748 711 746 690 590 686 589 686 458 692 418 687 417 687 416 687 415 687 408 692 367 688 366 688 236 695 179 690 178 690 177 690 166 696 142 691 142 691 85 697 86 718"/></Shape>
            <String CONTENT="que les loix portent que c’eſt ſacrilege de diſputer de la"
                    HPOS="85.0"
                    VPOS="686.0"
                    WIDTH="663.0"
                    HEIGHT="46.0"
                    WC="0.9855730009490046"></String>
          </TextLine>
          <TextLine ID="eSc_line_e44bf060-c389-47ea-88e0-237f67c0bba1"
                    TAGREFS="LT8"
                    BASELINE="84 751 740 743" 
                    HPOS="83.0"
                    VPOS="717.0"
                    WIDTH="657.0"
                    HEIGHT="46.0">
            <Shape><Polygon POINTS="84 751 84 763 740 755 740 743 739 723 662 717 662 717 661 717 649 723 576 718 575 718 512 724 494 719 493 719 493 719 492 719 480 725 435 725 428 720 427 720 426 720 425 720 424 720 410 725 355 721 354 721 353 721 339 725 311 722 311 722 285 726 275 722 274 722 273 722 186 727 168 723 167 723 166 723 83 729 84 751"/></Shape>
            <String CONTENT="puiſſance du prince, &amp; de reuocquer en doute, ſi celuy"
                    HPOS="83.0"
                    VPOS="717.0"
                    WIDTH="657.0"
                    HEIGHT="46.0"
                    WC="0.992856897689678"></String>
          </TextLine>
          <TextLine ID="eSc_line_ed1e5966-7d48-4854-a5cf-dc5257641872"
                    TAGREFS="LT8"
                    BASELINE="83 782 743 776" 
                    HPOS="82.0"
                    VPOS="748.0"
                    WIDTH="661.0"
                    HEIGHT="48.0">
            <Shape><Polygon POINTS="83 782 83 790 173 796 174 796 205 790 216 795 217 795 218 795 247 790 267 795 268 795 269 795 358 794 359 794 360 794 369 789 454 793 454 793 455 793 456 793 456 792 463 787 499 787 506 792 507 792 508 792 509 792 556 786 584 786 591 791 592 791 593 791 594 791 595 791 610 786 645 791 646 791 699 785 741 789 743 776 739 748 729 753 707 748 706 748 705 748 647 754 633 749 632 749 577 749 576 749 527 755 498 750 497 750 456 756 364 751 363 751 363 751 362 751 362 751 354 757 273 752 272 752 226 758 177 752 176 752 82 759 83 782"/></Shape>
            <String CONTENT="eſt ſuffiſant &amp; digne qui a eſté par luy choiſy &amp;appellé à"
                    HPOS="82.0"
                    VPOS="748.0"
                    WIDTH="661.0"
                    HEIGHT="48.0"
                    WC="0.9808955886324898"></String>
          </TextLine>
          <TextLine ID="eSc_line_46963c50-141b-49d1-856a-217a2510a145"
                    TAGREFS="LT8"
                    BASELINE="83 813 746 805" 
                    HPOS="82.0"
                    VPOS="781.0"
                    WIDTH="664.0"
                    HEIGHT="46.0">
            <Shape><Polygon POINTS="83 813 83 823 163 827 164 827 208 821 245 826 246 826 370 819 389 824 390 824 391 824 392 824 402 819 428 823 429 823 479 818 579 822 580 822 611 816 643 821 644 821 745 815 746 805 744 787 708 782 707 782 644 787 628 781 627 781 626 781 625 781 624 781 618 787 571 782 570 782 543 788 459 783 458 783 457 783 441 789 365 784 364 784 329 791 275 791 256 785 255 785 254 785 211 790 144 787 143 787 142 787 130 792 121 787 120 787 119 787 118 787 82 787 83 813"/></Shape>
            <String CONTENT="ſon ſeruice. Ouy mais c’eſt conſiderant le prince ayant"
                    HPOS="82.0"
                    VPOS="781.0"
                    WIDTH="664.0"
                    HEIGHT="46.0"
                    WC="0.9987729137594049"></String>
          </TextLine>
          <TextLine ID="eSc_line_eb905c4e-1696-4480-9551-0eac6e18caa8"
                    TAGREFS="LT8"
                    BASELINE="83 846 750 838" 
                    HPOS="82.0"
                    VPOS="811.0"
                    WIDTH="668.0"
                    HEIGHT="48.0">
            <Shape><Polygon POINTS="83 846 83 855 155 859 156 859 220 854 227 858 228 858 229 858 230 858 231 858 245 853 281 857 282 857 382 851 452 855 453 855 534 849 572 854 573 854 603 848 622 853 623 853 623 853 624 853 642 848 749 851 750 838 747 811 675 817 623 812 623 812 622 812 599 819 546 819 534 813 533 813 532 813 532 813 508 819 454 816 453 816 419 820 396 815 395 815 394 815 393 815 392 815 384 820 337 816 336 816 335 816 325 820 306 816 305 816 304 816 303 816 288 822 180 817 179 817 142 824 136 818 135 818 134 818 133 818 82 818 83 846"/></Shape>
            <String CONTENT="Ie titre ioint auec l’adminiſtration, &amp; comme l’expoſe"
                    HPOS="82.0"
                    VPOS="811.0"
                    WIDTH="668.0"
                    HEIGHT="48.0"
                    WC="0.993102404806349"></String>
          </TextLine>
          <TextLine ID="eSc_line_ae6cca6f-9f62-466e-a5cf-dee82ae6ccbe"
                    TAGREFS="LT8"
                    BASELINE="86 877 749 869" 
                    HPOS="85.0"
                    VPOS="843.0"
                    WIDTH="664.0"
                    HEIGHT="47.0">
            <Shape><Polygon POINTS="86 877 87 890 106 885 140 889 141 889 748 878 749 869 747 850 672 843 671 843 670 843 658 850 597 844 596 844 534 850 506 845 506 845 505 845 504 845 504 846 497 853 456 853 443 846 442 846 441 846 380 853 352 847 351 847 350 847 332 854 284 854 272 848 271 848 270 848 269 848 259 853 237 849 236 849 235 849 220 855 168 855 85 851 86 877"/></Shape>
            <String CONTENT="Salicet, que c’eſt ayant decreté certaine choſe en l’auto¬"
                    HPOS="85.0"
                    VPOS="843.0"
                    WIDTH="664.0"
                    HEIGHT="47.0"
                    WC="0.9942557417740256"></String>
          </TextLine>
          <TextLine ID="eSc_line_f271fd50-b92b-44a7-9b21-cd29aa0ef26d"
                    TAGREFS="LT8"
                    BASELINE="85 908 750 901" 
                    HPOS="84.0"
                    VPOS="874.0"
                    WIDTH="666.0"
                    HEIGHT="48.0">
            <Shape><Polygon POINTS="85 908 85 916 150 922 151 922 152 922 178 916 201 921 202 921 203 921 255 915 263 920 264 920 265 920 266 920 292 915 324 919 324 919 325 919 343 913 500 912 537 918 538 918 539 918 556 913 582 918 583 918 681 912 749 915 750 901 748 880 668 874 667 874 666 874 665 874 660 879 599 875 598 875 597 875 580 880 564 876 563 876 562 876 497 881 416 877 415 877 367 882 343 878 342 878 341 878 327 883 168 880 167 880 84 885 85 908"/></Shape>
            <String CONTENT="rité publicque par auis &amp; ſcience. Au ſurplus i’aduoue"
                    HPOS="84.0"
                    VPOS="874.0"
                    WIDTH="666.0"
                    HEIGHT="48.0"
                    WC="0.9864167061719027"></String>
          </TextLine>
          <TextLine ID="eSc_line_70198bab-b60c-447c-8d60-5e5f74dd9358"
                    TAGREFS="LT8"
                    BASELINE="87 940 751 932" 
                    HPOS="86.0"
                    VPOS="907.0"
                    WIDTH="665.0"
                    HEIGHT="46.0">
            <Shape><Polygon POINTS="87 940 87 952 149 948 168 953 168 953 169 953 170 953 182 947 230 952 231 952 262 946 402 950 403 950 404 950 420 945 567 948 568 948 606 943 666 947 667 947 750 941 751 932 749 913 694 907 693 907 665 913 615 908 614 908 613 908 595 913 475 910 474 910 473 910 472 910 467 915 401 911 400 911 399 911 398 911 390 916 354 911 353 911 352 911 333 917 295 912 294 912 239 913 238 913 237 913 232 918 86 915 87 940"/></Shape>
            <String CONTENT="bien que qui reuocqueroit en doute ſi le Roy auroit"
                    HPOS="86.0"
                    VPOS="907.0"
                    WIDTH="665.0"
                    HEIGHT="46.0"
                    WC="0.9996124774801964"></String>
          </TextLine>
          <TextLine ID="eSc_line_21e9047f-62e7-494b-a30f-f072179cf8d0"
                    TAGREFS="LT8"
                    BASELINE="88 971 751 964" 
                    HPOS="87.0"
                    VPOS="938.0"
                    WIDTH="664.0"
                    HEIGHT="48.0">
            <Shape><Polygon POINTS="88 971 89 986 109 980 237 984 238 984 239 984 262 978 352 983 353 983 441 976 497 982 498 982 529 975 549 981 550 981 551 981 642 980 643 980 644 980 652 974 749 979 751 964 749 943 700 938 699 938 626 945 620 939 619 939 618 939 597 939 596 939 595 939 571 946 516 946 458 941 457 941 456 941 438 946 419 941 418 941 417 941 416 941 402 948 336 948 329 943 328 943 327 943 326 943 294 948 253 943 252 943 251 943 250 943 250 944 243 950 165 950 156 945 155 945 155 945 124 945 123 945 87 951 88 971"/></Shape>
            <String CONTENT="puiſſance, qu’vn tel ſeroit ſacrilege: mais de conoiſtre"
                    HPOS="87.0"
                    VPOS="938.0"
                    WIDTH="664.0"
                    HEIGHT="48.0"
                    WC="0.9816426262259483"></String>
          </TextLine>
          <TextLine ID="eSc_line_abc98c11-1de0-40a5-bae4-6ec52bec8f88"
                    TAGREFS="LT8"
                    BASELINE="89 1002 751 995" 
                    HPOS="88.0"
                    VPOS="970.0"
                    WIDTH="663.0"
                    HEIGHT="47.0">
            <Shape><Polygon POINTS="89 1002 89 1012 159 1017 160 1017 161 1017 173 1011 217 1011 253 1016 254 1016 255 1016 274 1010 363 1010 398 1014 399 1014 400 1014 422 1009 494 1013 495 1013 584 1007 597 1011 597 1011 598 1011 700 1007 749 1010 751 995 749 975 667 970 666 970 630 975 622 970 621 970 620 970 619 970 584 976 559 971 558 971 558 971 557 971 541 976 419 971 418 971 417 971 416 971 406 978 371 972 370 972 369 972 355 978 337 972 337 972 336 972 302 973 301 973 300 973 294 980 265 980 256 973 255 973 254 973 253 973 252 973 236 978 171 974 170 974 88 979 89 1002"/></Shape>
            <String CONTENT="quelle &amp; iuſques où elle s’eſtend, cela appartient au"
                    HPOS="88.0"
                    VPOS="970.0"
                    WIDTH="663.0"
                    HEIGHT="47.0"
                    WC="0.986519557458383"></String>
          </TextLine>
          <TextLine ID="eSc_line_bc6d55fd-1f44-4eea-ba3e-a4dd7c680bc6"
                    TAGREFS="LT8"
                    BASELINE="89 1033 751 1026" 
                    HPOS="88.0"
                    VPOS="1001.0"
                    WIDTH="663.0"
                    HEIGHT="47.0">
            <Shape><Polygon POINTS="89 1033 89 1047 168 1043 177 1048 178 1048 179 1048 180 1048 181 1048 181 1047 186 1042 233 1047 234 1047 287 1041 370 1045 371 1045 372 1045 373 1045 373 1044 374 1044 376 1040 460 1045 461 1045 498 1039 530 1044 531 1044 561 1038 654 1043 655 1043 688 1037 726 1042 727 1042 750 1036 751 1026 749 1005 731 1001 730 1001 729 1001 728 1001 722 1008 699 1008 665 1001 664 1001 663 1001 662 1001 651 1009 607 1009 562 1002 561 1002 560 1002 559 1002 553 1008 495 1009 474 1003 473 1003 472 1003 471 1003 446 1010 432 1004 431 1004 430 1004 404 1009 277 1005 276 1005 275 1005 258 1011 201 1006 200 1006 88 1013 89 1033"/></Shape>
            <String CONTENT="corps de la multitude des citoyens qui l’ont creé, ou à"
                    HPOS="88.0"
                    VPOS="1001.0"
                    WIDTH="663.0"
                    HEIGHT="47.0"
                    WC="0.9927855907825002"></String>
          </TextLine>
          <TextLine ID="eSc_line_481b00b4-7605-4a93-b725-25dc57caa2c8"
                    TAGREFS="LT8"
                    BASELINE="89 1064 751 1059" 
                    HPOS="88.0"
                    VPOS="1034.0"
                    WIDTH="663.0"
                    HEIGHT="46.0">
            <Shape><Polygon POINTS="89 1064 89 1075 128 1075 149 1080 150 1080 151 1080 152 1080 174 1075 192 1080 193 1080 194 1080 194 1080 210 1075 267 1079 268 1079 356 1074 362 1078 363 1078 363 1078 364 1079 419 1079 419 1078 455 1074 494 1077 495 1077 532 1071 589 1075 590 1075 591 1075 592 1075 597 1071 631 1076 632 1076 662 1070 749 1075 751 1059 750 1039 738 1034 737 1034 736 1034 632 1039 544 1035 543 1035 542 1035 528 1040 516 1036 515 1036 514 1036 391 1041 309 1036 308 1036 272 1042 242 1037 241 1037 129 1043 92 1038 91 1038 90 1038 90 1038 90 1039 89 1039 88 1039 89 1064"/></Shape>
            <String CONTENT="leurs deputez, &amp; ne ſont pas pour cela ſacrileges comme"
                    HPOS="88.0"
                    VPOS="1034.0"
                    WIDTH="663.0"
                    HEIGHT="46.0"
                    WC="0.989521714774045"></String>
          </TextLine>
          <TextLine ID="eSc_line_f00bbb59-55d2-42e4-a351-e2f410196e49"
                    TAGREFS="LT8"
                    BASELINE="90 1096 220 1096" 
                    HPOS="90.0"
                    VPOS="1069.0"
                    WIDTH="130.0"
                    HEIGHT="40.0">
            <Shape><Polygon POINTS="90 1096 90 1107 219 1109 220 1096 220 1077 90 1069 90 1096"/></Shape>
            <String CONTENT="il ſe verra."
                    HPOS="90.0"
                    VPOS="1069.0"
                    WIDTH="130.0"
                    HEIGHT="40.0"
                    WC="0.9880131880442301"></String>
          </TextLine>
        </TextBlock>
        <TextBlock HPOS="258.0"
                   VPOS="104.0"
                   WIDTH="279.0"
                   HEIGHT="49.0"
                   ID="eSc_textblock_316f2f6d-7825-4e4f-b79f-0625b55c434d"
                   TAGREFS="BT18">
          <Shape><Polygon POINTS="537 104 537 153 258 153 258 104"/></Shape>
          <TextLine ID="eSc_line_f740fe76-d73d-453c-bdcc-a5145e9a5446"
                    TAGREFS="LT8"
                    BASELINE="257 144 545 141" 
                    HPOS="257.0"
                    VPOS="103.0"
                    WIDTH="288.0"
                    HEIGHT="54.0">
            <Shape><Polygon POINTS="451 103 441 103 432 103 423 103 414 103 404 103 395 103 386 103 376 103 367 103 366 103 342 113 296 109 295 109 294 109 293 109 293 110 283 120 261 120 257 144 257 154 392 157 393 157 545 150 545 141 545 117 509 108 508 108 507 108 479 114 462 113 453 103 451 103"/></Shape>
            <String CONTENT="Sous Charles IxX."
                    HPOS="257.0"
                    VPOS="103.0"
                    WIDTH="288.0"
                    HEIGHT="54.0"
                    WC="0.9758203871109906"></String>
          </TextLine>
        </TextBlock>
        <TextBlock HPOS="681.0"
                   VPOS="104.0"
                   WIDTH="70.0"
                   HEIGHT="46.0"
                   ID="eSc_textblock_884cce2d-b591-431b-b5d2-bfc3bd8daf9c"
                   TAGREFS="BT15">
          <Shape><Polygon POINTS="751 104 751 150 681 150 681 104"/></Shape>
          <TextLine ID="eSc_line_85432502-a989-43eb-98ae-2ed9678e8009"
                    TAGREFS="LT8"
                    BASELINE="679 138 746 136" 
                    HPOS="679.0"
                    VPOS="103.0"
                    WIDTH="67.0"
                    HEIGHT="46.0">
            <Shape><Polygon POINTS="742 103 733 103 724 103 714 103 708 103 697 113 684 113 679 138 679 149 746 148 746 136 744 103 742 103"/></Shape>
            <String CONTENT="166"
                    HPOS="679.0"
                    VPOS="103.0"
                    WIDTH="67.0"
                    HEIGHT="46.0"
                    WC="0.9999982515970866"></String>
          </TextLine>
        </TextBlock>
        <TextBlock HPOS="750.0"
                   VPOS="727.0"
                   WIDTH="140.0"
                   HEIGHT="76.0"
                   ID="eSc_textblock_fa56274a-6642-4877-85df-e5e7235d5a5f"
                   TAGREFS="BT100009">
          <Shape><Polygon POINTS="890 727 890 803 750 803 750 727"/></Shape>
          <TextLine ID="eSc_line_e38d104a-e2bf-473f-aafa-350b4c37dc55"
                    TAGREFS="LT8"
                    BASELINE="752 753 883 757" 
                    HPOS="751.0"
                    VPOS="729.0"
                    WIDTH="132.0"
                    HEIGHT="48.0">
            <Shape><Polygon POINTS="752 753 751 773 844 772 865 777 866 777 867 777 868 777 883 772 883 757 883 734 752 729 752 753"/></Shape>
            <String CONTENT="Cod.l.19.S."
                    HPOS="751.0"
                    VPOS="729.0"
                    WIDTH="132.0"
                    HEIGHT="48.0"
                    WC="0.9984855272553184"></String>
          </TextLine>
          <TextLine ID="eSc_line_75fdeb44-dbf8-466d-913a-5146e8144d91"
                    TAGREFS="LT8"
                    BASELINE="755 788 787 789" 
                    HPOS="754.0"
                    VPOS="768.0"
                    WIDTH="33.0"
                    HEIGHT="38.0">
            <Shape><Polygon POINTS="755 788 754 804 785 806 787 789 787 771 755 768 755 788"/></Shape>
            <String CONTENT="29."
                    HPOS="754.0"
                    VPOS="768.0"
                    WIDTH="33.0"
                    HEIGHT="38.0"
                    WC="0.9992723266283671"></String>
          </TextLine>
        </TextBlock>
        <TextBlock HPOS="754.0"
                   VPOS="1090.0"
                   WIDTH="140.0"
                   HEIGHT="106.0"
                   ID="eSc_textblock_c11f0c63-5f12-4a68-82f1-1ed22e6b34e3"
                   TAGREFS="BT100009">
          <Shape><Polygon POINTS="894 1090 894 1196 754 1196 754 1090"/></Shape>
          <TextLine ID="eSc_line_eSc_line_996c7809"
                    TAGREFS="LT8"
                    BASELINE="761 1120 870 1114" 
                    HPOS="757.0"
                    VPOS="1084.0"
                    WIDTH="112.0"
                    HEIGHT="50.0">
            <Shape><Polygon POINTS="760 1119 760 1134 869 1123 869 1114 864 1084 757 1084 760 1119"/></Shape>
            <String CONTENT="Qui eſt le"
                    HPOS="757.0"
                    VPOS="1084.0"
                    WIDTH="112.0"
                    HEIGHT="50.0"
                    WC="0.9880698919296265"></String>
          </TextLine>
          <TextLine ID="eSc_line_eSc_line_60653389"
                    TAGREFS="LT8"
                    BASELINE="757 1150 782 1147 888 1144" 
                    HPOS="754.0"
                    VPOS="1122.0"
                    WIDTH="133.0"
                    HEIGHT="42.0">
            <Shape><Polygon POINTS="756 1148 756 1164 887 1154 887 1143 883 1122 754 1126 756 1148"/></Shape>
            <String CONTENT="plus corrom¬"
                    HPOS="754.0"
                    VPOS="1122.0"
                    WIDTH="133.0"
                    HEIGHT="42.0"
                    WC="0.949915274977684"></String>
          </TextLine>
          <TextLine ID="eSc_line_eSc_line_9feb2d93"
                    TAGREFS="LT8"
                    BASELINE="758 1183 804 1178 885 1176" 
                    HPOS="754.0"
                    VPOS="1147.0"
                    WIDTH="130.0"
                    HEIGHT="54.0">
            <Shape><Polygon POINTS="757 1182 757 1201 855 1193 883 1198 884 1175 880 1147 754 1157 757 1182"/></Shape>
            <String CONTENT="pu des tyrãs."
                    HPOS="754.0"
                    VPOS="1147.0"
                    WIDTH="130.0"
                    HEIGHT="54.0"
                    WC="0.9966246954032353"></String>
          </TextLine>
        </TextBlock>
        <TextBlock HPOS="88.0"
                   VPOS="1105.0"
                   WIDTH="669.0"
                   HEIGHT="322.0"
                   ID="eSc_textblock_59add414-2f52-444d-9674-84eff2505066"
                   TAGREFS="BT100005">
          <Shape><Polygon POINTS="757 1105 757 1427 88 1427 88 1105"/></Shape>
          <TextLine ID="eSc_line_92b58402-9b84-45ae-877f-e7767f7cd191"
                    TAGREFS="LT8"
                    BASELINE="117 1127 705 1123 751 1120" 
                    HPOS="115.0"
                    VPOS="1105.0"
                    WIDTH="635.0"
                    HEIGHT="35.0">
            <Shape><Polygon POINTS="742 1105 115 1105 116 1137 669 1140 750 1132 746 1105 742 1105"/></Shape>
            <String CONTENT="Entre toutes les eſpeces de tyrans celuy qui eſt cor¬"
                    HPOS="115.0"
                    VPOS="1105.0"
                    WIDTH="635.0"
                    HEIGHT="35.0"
                    WC="0.999817468085379"></String>
          </TextLine>
          <TextLine ID="eSc_line_91dd807e-bb3a-4bf2-a3f5-7627ad8b68f3"
                    TAGREFS="LT8"
                    BASELINE="88 1157 731 1153 749 1151" 
                    HPOS="86.0"
                    VPOS="1132.0"
                    WIDTH="661.0"
                    HEIGHT="36.0">
            <Shape><Polygon POINTS="87 1155 87 1168 746 1165 747 1150 742 1132 86 1134 87 1155"/></Shape>
            <String CONTENT="rompu par intemperance &amp; mauuaiſes mœurs eſt ſur"
                    HPOS="86.0"
                    VPOS="1132.0"
                    WIDTH="661.0"
                    HEIGHT="36.0"
                    WC="0.9993990908066431"></String>
          </TextLine>
          <TextLine ID="eSc_line_3fe7620e-2d9f-42f8-a3ac-10b0494588f2"
                    TAGREFS="LT8"
                    BASELINE="89 1191 739 1185 749 1184" 
                    HPOS="86.0"
                    VPOS="1159.0"
                    WIDTH="661.0"
                    HEIGHT="42.0">
            <Shape><Polygon POINTS="87 1190 87 1201 746 1197 747 1183 745 1159 86 1161 87 1190"/></Shape>
            <String CONTENT="tous incorrigible: car il s’obſtine tant plus il vit en ſa ma"
                    HPOS="86.0"
                    VPOS="1159.0"
                    WIDTH="661.0"
                    HEIGHT="42.0"
                    WC="0.9982408265598485"></String>
          </TextLine>
          <TextLine ID="eSc_line_c42b1b76-2063-4e01-b0d0-3d26ba2f4546"
                    TAGREFS="LT8"
                    BASELINE="89 1221 751 1217" 
                    HPOS="89.0"
                    VPOS="1191.0"
                    WIDTH="662.0"
                    HEIGHT="44.0">
            <Shape><Polygon POINTS="89 1221 90 1235 110 1230 201 1234 202 1234 233 1230 349 1233 350 1233 350 1233 351 1233 357 1229 421 1232 422 1232 750 1226 751 1217 749 1197 719 1191 718 1191 677 1196 671 1191 670 1191 669 1191 641 1191 640 1191 639 1191 625 1196 620 1191 619 1191 618 1191 617 1191 616 1191 589 1197 552 1191 551 1191 484 1198 467 1192 467 1192 466 1192 465 1192 450 1198 441 1192 440 1192 439 1192 364 1192 363 1192 334 1200 291 1200 278 1193 277 1193 276 1193 275 1193 274 1193 266 1199 220 1194 220 1194 122 1200 107 1194 106 1194 105 1194 104 1194 94 1198 89 1221"/></Shape>
            <String CONTENT="lice: &amp; puis comme c’eſt la couſtume ils ne ſouffrent ia¬"
                    HPOS="89.0"
                    VPOS="1191.0"
                    WIDTH="662.0"
                    HEIGHT="44.0"
                    WC="0.9981661438941956"></String>
          </TextLine>
          <TextLine ID="eSc_line_069adb52-d18d-47c2-b05c-14d0c488580f"
                    TAGREFS="LT8"
                    BASELINE="89 1254 753 1248" 
                    HPOS="89.0"
                    VPOS="1222.0"
                    WIDTH="664.0"
                    HEIGHT="45.0">
            <Shape><Polygon POINTS="89 1254 89 1267 120 1262 173 1266 174 1266 200 1260 752 1257 753 1248 751 1230 645 1222 644 1222 643 1222 632 1228 592 1223 591 1223 590 1223 576 1230 546 1224 545 1224 545 1224 529 1231 418 1232 321 1232 282 1226 281 1226 280 1226 279 1226 272 1232 217 1232 135 1227 134 1227 133 1227 120 1234 93 1234 89 1254"/></Shape>
            <String CONTENT="mais à l’entour d’eux que ceux qui veulent pluſtoſt com"
                    HPOS="89.0"
                    VPOS="1222.0"
                    WIDTH="664.0"
                    HEIGHT="45.0"
                    WC="0.9938293578369277"></String>
          </TextLine>
          <TextLine ID="eSc_line_fba17935-8f4a-4289-8dbd-73efcd264807"
                    TAGREFS="LT8"
                    BASELINE="90 1284 753 1280" 
                    HPOS="89.0"
                    VPOS="1254.0"
                    WIDTH="664.0"
                    HEIGHT="44.0">
            <Shape><Polygon POINTS="90 1284 90 1298 222 1292 273 1296 274 1297 337 1297 337 1296 338 1296 355 1291 370 1295 371 1295 372 1295 407 1291 751 1291 753 1280 750 1256 719 1259 686 1254 685 1254 649 1259 632 1254 631 1254 630 1254 629 1254 616 1260 575 1255 574 1255 573 1255 551 1261 448 1261 435 1256 434 1256 365 1256 364 1256 363 1256 363 1256 351 1263 285 1263 267 1256 266 1256 265 1256 264 1256 247 1262 221 1256 220 1256 220 1256 219 1256 207 1263 115 1257 114 1257 113 1257 89 1264 90 1284"/></Shape>
            <String CONTENT="plaire que ſeruir: &amp;outre les flateurs manifeſtes qui font"
                    HPOS="89.0"
                    VPOS="1254.0"
                    WIDTH="664.0"
                    HEIGHT="44.0"
                    WC="0.9878936481886896"></String>
          </TextLine>
          <TextLine ID="eSc_line_9938fe17-09e4-467b-8e9f-515d726d33fc"
                    TAGREFS="LT8"
                    BASELINE="90 1317 753 1311" 
                    HPOS="90.0"
                    VPOS="1285.0"
                    WIDTH="663.0"
                    HEIGHT="47.0">
            <Shape><Polygon POINTS="90 1317 90 1332 116 1326 169 1331 170 1331 201 1324 240 1324 254 1330 255 1330 256 1331 256 1330 257 1330 271 1323 363 1323 371 1329 372 1329 373 1329 374 1329 422 1322 441 1328 442 1328 443 1328 471 1322 519 1327 519 1328 555 1328 555 1327 556 1327 557 1327 564 1321 600 1327 601 1327 668 1321 675 1326 676 1326 677 1326 678 1326 752 1323 753 1311 751 1288 718 1285 717 1285 716 1285 700 1291 677 1285 676 1285 675 1285 675 1285 674 1285 667 1291 610 1292 600 1286 599 1286 598 1286 597 1286 597 1286 583 1291 566 1286 565 1286 564 1286 563 1286 562 1286 555 1293 531 1293 518 1287 517 1287 516 1287 515 1287 514 1287 506 1293 488 1287 487 1287 486 1287 485 1287 475 1293 468 1287 467 1287 467 1287 432 1287 431 1287 430 1287 411 1294 405 1288 404 1288 403 1288 356 1288 355 1288 354 1288 339 1294 324 1288 324 1288 323 1288 322 1288 309 1295 200 1289 199 1289 198 1289 181 1295 108 1290 107 1290 106 1290 90 1295 90 1317"/></Shape>
            <String CONTENT="de vice vertu:ce qui eſt plus à pleindre, c’eſt que les prin"
                    HPOS="90.0"
                    VPOS="1285.0"
                    WIDTH="663.0"
                    HEIGHT="47.0"
                    WC="0.9837183297657576"></String>
          </TextLine>
          <TextLine ID="eSc_line_c03eab63-1848-46a5-8491-a948229e047a"
                    TAGREFS="LT8"
                    BASELINE="90 1347 753 1343" 
                    HPOS="90.0"
                    VPOS="1318.0"
                    WIDTH="663.0"
                    HEIGHT="42.0">
            <Shape><Polygon POINTS="90 1347 90 1360 255 1355 346 1360 347 1360 370 1355 388 1360 389 1360 389 1360 425 1354 441 1359 441 1359 442 1359 476 1354 550 1359 551 1359 591 1353 752 1357 753 1343 750 1321 686 1323 674 1318 673 1318 672 1318 601 1323 587 1318 586 1318 585 1318 507 1324 485 1319 484 1319 483 1319 450 1324 421 1319 420 1319 358 1325 325 1320 324 1320 324 1320 323 1320 315 1325 231 1321 230 1321 205 1326 175 1321 174 1321 143 1326 110 1321 109 1321 108 1321 90 1327 90 1347"/></Shape>
            <String CONTENT="cipaux hommes de la republique &amp; qui ſont comme les"
                    HPOS="90.0"
                    VPOS="1318.0"
                    WIDTH="663.0"
                    HEIGHT="42.0"
                    WC="0.9942134268143598"></String>
          </TextLine>
          <TextLine ID="eSc_line_7536acf1-0d80-4b74-912f-5e0e47f547ca"
                    TAGREFS="LT8"
                    BASELINE="90 1380 751 1374" 
                    HPOS="90.0"
                    VPOS="1347.0"
                    WIDTH="661.0"
                    HEIGHT="41.0">
            <Shape><Polygon POINTS="90 1380 90 1388 750 1383 751 1374 750 1353 738 1347 737 1347 736 1347 638 1353 603 1348 602 1348 529 1354 475 1349 474 1349 445 1354 434 1349 433 1349 432 1349 385 1355 375 1350 374 1350 311 1350 310 1350 284 1356 90 1356 90 1380"/></Shape>
            <String CONTENT="Iumieres d’icelle ſe laiſſent aller à vne certaine conniuẽ¬"
                    HPOS="90.0"
                    VPOS="1347.0"
                    WIDTH="661.0"
                    HEIGHT="41.0"
                    WC="0.9878592344581104"></String>
          </TextLine>
          <TextLine ID="eSc_line_75b957da-3ef3-4df0-b119-54db34535297"
                    TAGREFS="LT8"
                    BASELINE="90 1411 749 1406" 
                    HPOS="90.0"
                    VPOS="1379.0"
                    WIDTH="659.0"
                    HEIGHT="55.0">
            <Shape><Polygon POINTS="90 1411 90 1424 116 1434 117 1434 118 1434 221 1428 258 1433 259 1433 259 1433 285 1424 334 1432 335 1432 336 1432 356 1423 395 1423 403 1429 404 1429 405 1429 406 1429 407 1429 425 1423 538 1429 539 1429 586 1422 614 1431 615 1431 616 1431 662 1423 689 1428 690 1428 691 1428 710 1423 748 1429 749 1406 746 1379 644 1384 633 1379 632 1379 631 1379 630 1379 615 1385 487 1380 486 1380 455 1386 370 1381 369 1381 285 1386 270 1382 269 1382 268 1382 220 1387 137 1383 136 1383 90 1388 90 1411"/></Shape>
            <String CONTENT="ce de la tyrannie. Premierement les Theologiens, leſ¬"
                    HPOS="90.0"
                    VPOS="1379.0"
                    WIDTH="659.0"
                    HEIGHT="55.0"
                    WC="0.987286887078915"></String>
          </TextLine>
        </TextBlock>
      </PrintSpace>
    </Page>
  </Layout>
</alto>
