848 1417
61.0 136.0 566.0 43.0 aiſémẽt iuger qu’il entẽdoit des nouuelle faſcheuſes, auſ

62.0 166.0 563.0 40.0 ſi eſtoit-ce l’empriſonnemẽt que luy annonçoit le vicõ¬

62.0 195.0 563.0 38.0 te lequel il pria d’aller vers le Roy obtenir congé que le

60.0 220.0 565.0 42.0 le mareſchal peuſt parler à luy: ce pendant vn des lieu¬

64.0 248.0 561.0 40.0 tenans du viconte mena ledit mareſchal vers le coche,

62.0 275.0 564.0 34.0 & le viconte reuint auſſi toſt, & luy dit que le Roy ne le

64.0 304.0 562.0 37.0 vouloit point voir. Sur ce on ouure la porte du parc où

62.0 329.0 564.0 37.0 le mareſchal entra, & commẽça à oſter vn des crochets

64.0 356.0 562.0 38.0 de ſa ceinture pour mettre ſon eſpee dedans le coche.

64.0 381.0 563.0 41.0 Son ſeruiteur domeſtique le ſuiuoit pas à pas, maugré

64.0 408.0 562.0 43.0 les gardes, & leur demandoit s’ils le voúloyent empeſ¬

64.0 436.0 564.0 38.0 cher de voir ce que lon feroit de ſon maiſtre, duquel il

64.0 462.0 564.0 41.0 approcha pour l’aider à montér dans le coche. Y eſtant

64.0 490.0 564.0 40.0 aſſis, ce ſeruiteur luy demanda par deux fois, monſei¬

65.0 521.0 563.0 34.0 gneur, que vous plait il que ie deuienne? que voulez

66.0 543.0 561.0 40.0 vous faire de moy? Et dautant que le mareſchal ne luy

65.0 569.0 564.0 41.0 reſpondoit rien, il adiouſta, monſeigneur, trouueriez

68.0 597.0 561.0 37.0 vous pas bon de faire aduertir madame de voſtre em¬

66.0 621.0 559.0 43.0 priſonnement? mais le mareſchal le regardoit au viſa¬

67.0 649.0 562.0 42.0 ge, ſans dire mot. Alors apparut le mareſchal de Coſſé

65.0 680.0 564.0 35.0 monté ſur vn petit mulet gris à la porte du parc que les

66.0 704.0 563.0 40.0 Suiſſes emmenoyent, duquel ils l’enleuerent & le por¬

66.0 732.0 563.0 37.0 terent iuſques dedans le coche. Derechef le domeſtique

66.0 759.0 563.0 38.0 duquel nous auons parlé, pria le mareſchal de Mont¬

66.0 786.0 563.0 39.0 morency dé l’enuoyer porter ces nouuelles à la mareſ¬

66.0 814.0 564.0 37.0 challe ſa femme. Allez la donc trouuer de ma part, dit

66.0 839.0 562.0 37.0 il, & faites mes recommandations à ſes bonnes graces.

66.0 865.0 564.0 39.0 Alors ce ſeruiteur s’adreſſant au viconte luy declara la

66.0 892.0 565.0 40.0 charge qu’il auoit, & le Viconte qui eſtoit auſſi dans le

67.0 920.0 562.0 38.0 cocheſſe leuant demanda au mareſchal de Montmoren¬

67.0 951.0 562.0 33.0 cy. Vous le plait il monſeigneur? Ie vous pric, mon ami,

67.0 973.0 563.0 39.0 reſpondit le mareſchal. A l’inſtant le Viconte appella vn

68.0 1000.0 561.0 39.0 Capitaine Eſcoſſois (le coche marchant touſiours) &

68.0 1025.0 563.0 42.0 luy dit, Allez dire à monſieur de Sanſac qu’il ouure la

70.0 1058.0 560.0 36.0 porte à ce Capitaine qui s’en va trouuer Madame de la

69.0 1082.0 562.0 39.0 part de Montmorency: ce que l’autre execute menant

69.0 1107.0 562.0 39.0 ce capitaine ſeruireur domeſtique auec trente archers

67.0 1133.0 563.0 39.0 de la garde Eſcoſſoiſe: & apres auoir parlé au ſeigneur

70.0 1160.0 559.0 39.0 de Sanſac, ſortit ſain & ſauf & montant à cheual en di¬

69.0 1185.0 560.0 51.0 ligence vint trouuer la mareſchalle à Chantilly. Mais

189.0 98.0 267.0 42.0 Sous Charles Ix.

569.0 103.0 53.0 38.0 215
