<?xml version="1.0" encoding="UTF-8"?>
<alto xmlns:xsi="http://www.w3.org/2001/XMLSchema-instance"
      xmlns="http://www.loc.gov/standards/alto/ns-v4#"
      xsi:schemaLocation="http://www.loc.gov/standards/alto/ns-v4# http://www.loc.gov/standards/alto/v4/alto-4-2.xsd">
  <Description>
    <MeasurementUnit>pixel</MeasurementUnit>
    <sourceImageInformation>
      <fileName>1_Discours_politiques_des_diverses_puissances_103.jpg</fileName>
    </sourceImageInformation>
  </Description>
  <Tags>
    <OtherTag ID="BT7" LABEL="CustomZone" DESCRIPTION="block type CustomZone"/><OtherTag ID="BT8" LABEL="DamageZone" DESCRIPTION="block type DamageZone"/><OtherTag ID="BT9" LABEL="DigitizationArtefactZone" DESCRIPTION="block type DigitizationArtefactZone"/><OtherTag ID="BT10" LABEL="DropCapitalZone" DESCRIPTION="block type DropCapitalZone"/><OtherTag ID="BT11" LABEL="GraphicZone" DESCRIPTION="block type GraphicZone"/><OtherTag ID="BT12" LABEL="MainZone" DESCRIPTION="block type MainZone"/><OtherTag ID="BT13" LABEL="MarginTextZone" DESCRIPTION="block type MarginTextZone"/><OtherTag ID="BT14" LABEL="MusicZone" DESCRIPTION="block type MusicZone"/><OtherTag ID="BT15" LABEL="NumberingZone" DESCRIPTION="block type NumberingZone"/><OtherTag ID="BT17" LABEL="QuireMarksZone" DESCRIPTION="block type QuireMarksZone"/><OtherTag ID="BT18" LABEL="RunningTitleZone" DESCRIPTION="block type RunningTitleZone"/><OtherTag ID="BT19" LABEL="SealZone" DESCRIPTION="block type SealZone"/><OtherTag ID="BT20" LABEL="StampZone" DESCRIPTION="block type StampZone"/><OtherTag ID="BT21" LABEL="TableZone" DESCRIPTION="block type TableZone"/><OtherTag ID="BT22" LABEL="TitlePageZone" DESCRIPTION="block type TitlePageZone"/><OtherTag ID="BT100006" LABEL="MainZone-Continued" DESCRIPTION="block type MainZone-Continued"/><OtherTag ID="BT100009" LABEL="MarginTextZone-Notes" DESCRIPTION="block type MarginTextZone-Notes"/><OtherTag ID="BT100005" LABEL="MainZone-P" DESCRIPTION="block type MainZone-P"/><OtherTag ID="BT100002" LABEL="MainZone-Lg" DESCRIPTION="block type MainZone-Lg"/><OtherTag ID="BT100001" LABEL="MainZone-Head" DESCRIPTION="block type MainZone-Head"/>
    <OtherTag ID="LT7" LABEL="CustomLine" DESCRIPTION="line type CustomLine"/><OtherTag ID="LT8" LABEL="DefaultLine" DESCRIPTION="line type DefaultLine"/><OtherTag ID="LT9" LABEL="DropCapitalLine" DESCRIPTION="line type DropCapitalLine"/><OtherTag ID="LT10" LABEL="HeadingLine" DESCRIPTION="line type HeadingLine"/><OtherTag ID="LT11" LABEL="InterlinearLine" DESCRIPTION="line type InterlinearLine"/><OtherTag ID="LT12" LABEL="MusicLine" DESCRIPTION="line type MusicLine"/><OtherTag ID="LT951" LABEL="default" DESCRIPTION="line type default"/>
  </Tags>
  <Layout>
    <Page WIDTH="1000"
          HEIGHT="1671"
          PHYSICAL_IMG_NR="117"
          ID="eSc_dummypage_">
      <PrintSpace HPOS="0"
                  VPOS="0"
                  WIDTH="1000"
                  HEIGHT="1671">
        <TextBlock HPOS="55.0"
                   VPOS="150.0"
                   WIDTH="681.0"
                   HEIGHT="1284.0"
                   ID="eSc_textblock_f63b0652-7bd5-44c1-b532-97965a76724f"
                   TAGREFS="BT100006">
          <Shape><Polygon POINTS="83 153 736 156 736 1434 63 1431 55 150"/></Shape>
          <TextLine ID="eSc_line_ef4b5ace-2f73-453f-ad9b-c8d3cf8d0efd"
                    TAGREFS="LT8"
                    BASELINE="58 183 722 174" 
                    HPOS="57.0"
                    VPOS="168.0"
                    WIDTH="665.0"
                    HEIGHT="29.0">
            <Shape><Polygon POINTS="716 168 707 168 698 168 688 168 679 168 670 168 661 168 651 168 642 168 633 168 623 168 614 168 605 168 596 168 586 168 577 168 568 168 558 168 549 168 540 168 531 168 521 168 512 168 503 168 493 168 484 168 475 168 466 168 456 168 447 168 438 168 428 168 419 168 410 168 401 168 391 168 382 168 373 168 363 168 354 168 345 168 336 168 326 168 317 168 308 168 298 168 289 168 280 168 271 168 261 168 252 168 243 168 233 168 224 168 215 168 206 168 196 168 187 168 178 168 168 168 159 168 150 168 141 168 131 168 122 168 113 168 103 168 94 168 85 168 76 168 72 168 57 169 58 183 58 197 233 197 233 196 323 190 389 194 389 194 390 194 413 189 586 192 587 192 721 184 722 174 720 168 716 168"/></Shape>
            <String CONTENT="Auguſte pour ſouuerain ſeigneur de l’emplre, &amp; à con¬"
                    HPOS="57.0"
                    VPOS="168.0"
                    WIDTH="665.0"
                    HEIGHT="29.0"
                    WC="0.9815472772827855"></String>
          </TextLine>
          <TextLine ID="eSc_line_85fb06a5-5fa7-4c34-9df4-e045ecb149fc"
                    TAGREFS="LT8"
                    BASELINE="58 215 724 207" 
                    HPOS="57.0"
                    VPOS="181.0"
                    WIDTH="667.0"
                    HEIGHT="43.0">
            <Shape><Polygon POINTS="58 215 58 224 723 220 724 207 722 185 703 181 702 181 701 181 682 186 667 181 666 181 665 181 664 181 649 186 631 181 630 181 629 181 628 181 611 187 529 184 528 184 496 189 430 183 429 183 384 190 354 184 353 184 304 191 233 188 233 188 129 194 68 188 67 188 66 188 65 188 57 193 58 215"/></Shape>
            <String CONTENT="ſenti par long temps à ſa domination: comme il eſt dit"
                    HPOS="57.0"
                    VPOS="181.0"
                    WIDTH="667.0"
                    HEIGHT="43.0"
                    WC="0.9865889581766996"></String>
          </TextLine>
          <TextLine ID="eSc_line_41179c02-4598-4441-847f-c5022bce779c"
                    TAGREFS="LT8"
                    BASELINE="59 246 724 238" 
                    HPOS="58.0"
                    VPOS="214.0"
                    WIDTH="666.0"
                    HEIGHT="48.0">
            <Shape><Polygon POINTS="59 246 59 262 111 257 153 259 154 259 155 259 155 259 163 255 220 260 221 260 222 260 235 253 391 252 417 252 425 258 426 258 427 258 428 258 428 258 449 252 496 257 497 257 498 257 499 257 506 251 542 257 543 257 600 251 608 256 609 256 610 256 610 256 657 251 709 255 710 255 711 255 724 248 724 238 721 214 509 220 480 215 480 215 451 220 399 216 398 216 397 216 382 221 257 218 256 218 222 223 153 219 152 219 151 219 135 225 58 225 59 246"/></Shape>
            <String CONTENT="que vn fief qui eſt de nature de prĩcipauté quãd on le dõ"
                    HPOS="58.0"
                    VPOS="214.0"
                    WIDTH="666.0"
                    HEIGHT="48.0"
                    WC="0.9869080293373983"></String>
          </TextLine>
          <TextLine ID="eSc_line_6a022708-303d-4dd6-8258-b87a8e0568fd"
                    TAGREFS="LT8"
                    BASELINE="60 278 725 270" 
                    HPOS="60.0"
                    VPOS="246.0"
                    WIDTH="665.0"
                    HEIGHT="46.0">
            <Shape><Polygon POINTS="60 278 60 289 177 286 206 292 207 292 282 284 413 289 414 289 415 289 429 283 485 286 486 286 487 286 506 282 513 287 514 287 515 287 516 287 542 283 647 286 648 286 724 279 725 270 722 246 563 252 557 246 556 246 555 246 508 246 507 246 506 246 491 253 447 247 446 247 445 247 425 254 396 248 395 248 353 255 224 250 223 250 222 250 205 257 106 252 105 252 104 252 103 252 95 259 64 259 60 278"/></Shape>
            <String CONTENT="ne l’on n’a pas ſeulement eſgard à celuy à qui on le dõ¬"
                    HPOS="60.0"
                    VPOS="246.0"
                    WIDTH="665.0"
                    HEIGHT="46.0"
                    WC="0.9753565980216204"></String>
          </TextLine>
          <TextLine ID="eSc_line_3b2e4405-88a2-41d9-9424-de38881c542e"
                    TAGREFS="LT8"
                    BASELINE="61 310 727 303" 
                    HPOS="60.0"
                    VPOS="278.0"
                    WIDTH="667.0"
                    HEIGHT="43.0">
            <Shape><Polygon POINTS="61 310 61 321 727 314 727 303 723 278 703 284 633 278 632 278 534 285 457 280 456 280 455 280 454 280 447 285 439 281 438 281 381 281 380 281 340 287 259 282 258 282 257 282 256 282 246 289 188 289 167 283 166 283 165 283 164 283 152 289 144 284 143 284 142 284 142 284 141 284 131 289 60 289 61 310"/></Shape>
            <String CONTENT="ne mais à toute ſa lignee. C’eſt choſe qui apartenoit à"
                    HPOS="60.0"
                    VPOS="278.0"
                    WIDTH="667.0"
                    HEIGHT="43.0"
                    WC="0.9825004516986379"></String>
          </TextLine>
          <TextLine ID="eSc_line_25109b2f-51c6-4f4c-8802-7ac1baf329f2"
                    TAGREFS="LT8"
                    BASELINE="60 342 726 334" 
                    HPOS="60.0"
                    VPOS="308.0"
                    WIDTH="666.0"
                    HEIGHT="49.0">
            <Shape><Polygon POINTS="60 342 61 357 75 351 125 356 126 356 127 356 128 356 137 350 205 354 206 354 207 354 220 349 337 349 351 353 352 353 353 353 354 353 355 353 362 349 575 350 576 350 725 343 726 334 724 314 650 308 649 308 649 308 648 308 637 314 577 309 576 309 502 316 463 310 462 310 461 310 443 316 430 310 429 310 428 310 428 310 407 317 243 313 242 313 205 320 135 314 134 314 133 314 115 321 75 315 74 315 73 315 65 319 60 342"/></Shape>
            <String CONTENT="Auguſte &amp; aux ſiens, ſi tant euſt eſté que la loy euſt por¬"
                    HPOS="60.0"
                    VPOS="308.0"
                    WIDTH="666.0"
                    HEIGHT="49.0"
                    WC="0.998504368464152"></String>
          </TextLine>
          <TextLine ID="eSc_line_8bf95e39-407f-474e-a58f-086f722167dc"
                    TAGREFS="LT8"
                    BASELINE="60 373 727 365" 
                    HPOS="60.0"
                    VPOS="340.0"
                    WIDTH="667.0"
                    HEIGHT="43.0">
            <Shape><Polygon POINTS="60 373 60 383 559 383 559 382 560 382 571 377 674 380 675 380 675 380 676 380 682 375 716 380 717 380 718 380 719 380 727 375 727 365 725 347 649 340 648 340 647 340 623 347 559 341 558 341 558 341 545 348 466 344 465 344 464 344 447 349 424 343 423 343 422 343 378 349 369 344 368 344 367 344 323 344 322 344 321 344 308 349 275 345 274 345 273 345 272 345 265 350 142 346 142 346 141 346 116 352 83 348 82 348 81 348 65 351 60 373"/></Shape>
            <String CONTENT="té que l’empire euſt eſté hereditaire: car ſelon preſom¬"
                    HPOS="60.0"
                    VPOS="340.0"
                    WIDTH="667.0"
                    HEIGHT="43.0"
                    WC="0.9952884121187802"></String>
          </TextLine>
          <TextLine ID="eSc_line_40c98ed3-4455-44ad-82ae-88299623dcdb"
                    TAGREFS="LT8"
                    BASELINE="61 404 727 398" 
                    HPOS="60.0"
                    VPOS="373.0"
                    WIDTH="667.0"
                    HEIGHT="45.0">
            <Shape><Polygon POINTS="61 404 61 418 156 413 247 417 248 417 356 411 428 411 433 415 434 415 435 415 436 416 436 415 437 415 438 415 443 411 727 411 727 398 726 378 685 373 684 373 629 378 566 374 565 374 507 379 441 375 441 375 383 380 346 375 345 375 312 382 60 382 61 404"/></Shape>
            <String CONTENT="ption de droit, le pere &amp; le fils ſont reputez vne meſme"
                    HPOS="60.0"
                    VPOS="373.0"
                    WIDTH="667.0"
                    HEIGHT="45.0"
                    WC="0.9940581428153175"></String>
          </TextLine>
          <TextLine ID="eSc_line_9af7de8a-a57c-48ba-a034-ad35b577e815"
                    TAGREFS="LT8"
                    BASELINE="59 438 727 430" 
                    HPOS="58.0"
                    VPOS="403.0"
                    WIDTH="669.0"
                    HEIGHT="49.0">
            <Shape><Polygon POINTS="59 438 60 452 77 445 150 445 206 451 207 451 207 451 226 444 289 450 290 450 291 450 311 443 352 443 358 448 359 448 360 448 361 448 362 448 377 443 394 448 395 448 396 448 460 443 501 447 502 447 503 447 516 441 594 446 595 446 596 446 597 446 603 440 625 445 626 445 727 444 727 430 725 409 662 409 654 403 653 403 652 403 651 403 556 412 511 412 504 405 503 405 502 405 501 405 420 412 306 407 305 407 304 407 281 414 237 414 224 408 223 408 222 408 221 408 203 414 98 410 97 410 58 415 59 438"/></Shape>
            <String CONTENT="perſonne, &amp; la voix de l’vn reputee la voix de l’autre."
                    HPOS="58.0"
                    VPOS="403.0"
                    WIDTH="669.0"
                    HEIGHT="49.0"
                    WC="0.9976433244618502"></String>
          </TextLine>
          <TextLine ID="eSc_line_da04e111-e8d1-43ea-b9fc-2d775f77b82c"
                    TAGREFS="LT8"
                    BASELINE="61 469 729 462" 
                    HPOS="60.0"
                    VPOS="437.0"
                    WIDTH="669.0"
                    HEIGHT="47.0">
            <Shape><Polygon POINTS="61 469 61 479 117 484 118 484 119 484 139 479 155 483 156 483 157 483 158 483 159 483 167 478 226 483 227 483 228 483 241 477 264 482 265 482 266 482 267 482 268 482 275 477 331 481 332 481 333 481 334 481 344 475 414 475 420 480 421 480 422 480 423 480 473 476 556 479 557 479 558 479 558 479 566 474 608 479 609 479 645 472 668 478 669 478 670 478 728 475 729 462 727 442 647 437 646 437 557 443 537 439 536 439 535 439 442 444 379 440 378 440 377 440 376 440 371 445 314 440 313 440 312 440 311 440 302 446 231 441 230 441 229 441 228 441 228 442 222 448 134 448 70 443 69 443 68 443 67 443 60 447 61 469"/></Shape>
            <String CONTENT="Enquoy on peut reſpondre que quelque conuention"
                    HPOS="60.0"
                    VPOS="437.0"
                    WIDTH="669.0"
                    HEIGHT="47.0"
                    WC="0.9985874003552376"></String>
          </TextLine>
          <TextLine ID="eSc_line_a7f9ff3a-7dfc-4454-b33d-45ce3b452eea"
                    TAGREFS="LT8"
                    BASELINE="62 499 729 492" 
                    HPOS="62.0"
                    VPOS="468.0"
                    WIDTH="667.0"
                    HEIGHT="42.0">
            <Shape><Polygon POINTS="62 499 62 510 728 505 729 492 727 471 657 473 645 468 644 468 643 468 596 474 571 469 571 469 534 476 515 470 514 470 513 470 488 476 481 470 480 470 480 470 455 470 454 470 454 470 433 477 404 471 403 471 402 471 402 471 391 478 356 478 349 471 348 471 347 471 346 471 317 478 251 472 250 472 249 472 228 479 206 473 205 473 204 473 203 473 187 479 124 474 123 474 122 474 121 474 113 480 66 480 62 499"/></Shape>
            <String CONTENT="que facent les hommes c’eſt touſiours à condition de"
                    HPOS="62.0"
                    VPOS="468.0"
                    WIDTH="667.0"
                    HEIGHT="42.0"
                    WC="0.9935279904671435"></String>
          </TextLine>
          <TextLine ID="eSc_line_78c6d491-d05d-4e20-8e35-51b4347ab73d"
                    TAGREFS="LT8"
                    BASELINE="62 531 729 524" 
                    HPOS="62.0"
                    VPOS="498.0"
                    WIDTH="667.0"
                    HEIGHT="46.0">
            <Shape><Polygon POINTS="62 531 62 543 285 544 285 544 326 539 351 544 352 544 394 539 445 544 446 544 495 538 644 542 645 542 728 534 729 524 727 505 697 498 696 498 614 505 595 500 594 500 593 500 561 506 543 500 542 500 492 500 491 500 490 500 489 500 477 507 395 501 394 501 227 510 189 504 188 504 187 504 186 504 186 505 179 511 110 511 95 505 94 505 93 505 66 510 62 531"/></Shape>
            <String CONTENT="demeurer hommes. Or ſi ainſi euſt eſté que toute ſei¬"
                    HPOS="62.0"
                    VPOS="498.0"
                    WIDTH="667.0"
                    HEIGHT="46.0"
                    WC="0.9912119198728491"></String>
          </TextLine>
          <TextLine ID="eSc_line_87894e29-852c-466e-826a-755cfcb59304"
                    TAGREFS="LT8"
                    BASELINE="62 563 730 557" 
                    HPOS="62.0"
                    VPOS="533.0"
                    WIDTH="668.0"
                    HEIGHT="41.0">
            <Shape><Polygon POINTS="62 563 62 572 506 574 506 574 538 569 560 573 561 573 590 569 596 573 597 573 597 573 598 573 729 567 730 557 727 535 555 538 519 533 519 533 518 533 499 539 487 534 486 534 404 534 403 534 402 534 385 540 379 535 378 535 377 535 314 535 313 535 273 541 262 536 261 536 172 536 171 536 170 536 151 543 66 543 62 563"/></Shape>
            <String CONTENT="gneurie euſt eſté donneé à Auguſte, &amp; aux empereurs"
                    HPOS="62.0"
                    VPOS="533.0"
                    WIDTH="668.0"
                    HEIGHT="41.0"
                    WC="0.992683490117391"></String>
          </TextLine>
          <TextLine ID="eSc_line_c712a641-1ccf-41b4-a277-314b025c2d2a"
                    TAGREFS="LT8"
                    BASELINE="62 595 733 588" 
                    HPOS="62.0"
                    VPOS="563.0"
                    WIDTH="671.0"
                    HEIGHT="47.0">
            <Shape><Polygon POINTS="62 595 62 606 77 610 78 610 79 610 229 604 314 608 315 608 345 603 372 608 373 608 374 608 375 608 383 603 732 603 733 588 731 569 703 565 702 565 624 569 608 563 607 563 569 563 568 563 567 563 566 563 560 568 516 564 515 564 514 564 500 569 486 564 485 564 484 564 483 564 463 571 349 566 348 566 347 566 334 573 306 573 289 567 288 567 287 567 259 573 244 567 243 567 242 567 241 567 240 567 233 572 207 568 207 568 206 568 182 574 147 568 146 568 145 568 121 576 66 576 62 595"/></Shape>
            <String CONTENT="Romaiſis, de dominer à leut appetit diſſolu ſus tout le"
                    HPOS="62.0"
                    VPOS="563.0"
                    WIDTH="671.0"
                    HEIGHT="47.0"
                    WC="0.991907422031675"></String>
          </TextLine>
          <TextLine ID="eSc_line_69f81c93-1aff-48d5-b344-e08b4f2dfaf2"
                    TAGREFS="LT8"
                    BASELINE="62 626 731 619" 
                    HPOS="62.0"
                    VPOS="596.0"
                    WIDTH="669.0"
                    HEIGHT="45.0">
            <Shape><Polygon POINTS="62 626 62 636 98 636 103 641 104 641 105 641 106 641 228 634 239 640 240 640 241 640 268 634 372 639 373 639 374 639 375 639 380 634 404 638 405 638 435 633 469 638 470 638 471 638 488 633 559 637 560 637 561 637 562 637 569 633 703 635 704 635 705 635 731 628 731 619 729 601 668 596 667 596 527 602 470 597 469 597 444 603 426 597 425 597 424 597 394 604 312 598 311 598 278 604 233 599 232 599 66 607 62 626"/></Shape>
            <String CONTENT="monde, &amp; pour touſiours, veu les peruers gouuerne¬"
                    HPOS="62.0"
                    VPOS="596.0"
                    WIDTH="669.0"
                    HEIGHT="45.0"
                    WC="0.9958330941200256"></String>
          </TextLine>
          <TextLine ID="eSc_line_376a5b6d-f264-4d20-8bbd-d8a9da3ce2a7"
                    TAGREFS="LT8"
                    BASELINE="64 659 731 652" 
                    HPOS="64.0"
                    VPOS="627.0"
                    WIDTH="667.0"
                    HEIGHT="46.0">
            <Shape><Polygon POINTS="64 659 64 668 140 673 141 673 142 673 159 667 192 672 193 672 239 667 245 672 246 672 246 672 247 672 284 666 444 669 445 669 446 669 447 669 454 664 481 669 482 669 483 669 501 664 524 669 525 669 730 662 731 652 728 627 678 632 641 627 640 627 639 627 638 627 631 633 570 628 569 628 523 634 411 630 410 630 409 630 397 634 379 630 378 630 377 630 338 635 260 631 259 631 259 631 258 631 250 636 101 633 100 633 64 638 64 659"/></Shape>
            <String CONTENT="mẽs qui ſe y ſont exercez, c’eſtoit pour rendre beſte tous"
                    HPOS="64.0"
                    VPOS="627.0"
                    WIDTH="667.0"
                    HEIGHT="46.0"
                    WC="0.9953223032466436"></String>
          </TextLine>
          <TextLine ID="eSc_line_6389ec7e-3fd6-4d02-801e-3e1c1d3f8e3c"
                    TAGREFS="LT8"
                    BASELINE="64 690 732 683" 
                    HPOS="63.0"
                    VPOS="658.0"
                    WIDTH="669.0"
                    HEIGHT="43.0">
            <Shape><Polygon POINTS="64 690 64 701 732 695 732 683 730 664 692 664 686 658 685 658 684 658 683 658 682 658 681 658 675 663 636 659 636 659 635 659 634 659 627 665 528 665 488 659 487 659 486 659 485 659 477 666 456 666 434 660 433 660 432 660 403 664 313 660 312 660 275 665 259 661 258 661 257 661 256 661 255 661 247 666 208 662 207 662 207 662 206 662 198 668 167 662 166 662 165 662 151 670 99 670 63 664 64 690"/></Shape>
            <String CONTENT="les peuples ſuiects: ce qui eſt contre droit naturel qui ne"
                    HPOS="63.0"
                    VPOS="658.0"
                    WIDTH="669.0"
                    HEIGHT="43.0"
                    WC="0.9912726828607462"></String>
          </TextLine>
          <TextLine ID="eSc_line_d2ec17be-7ef9-4017-a1f1-4c547b9a1151"
                    TAGREFS="LT8"
                    BASELINE="64 722 731 714" 
                    HPOS="64.0"
                    VPOS="688.0"
                    WIDTH="667.0"
                    HEIGHT="49.0">
            <Shape><Polygon POINTS="64 722 64 732 118 737 119 737 215 731 221 736 222 736 223 736 224 736 373 729 387 734 388 734 389 734 389 734 408 728 421 732 422 732 423 732 505 727 522 732 523 732 524 732 572 731 573 731 574 731 580 726 646 731 647 731 730 725 731 714 729 694 675 688 675 688 674 688 663 693 568 689 567 689 472 696 64 696 64 722"/></Shape>
            <String CONTENT="ſe peut tollir, Et pour tant peut on reſpndre à telles que¬"
                    HPOS="64.0"
                    VPOS="688.0"
                    WIDTH="667.0"
                    HEIGHT="49.0"
                    WC="0.9961165954669317"></String>
          </TextLine>
          <TextLine ID="eSc_line_7b396c90-66e9-4324-8763-a24e1d41cc63"
                    TAGREFS="LT8"
                    BASELINE="64 753 732 747" 
                    HPOS="64.0"
                    VPOS="727.0"
                    WIDTH="668.0"
                    HEIGHT="39.0">
            <Shape><Polygon POINTS="64 753 64 762 158 766 159 766 197 761 252 765 253 765 339 760 433 764 434 764 435 764 446 758 506 763 507 763 556 757 571 762 571 762 572 762 732 757 732 747 729 727 64 728 64 753"/></Shape>
            <String CONTENT="ſtions que le peuple Romain n’auoit pas procuration"
                    HPOS="64.0"
                    VPOS="727.0"
                    WIDTH="668.0"
                    HEIGHT="39.0"
                    WC="0.99893726087084"></String>
          </TextLine>
          <TextLine ID="eSc_line_269c5a8e-3632-46a0-b410-9775b3da5f54"
                    TAGREFS="LT8"
                    BASELINE="66 784 732 777" 
                    HPOS="65.0"
                    VPOS="752.0"
                    WIDTH="667.0"
                    HEIGHT="45.0">
            <Shape><Polygon POINTS="66 784 66 796 285 797 285 797 314 792 349 797 350 797 379 791 439 795 440 795 441 795 441 795 448 790 540 795 541 795 586 790 636 794 636 794 731 788 732 777 729 752 576 758 560 752 559 752 558 752 529 759 449 753 448 753 420 760 406 754 405 754 404 754 365 760 352 754 351 754 350 754 301 755 300 755 287 761 258 755 257 755 256 755 255 755 246 762 65 758 66 784"/></Shape>
            <String CONTENT="de donner toute puiſſance ſus le monde à Auguſte, &amp;"
                    HPOS="65.0"
                    VPOS="752.0"
                    WIDTH="667.0"
                    HEIGHT="45.0"
                    WC="0.974518528351417"></String>
          </TextLine>
          <TextLine ID="eSc_line_8eaa8304-4235-487c-a704-ca68e728e593"
                    TAGREFS="LT8"
                    BASELINE="65 816 732 810" 
                    HPOS="64.0"
                    VPOS="784.0"
                    WIDTH="668.0"
                    HEIGHT="48.0">
            <Shape><Polygon POINTS="65 816 65 828 88 832 89 832 114 828 125 832 126 832 127 832 128 832 129 832 139 826 176 826 185 831 186 831 187 831 188 832 237 832 237 831 238 831 239 831 248 825 287 825 309 830 310 830 311 830 311 830 312 830 319 825 350 825 381 829 382 829 383 829 384 829 392 824 406 828 407 828 408 828 463 823 480 829 480 829 481 829 541 829 541 829 589 822 635 828 636 828 664 827 665 827 666 827 673 821 683 827 684 827 685 828 722 828 722 827 723 827 724 827 732 820 732 810 729 784 695 790 666 784 665 784 624 790 588 785 587 785 532 791 467 787 466 787 433 792 371 788 370 788 333 793 296 788 295 788 294 788 293 788 286 794 266 794 257 788 256 788 255 788 254 788 219 794 179 789 178 789 144 794 129 790 128 790 127 790 126 790 114 795 91 790 90 790 90 790 64 792 65 816"/></Shape>
            <String CONTENT="que le droit qui ne fut onques acquis ne peut eſtre trãſ¬"
                    HPOS="64.0"
                    VPOS="784.0"
                    WIDTH="668.0"
                    HEIGHT="48.0"
                    WC="0.990790030051922"></String>
          </TextLine>
          <TextLine ID="eSc_line_f16f3d59-bca0-4e7d-a5c8-13f128539a35"
                    TAGREFS="LT8"
                    BASELINE="65 849 731 842" 
                    HPOS="64.0"
                    VPOS="817.0"
                    WIDTH="667.0"
                    HEIGHT="47.0">
            <Shape><Polygon POINTS="65 849 65 864 92 858 242 861 243 861 244 861 255 856 261 861 262 861 263 861 264 861 328 856 346 861 347 861 348 861 349 861 364 855 396 860 397 860 398 860 399 860 404 855 519 859 519 859 730 853 731 842 727 817 719 823 695 818 694 818 693 818 692 818 685 824 633 824 623 818 622 818 621 818 620 818 619 818 612 825 585 825 558 818 558 818 557 818 535 825 386 820 385 820 384 820 383 820 376 826 333 821 332 821 283 827 255 821 254 821 253 821 230 828 159 822 158 822 64 829 65 849"/></Shape>
            <String CONTENT="porté à vn autre: car la ville de Rome n’auoit pas ce"
                    HPOS="64.0"
                    VPOS="817.0"
                    WIDTH="667.0"
                    HEIGHT="47.0"
                    WC="0.9976966055956754"></String>
          </TextLine>
          <TextLine ID="eSc_line_25060643-8ef0-46e7-93c5-dcff64eaaaa6"
                    TAGREFS="LT8"
                    BASELINE="64 879 705 874 731 870" 
                    HPOS="61.0"
                    VPOS="846.0"
                    WIDTH="668.0"
                    HEIGHT="45.0">
            <Shape><Polygon POINTS="62 878 62 891 728 887 729 868 725 846 401 846 399 846 398 846 370 853 217 848 215 848 162 854 90 849 89 849 87 849 61 856 62 878"/></Shape>
            <String CONTENT="droit &amp; puiſſance. Il y a eu à Rome de bonnes loix mal"
                    HPOS="61.0"
                    VPOS="846.0"
                    WIDTH="668.0"
                    HEIGHT="45.0"
                    WC="0.9868370359594172"></String>
          </TextLine>
          <TextLine ID="eSc_line_6041c251-0d9e-4ffa-a743-7bfa0d20ec65"
                    TAGREFS="LT8"
                    BASELINE="65 912 713 906 731 903" 
                    HPOS="62.0"
                    VPOS="878.0"
                    WIDTH="667.0"
                    HEIGHT="45.0">
            <Shape><Polygon POINTS="64 910 64 923 729 923 729 902 725 878 381 878 380 878 378 878 353 885 225 880 224 880 186 887 71 881 69 881 68 881 66 881 66 882 62 885 64 910"/></Shape>
            <String CONTENT="obſeruees, &amp; de mauuaiſes loix bien obſeruees: qui a"
                    HPOS="62.0"
                    VPOS="878.0"
                    WIDTH="667.0"
                    HEIGHT="45.0"
                    WC="0.9942594411281439"></String>
          </TextLine>
          <TextLine ID="eSc_line_a3dcdf87-8a1f-415b-b55e-1ccd5b92f8fc"
                    TAGREFS="LT8"
                    BASELINE="65 944 674 938 729 934" 
                    HPOS="64.0"
                    VPOS="911.0"
                    WIDTH="666.0"
                    HEIGHT="48.0">
            <Shape><Polygon POINTS="65 944 64 920 81 916 83 916 138 920 162 915 165 915 183 921 200 917 202 917 341 920 350 913 387 913 404 919 437 912 439 912 452 919 529 919 545 913 547 913 591 918 600 911 604 911 616 918 636 913 637 913 715 917 728 911 730 947 710 954 708 954 663 948 607 954 605 954 582 947 511 956 420 957 419 957 386 950 343 958 290 958 266 950 221 958 182 958 168 951 147 959 145 959 89 952 65 954"/></Shape>
            <String CONTENT="faict qu’en leur corps meſme il y a eu tel deſordre que"
                    HPOS="64.0"
                    VPOS="911.0"
                    WIDTH="666.0"
                    HEIGHT="48.0"
                    WC="0.9910004984248768"></String>
          </TextLine>
          <TextLine ID="eSc_line_fe0f448c-47a3-43ad-939f-4b638b17d1b5"
                    TAGREFS="LT8"
                    BASELINE="68 975 702 969 729 967" 
                    HPOS="67.0"
                    VPOS="944.0"
                    WIDTH="663.0"
                    HEIGHT="48.0">
            <Shape><Polygon POINTS="68 975 67 950 110 954 130 949 133 949 143 954 171 948 172 948 196 953 266 947 268 947 293 954 394 945 395 945 460 952 539 952 559 944 561 944 594 950 728 945 730 985 728 985 727 984 714 979 699 985 697 985 563 983 527 987 525 987 503 982 462 988 460 988 438 983 428 988 426 988 365 984 346 989 344 989 305 984 292 990 290 990 250 984 168 984 147 992 145 992 68 988"/></Shape>
            <String CONTENT="les peuples eſloignez malaiſement en euſſent ils peu ti¬"
                    HPOS="67.0"
                    VPOS="944.0"
                    WIDTH="663.0"
                    HEIGHT="48.0"
                    WC="0.990825491292136"></String>
          </TextLine>
          <TextLine ID="eSc_line_b04be6b6-c990-43c4-8bdd-4b0e7db84fa4"
                    TAGREFS="LT8"
                    BASELINE="68 1006 732 1002" 
                    HPOS="67.0"
                    VPOS="982.0"
                    WIDTH="665.0"
                    HEIGHT="38.0">
            <Shape><Polygon POINTS="68 1006 68 1015 185 1020 186 1020 187 1020 203 1015 231 1020 232 1020 233 1020 251 1014 291 1019 292 1019 376 1014 397 1019 398 1019 399 1019 400 1019 401 1019 408 1013 451 1018 452 1019 506 1019 506 1018 506 1018 516 1013 565 1018 566 1018 658 1012 664 1017 665 1017 666 1017 667 1018 731 1018 732 1002 730 982 67 982 68 1006"/></Shape>
            <String CONTENT="rer quelque bon reglemẽt Ceſte police a decliné à mal,"
                    HPOS="67.0"
                    VPOS="982.0"
                    WIDTH="665.0"
                    HEIGHT="38.0"
                    WC="0.9780279586189672"></String>
          </TextLine>
          <TextLine ID="eSc_line_24b3749f-37dc-48fc-af64-b6257e4bf898"
                    TAGREFS="LT8"
                    BASELINE="69 1038 735 1033" 
                    HPOS="68.0"
                    VPOS="1007.0"
                    WIDTH="667.0"
                    HEIGHT="46.0">
            <Shape><Polygon POINTS="69 1038 69 1053 135 1049 179 1052 180 1052 181 1052 181 1052 189 1047 244 1051 245 1051 292 1046 380 1050 381 1050 382 1050 397 1046 511 1049 512 1049 513 1049 527 1045 597 1049 598 1049 599 1049 610 1044 734 1044 735 1033 733 1013 669 1013 661 1008 660 1008 659 1008 658 1008 633 1012 623 1007 623 1007 622 1007 621 1007 620 1007 599 1013 557 1010 556 1010 511 1014 478 1008 477 1008 476 1008 475 1008 464 1015 440 1015 430 1008 429 1008 428 1008 405 1008 404 1008 403 1008 402 1008 395 1012 345 1009 344 1009 343 1009 327 1016 289 1016 272 1010 272 1010 190 1010 189 1010 188 1010 187 1010 178 1016 128 1017 99 1010 98 1010 97 1010 68 1018 69 1038"/></Shape>
            <String CONTENT="vſant ainſi des loix, diſpenſant iniquement la Iuſtice"
                    HPOS="68.0"
                    VPOS="1007.0"
                    WIDTH="667.0"
                    HEIGHT="46.0"
                    WC="0.9880035784509447"></String>
          </TextLine>
          <TextLine ID="eSc_line_24f8d107-96ae-4351-9453-1d8f6cb62806"
                    TAGREFS="LT8"
                    BASELINE="68 1069 733 1062" 
                    HPOS="67.0"
                    VPOS="1038.0"
                    WIDTH="666.0"
                    HEIGHT="46.0">
            <Shape><Polygon POINTS="68 1069 68 1078 99 1084 100 1084 101 1084 119 1077 195 1077 208 1083 209 1083 210 1083 211 1083 227 1077 253 1081 254 1081 324 1076 336 1081 337 1081 337 1081 389 1075 402 1081 403 1081 404 1081 443 1075 519 1080 520 1080 521 1080 542 1074 556 1079 557 1079 558 1079 606 1074 621 1079 622 1079 623 1079 732 1078 733 1062 732 1045 718 1038 717 1038 716 1038 636 1045 571 1039 570 1039 569 1039 568 1039 559 1045 472 1040 471 1040 470 1040 446 1047 382 1042 381 1042 380 1042 363 1047 354 1041 353 1041 352 1041 351 1041 311 1047 283 1042 282 1042 281 1042 269 1048 250 1043 249 1043 248 1043 247 1043 246 1043 237 1049 208 1043 168 1043 168 1043 167 1043 147 1049 81 1046 80 1046 79 1046 67 1049 68 1069"/></Shape>
            <String CONTENT="communicatiue touchãt ce qui concerne les contracts"
                    HPOS="67.0"
                    VPOS="1038.0"
                    WIDTH="666.0"
                    HEIGHT="46.0"
                    WC="0.9915181134755795"></String>
          </TextLine>
          <TextLine ID="eSc_line_3da64e19-2d6d-4190-b76e-eb537ce335c6"
                    TAGREFS="LT8"
                    BASELINE="69 1101 735 1097" 
                    HPOS="68.0"
                    VPOS="1071.0"
                    WIDTH="667.0"
                    HEIGHT="41.0">
            <Shape><Polygon POINTS="69 1101 69 1112 734 1109 735 1097 733 1076 653 1072 652 1072 615 1076 602 1071 601 1071 600 1071 599 1071 587 1077 521 1072 520 1072 480 1077 469 1072 468 1072 467 1072 434 1078 337 1073 336 1073 200 1081 139 1081 118 1075 117 1075 116 1075 68 1078 69 1101"/></Shape>
            <String CONTENT="&amp; les iniures, qui n’eſtoit pas bien diſpenſee: &amp; puis"
                    HPOS="68.0"
                    VPOS="1071.0"
                    WIDTH="667.0"
                    HEIGHT="41.0"
                    WC="0.9971140733471623"></String>
          </TextLine>
          <TextLine ID="eSc_line_bdb9e384-1827-431e-9573-804b814d62d3"
                    TAGREFS="LT8"
                    BASELINE="68 1132 735 1127" 
                    HPOS="67.0"
                    VPOS="1105.0"
                    WIDTH="668.0"
                    HEIGHT="42.0">
            <Shape><Polygon POINTS="68 1132 68 1142 200 1147 201 1147 202 1147 220 1141 313 1145 314 1145 447 1140 464 1145 465 1145 466 1145 623 1139 733 1143 735 1127 733 1107 482 1106 481 1106 458 1111 441 1105 440 1105 439 1105 438 1105 418 1111 401 1105 400 1105 347 1105 346 1105 252 1112 207 1106 207 1106 206 1106 193 1114 142 1114 100 1107 99 1107 67 1114 68 1132"/></Shape>
            <String CONTENT="auſſi quant à la iuſtice diſtributiue, qui concerne le de¬"
                    HPOS="67.0"
                    VPOS="1105.0"
                    WIDTH="668.0"
                    HEIGHT="42.0"
                    WC="0.9976872680550914"></String>
          </TextLine>
          <TextLine ID="eSc_line_8b940c16-a5c9-4d2e-8de7-a174ade11a21"
                    TAGREFS="LT8"
                    BASELINE="69 1165 735 1158" 
                    HPOS="68.0"
                    VPOS="1133.0"
                    WIDTH="667.0"
                    HEIGHT="46.0">
            <Shape><Polygon POINTS="69 1165 69 1178 260 1174 328 1179 329 1179 330 1179 352 1174 380 1179 381 1179 382 1179 411 1172 454 1178 454 1178 480 1173 505 1178 506 1178 734 1174 735 1158 733 1139 710 1133 709 1133 708 1133 696 1139 544 1139 521 1134 520 1134 519 1134 519 1134 518 1134 511 1140 482 1140 403 1135 402 1135 402 1135 387 1141 289 1137 288 1137 287 1137 274 1142 237 1137 236 1137 200 1142 172 1138 171 1138 170 1138 150 1144 116 1139 115 1139 68 1141 69 1165"/></Shape>
            <String CONTENT="partement des heritages, poſſeſſions, honneurs, &amp; offi¬"
                    HPOS="68.0"
                    VPOS="1133.0"
                    WIDTH="667.0"
                    HEIGHT="46.0"
                    WC="0.990648994662545"></String>
          </TextLine>
          <TextLine ID="eSc_line_b3e84405-4898-49ed-a4b6-ed358bf77499"
                    TAGREFS="LT8"
                    BASELINE="69 1196 737 1192" 
                    HPOS="68.0"
                    VPOS="1170.0"
                    WIDTH="669.0"
                    HEIGHT="40.0">
            <Shape><Polygon POINTS="69 1196 69 1205 232 1210 233 1210 275 1204 337 1209 338 1209 339 1209 340 1209 347 1204 528 1208 529 1208 530 1208 540 1204 563 1208 564 1208 565 1208 577 1203 619 1207 620 1207 672 1203 727 1207 728 1207 729 1207 730 1207 737 1203 737 1192 735 1170 119 1170 118 1170 68 1176 69 1196"/></Shape>
            <String CONTENT="ces. Et ce qui a encores empiré toutes choſes, comme"
                    HPOS="68.0"
                    VPOS="1170.0"
                    WIDTH="669.0"
                    HEIGHT="40.0"
                    WC="0.988273207871419"></String>
          </TextLine>
          <TextLine ID="eSc_line_b23c8f94-a0ce-47bc-a2e0-ff7557b1f942"
                    TAGREFS="LT8"
                    BASELINE="69 1229 736 1224" 
                    HPOS="68.0"
                    VPOS="1198.0"
                    WIDTH="668.0"
                    HEIGHT="43.0">
            <Shape><Polygon POINTS="69 1229 69 1241 735 1234 736 1224 735 1204 727 1199 726 1199 725 1199 724 1199 620 1204 608 1198 607 1198 606 1198 545 1204 517 1199 516 1199 478 1204 452 1200 451 1200 450 1200 437 1206 400 1206 393 1200 392 1200 391 1200 390 1200 284 1206 124 1202 123 1202 122 1202 100 1207 93 1202 92 1202 91 1202 90 1202 68 1202 69 1229"/></Shape>
            <String CONTENT="il auient en tous autres eſtats, ç’a eſte quãd les princes"
                    HPOS="68.0"
                    VPOS="1198.0"
                    WIDTH="668.0"
                    HEIGHT="43.0"
                    WC="0.9953617135683696"></String>
          </TextLine>
          <TextLine ID="eSc_line_8c71a9a1-a737-4296-b946-fb0f083ca73b"
                    TAGREFS="LT8"
                    BASELINE="70 1260 736 1255" 
                    HPOS="69.0"
                    VPOS="1230.0"
                    WIDTH="667.0"
                    HEIGHT="45.0">
            <Shape><Polygon POINTS="70 1260 70 1269 193 1269 209 1275 210 1275 211 1275 212 1275 233 1269 264 1274 265 1274 266 1274 267 1274 273 1269 306 1272 307 1272 308 1272 324 1268 420 1272 421 1272 422 1272 440 1267 493 1273 494 1273 735 1267 736 1255 734 1235 519 1231 519 1231 483 1236 476 1231 475 1231 474 1231 473 1231 420 1236 403 1230 402 1230 402 1230 368 1231 367 1231 366 1231 361 1236 357 1232 356 1232 355 1232 307 1231 306 1231 194 1238 181 1232 181 1232 180 1232 179 1232 156 1239 83 1233 82 1233 81 1233 69 1239 70 1260"/></Shape>
            <String CONTENT="n’ont vſé que de volonté &amp; violence pour toute rai¬"
                    HPOS="69.0"
                    VPOS="1230.0"
                    WIDTH="667.0"
                    HEIGHT="45.0"
                    WC="0.990211528427196"></String>
          </TextLine>
          <TextLine ID="eSc_line_5a6ffd20-6eee-498d-bd6b-95d169fa81d3"
                    TAGREFS="LT8"
                    BASELINE="68 1291 736 1287" 
                    HPOS="67.0"
                    VPOS="1262.0"
                    WIDTH="669.0"
                    HEIGHT="45.0">
            <Shape><Polygon POINTS="68 1291 69 1307 82 1301 137 1306 138 1306 139 1306 140 1306 145 1301 413 1305 414 1305 415 1305 415 1305 425 1299 485 1305 486 1305 604 1304 605 1304 624 1298 735 1302 736 1287 734 1269 703 1262 702 1262 701 1262 701 1262 692 1268 597 1264 597 1264 541 1269 467 1263 467 1263 466 1263 465 1263 457 1269 450 1263 449 1263 448 1263 402 1263 401 1263 343 1264 342 1264 341 1264 334 1269 302 1264 268 1264 267 1264 266 1264 265 1264 258 1269 227 1265 226 1265 225 1265 213 1271 159 1271 150 1265 149 1265 148 1265 125 1265 124 1265 123 1265 122 1265 116 1270 88 1265 87 1265 67 1268 68 1291"/></Shape>
            <String CONTENT="ſon. Dauantage, ſelon la diuerſité des regions, comple¬"
                    HPOS="67.0"
                    VPOS="1262.0"
                    WIDTH="669.0"
                    HEIGHT="45.0"
                    WC="0.9863538348249027"></String>
          </TextLine>
          <TextLine ID="eSc_line_f4a5d312-cbe2-49fc-a149-120649897dfb"
                    TAGREFS="LT8"
                    BASELINE="70 1323 736 1319" 
                    HPOS="69.0"
                    VPOS="1293.0"
                    WIDTH="667.0"
                    HEIGHT="41.0">
            <Shape><Polygon POINTS="70 1323 70 1334 735 1329 736 1319 734 1299 623 1293 622 1293 621 1293 599 1301 525 1301 495 1294 494 1294 452 1302 394 1302 353 1295 352 1295 351 1295 350 1295 343 1299 284 1295 283 1295 282 1295 271 1301 259 1295 258 1295 257 1295 256 1295 240 1302 203 1295 202 1295 161 1296 160 1296 159 1296 149 1303 102 1296 101 1296 69 1304 70 1323"/></Shape>
            <String CONTENT="xions &amp; inclinations des mœurs des gens, il faut que"
                    HPOS="69.0"
                    VPOS="1293.0"
                    WIDTH="667.0"
                    HEIGHT="41.0"
                    WC="0.9974536895751953"></String>
          </TextLine>
          <TextLine ID="eSc_line_a75accc6-e71f-421d-9728-825b6bcfa97a"
                    TAGREFS="LT8"
                    BASELINE="70 1355 736 1350" 
                    HPOS="69.0"
                    VPOS="1323.0"
                    WIDTH="667.0"
                    HEIGHT="42.0">
            <Shape><Polygon POINTS="70 1355 70 1365 735 1365 736 1350 732 1323 706 1330 572 1324 571 1324 571 1324 547 1332 505 1332 495 1324 494 1324 493 1324 493 1324 492 1324 467 1332 385 1325 384 1325 344 1331 321 1326 255 1326 254 1326 253 1326 244 1331 216 1326 215 1326 214 1326 200 1332 152 1327 151 1327 150 1327 149 1327 140 1334 69 1328 70 1355"/></Shape>
            <String CONTENT="leurs droits poſitifs &amp; couſtumes ſoyent differentes. Il"
                    HPOS="69.0"
                    VPOS="1323.0"
                    WIDTH="667.0"
                    HEIGHT="42.0"
                    WC="0.9962460313524518"></String>
          </TextLine>
          <TextLine ID="eSc_line_f2a53e1d-8a42-494a-bbec-561dd5e9b70d"
                    TAGREFS="LT8"
                    BASELINE="71 1387 736 1381" 
                    HPOS="70.0"
                    VPOS="1355.0"
                    WIDTH="666.0"
                    HEIGHT="43.0">
            <Shape><Polygon POINTS="71 1387 71 1398 735 1396 736 1381 734 1361 702 1355 701 1355 701 1355 688 1360 675 1355 674 1355 673 1355 672 1355 671 1355 663 1360 571 1356 571 1356 570 1356 549 1362 479 1362 462 1357 461 1357 460 1357 409 1362 350 1360 350 1360 349 1360 348 1360 341 1364 292 1359 291 1359 232 1365 205 1360 204 1360 115 1360 114 1360 113 1360 105 1367 70 1367 71 1387"/></Shape>
            <String CONTENT="n’eſt donc pas raiſonnable que le monde ſe forme ſur le"
                    HPOS="70.0"
                    VPOS="1355.0"
                    WIDTH="666.0"
                    HEIGHT="43.0"
                    WC="0.9916244300928982"></String>
          </TextLine>
          <TextLine ID="eSc_line_dc6d69ef-d5ce-43d3-86c8-84a76c58c491"
                    TAGREFS="LT8"
                    BASELINE="71 1417 736 1413" 
                    HPOS="70.0"
                    VPOS="1388.0"
                    WIDTH="666.0"
                    HEIGHT="50.0">
            <Shape><Polygon POINTS="71 1417 71 1431 90 1436 91 1436 92 1436 103 1431 188 1431 199 1438 200 1438 201 1438 202 1438 203 1438 237 1430 343 1430 373 1438 374 1438 375 1438 447 1433 454 1437 455 1437 456 1437 457 1437 458 1437 459 1437 466 1433 492 1436 493 1436 493 1436 519 1429 538 1437 539 1437 540 1437 576 1431 588 1437 589 1437 590 1437 591 1437 611 1431 627 1437 628 1437 629 1437 735 1435 736 1413 735 1393 727 1388 726 1388 725 1388 724 1388 553 1394 444 1389 443 1389 401 1395 238 1390 237 1390 236 1390 224 1396 127 1391 126 1391 70 1397 71 1417"/></Shape>
            <String CONTENT="moule des couſtumes d’vn pays ou ville, &amp; qu’il branſle"
                    HPOS="70.0"
                    VPOS="1388.0"
                    WIDTH="666.0"
                    HEIGHT="50.0"
                    WC="0.9914606777104464"></String>
          </TextLine>
        </TextBlock>
        <TextBlock HPOS="236.0"
                   VPOS="103.0"
                   WIDTH="303.0"
                   HEIGHT="47.0"
                   ID="eSc_textblock_42eb8326-5242-4417-a0aa-275ba7425b0c"
                   TAGREFS="BT18">
          <Shape><Polygon POINTS="539 103 539 150 236 150 236 103"/></Shape>
          <TextLine ID="eSc_line_7ed38aed-224c-46ce-b09e-7c95232c605e"
                    TAGREFS="LT8"
                    BASELINE="230 141 544 138" 
                    HPOS="229.0"
                    VPOS="102.0"
                    WIDTH="315.0"
                    HEIGHT="49.0">
            <Shape><Polygon POINTS="513 103 512 103 494 108 470 103 461 103 452 103 442 103 433 103 426 103 402 109 390 103 387 103 377 103 368 103 359 103 350 103 340 103 331 103 330 103 317 110 274 110 263 103 257 103 247 103 238 103 237 102 229 103 230 141 230 151 543 148 544 138 542 108 514 103 513 103"/></Shape>
            <String CONTENT="Sous Charles ix."
                    HPOS="229.0"
                    VPOS="102.0"
                    WIDTH="315.0"
                    HEIGHT="49.0"
                    WC="0.9989861696958542"></String>
          </TextLine>
        </TextBlock>
        <TextBlock HPOS="654.0"
                   VPOS="108.0"
                   WIDTH="72.0"
                   HEIGHT="45.0"
                   ID="eSc_textblock_19d08bb4-8cda-461d-976c-bfd4f0e41807"
                   TAGREFS="BT15">
          <Shape><Polygon POINTS="726 108 726 153 654 153 654 108"/></Shape>
          <TextLine ID="eSc_line_82f8ef0f-fbc4-48fb-9acf-e4266e9e933c"
                    TAGREFS="LT8"
                    BASELINE="654 137 714 137" 
                    HPOS="654.0"
                    VPOS="108.0"
                    WIDTH="60.0"
                    HEIGHT="49.0">
            <Shape><Polygon POINTS="701 108 691 108 682 108 673 108 662 113 654 137 654 150 673 157 674 157 675 157 675 157 691 151 713 156 714 137 714 109 708 108 701 108"/></Shape>
            <String CONTENT="199"
                    HPOS="654.0"
                    VPOS="108.0"
                    WIDTH="60.0"
                    HEIGHT="49.0"
                    WC="0.9997690121332804"></String>
          </TextLine>
        </TextBlock>
        <TextBlock HPOS="736.0"
                   VPOS="842.0"
                   WIDTH="146.0"
                   HEIGHT="139.0"
                   ID="eSc_textblock_00ac1814-27c3-416d-86bd-29fa8dc8350d"
                   TAGREFS="BT100009">
          <Shape><Polygon POINTS="882 842 882 981 736 981 736 842"/></Shape>
          <TextLine ID="eSc_line_eSc_line_58ffcf1e"
                    TAGREFS="LT8"
                    BASELINE="739 869 754 867 872 867" 
                    HPOS="736.0"
                    VPOS="828.0"
                    WIDTH="135.0"
                    HEIGHT="50.0">
            <Shape><Polygon POINTS="738 868 738 878 870 875 871 866 870 835 779 828 778 828 736 836 738 868"/></Shape>
            <String CONTENT="Cod. de ca¬"
                    HPOS="736.0"
                    VPOS="828.0"
                    WIDTH="135.0"
                    HEIGHT="50.0"
                    WC="0.9900992295958779"></String>
          </TextLine>
          <TextLine ID="eSc_line_eSc_line_8d619652"
                    TAGREFS="LT8"
                    BASELINE="739 901 747 900 872 898" 
                    HPOS="736.0"
                    VPOS="867.0"
                    WIDTH="135.0"
                    HEIGHT="47.0">
            <Shape><Polygon POINTS="738 900 738 914 871 910 871 896 866 867 846 875 825 868 824 868 823 868 821 868 792 877 736 871 738 900"/></Shape>
            <String CONTENT="ducis tollend."
                    HPOS="736.0"
                    VPOS="867.0"
                    WIDTH="135.0"
                    HEIGHT="47.0"
                    WC="0.998459381716592"></String>
          </TextLine>
          <TextLine ID="eSc_line_eSc_line_29f097cf"
                    TAGREFS="LT8"
                    BASELINE="737 933 752 932 841 932" 
                    HPOS="737.0"
                    VPOS="932.0"
                    WIDTH="104.0"
                    HEIGHT="1.0">
            <String CONTENT=""
                    HPOS="737.0"
                    VPOS="932.0"
                    WIDTH="104.0"
                    HEIGHT="1.0"
                    ></String>
          </TextLine>
          <TextLine ID="eSc_line_eSc_line_3b93e385"
                    TAGREFS="LT8"
                    BASELINE="737 967 823 962" 
                    HPOS="737.0"
                    VPOS="962.0"
                    WIDTH="86.0"
                    HEIGHT="5.0">
            <String CONTENT=""
                    HPOS="737.0"
                    VPOS="962.0"
                    WIDTH="86.0"
                    HEIGHT="5.0"
                    ></String>
          </TextLine>
        </TextBlock>
      </PrintSpace>
    </Page>
  </Layout>
</alto>
