1000 1671
123.0 99.0 171.0 41.0 M. D. LXXIII*

124.0 358.0 51.0 30.0 ler.

261.0 154.0 210.0 41.0 de la republique.

306.0 189.0 621.0 35.0 Trois ſortes de gens fomentent les guerres ciui¬

122.0 186.0 139.0 45.0 Trois ſortes

270.0 208.0 658.0 51.0 les & y pouſſent ceux qui lesveulent croiré: aſſauoir les

121.0 221.0 140.0 42.0 de gens qui

268.0 245.0 662.0 47.0 chefs de part, & pretendans les vns pour l’eſtat, & les

121.0 257.0 138.0 35.0 aiment & en

270.0 275.0 660.0 48.0 autres pour leur particulier: ſe vantans ce pendant tou¬

121.0 286.0 140.0 38.0 tretiẽnent les

124.0 320.0 138.0 38.0 guerres ciui¬

264.0 337.0 668.0 46.0 ceux qui viuent de ce qu’ils oſtent aux autres, qui ne

264.0 367.0 668.0 47.0 veulent plus exercer autre meſtier. Puis il y a ceux qui

264.0 398.0 666.0 48.0 ſont hors de la preſſe, qui ſe ſentent aſſeurez des dãgers,

263.0 431.0 669.0 48.0 leſquels encouragent ceux de leur party à entreprendre

264.0 462.0 671.0 48.0 & continuer, ayans chaſcun des raiſons & peiſuaſions

264.0 492.0 668.0 50.0 toutes propres & conuenables à leur intention. Enfin

264.0 527.0 667.0 45.0 toutes ces belles conceptions enfantent la ruine com¬

264.0 557.0 669.0 46.0 mune de tous. L’innocent eſt le premier ruiné. C’eſt luy

267.0 590.0 665.0 48.0 qui porte la premiere & principale foule de la guerre.

267.0 620.0 667.0 47.0 Il ſouſpire ſous le faix de la douleur, ignorãt la cauſe de

267.0 652.0 667.0 46.0 icelle, & plus encores le moyẽ de l’euader:tellemẽt qu’en

266.0 682.0 668.0 46.0 fin il trouue ſoulagement en la mort. Les autres meinẽr

268.0 715.0 664.0 44.0 vne vie pire que la mort, trainans vne conſcience qui les

267.0 746.0 669.0 47.0 deſtitue de tout eſpoir & conſolation, quand il faut

266.0 775.0 668.0 52.0 mourir, & lors ſe redoubleront leurs angoiſſes ſi Dieu

267.0 812.0 667.0 43.0 ne leur fait grace. Il vaudroit donc bien mieux faire vne

267.0 840.0 666.0 52.0 guerre abregee, où il n’y auroit que les coulpables & en

130.0 883.0 130.0 45.0 Guerre abre

269.0 904.0 664.0 51.0 miſerable peuple. Il ſera parlé de cecy plus aplain ail¬

269.0 947.0 76.0 37.0 leurs.

277.0 870.0 656.0 55.0 trepreneurs qui en ſentiſſent l’aigreur, nõ pas le pauure

458.0 98.0 279.0 57.0 Eſtat de France

132.0 919.0 51.0 58.0 2ee.

298.0 971.0 636.0 41.0 Ie reuien donc là que c’eſtoit choſe louable aux an¬

270.0 997.0 664.0 51.0 ciens gouuerneurs de la republique Romaine de vou¬

270.0 1029.0 665.0 46.0 loir ſeulement eſtre louez pour leur foy & equité. En

272.0 1063.0 663.0 45.0 ce temps Rome pouuoit eſtre dite la protection du mõ¬

272.0 1092.0 663.0 48.0 de, pluſtoſt que l’empire. Mais depuis peu à peu la cou¬

272.0 1124.0 663.0 47.0 ſtume s’eſt diminuee, & depuis la victoire de Sylla ſur

272.0 1154.0 664.0 52.0 Marius elle ſe perdit du tout apres que de l’honneſte

272.0 1187.0 667.0 48.0 cauſe de guerre qu’il auoit il s’en enſuiuit vne deſhon¬

272.0 1220.0 663.0 47.0 neſte victoire, faiſant tant d’oppreſſion aux citoyens

272.0 1251.0 663.0 47.0 que celle qui auoit eſte faite autresfois aux compagnõs

274.0 1283.0 663.0 45.0 & confederez n’eſtoit rien au pris. Car il vſa des biens

272.0 1311.0 667.0 50.0 de la cité comme de choſe conquiſe. Ainſi la medecine

272.0 1347.0 666.0 48.0 fut pire que la maladie. Que vaut donc le titre? que va¬

272.0 1377.0 667.0 56.0 lent les precepres? eſue valent les manieres de proceder,

874.0 1408.0 64.0 40.0 & lla
