1000 1671
143.0 96.0 167.0 46.0 M.D. IXXIIII

281.0 143.0 661.0 42.0 vrayement à eſtre prince & non le ſemble eſtre: car il de

280.0 173.0 661.0 39.0 ſire executer les choſes louables plus que de receuoir

280.0 206.0 662.0 38.0 louange ſans l’auoir propremẽt meritee. Celuy qui met

280.0 235.0 662.0 41.0 ſa fin en l’erreur & eſtimation d’vne multitude ne doit

281.0 267.0 662.0 43.0 point eſtre tenu au rang des grands hommes, car vn tel

280.0 297.0 662.0 45.0 ſe trouuera facilemẽt gliſſant à iniuſtice. Ie ne voudrois

281.0 328.0 660.0 47.0 pas condamner toutesfois en vn homme le deſir d’a¬

283.0 362.0 660.0 40.0 uoir degré & honneur apres pluſieurs perils & trauaux

281.0 393.0 660.0 44.0 receuz & entrepris: car c’eſt le loyer des choſes par luy

282.0 424.0 660.0 45.0 executees. Mais la naïfue procedure pour eſtablir quel¬

282.0 455.0 660.0 45.0 qu’vn en charge c’eſt la conoiſſance qu’on a qu’il ſoit a¬

282.0 485.0 660.0 48.0 my de iuſtice. Ce n’eſt pas à dire ſi la iuſtice politique

283.0 518.0 659.0 43.0 n’eſt complette en toutes ſes parties qu’aucunes d’icel¬

282.0 550.0 661.0 45.0 les eſtans exercees ne rapportent fruit au public, com¬

282.0 581.0 661.0 42.0 me il ſe void que ſous l’Empire de Neron il y auoit iu¬

282.0 612.0 660.0 44.0 ſtice commutatiue quant au faict des contraux, vendi¬

282.0 645.0 659.0 43.0 tions, obligations, punitions, & autres choſes que les

282.0 674.0 660.0 45.0 tyrannies ont communes auec les bonnes polices. Ainſi

283.0 706.0 660.0 44.0 les conditions & accidents de telle iuſtice ſont dits in¬

282.0 737.0 661.0 44.0 differents. Quant à la diſtribution, il y auoit auſſi quel¬

283.0 769.0 657.0 47.0 que iuſtice: mais c’eſt à la façon qu’elle eſt entre les bri¬

283.0 802.0 657.0 49.0 gans auſquels le chef confere par proportion eſgalité

281.0 835.0 659.0 44.0 au butin qui s’eſt fait. Ainſi font les tyrans à leurs ſatel¬

281.0 866.0 659.0 41.0 lites quant aux diſtributions d’honneurs, offices &

281.0 894.0 659.0 51.0 biens temporels: mais la fin de telle iuſtice diſtributi¬

282.0 927.0 657.0 47.0 ue eſt iniuſtice, car c’eſt pour maintenir la tyran¬

281.0 969.0 58.0 37.0 nie.

479.0 90.0 281.0 53.0 Eſtat de France

142.0 1004.0 145.0 45.0 Quel doite¬

141.0 1068.0 106.0 50.0 la iuſtiee.

305.0 997.0 636.0 37.0 Il faut donc que l’exercice de iuſtice ait ſon but à ver

289.0 1023.0 651.0 47.0 tu & au bien de la ſocieté ciuile. Lactance refere le pro¬

139.0 1031.0 138.0 53.0 ſtre le but de

284.0 1052.0 658.0 49.0 pos que Carneades adreſſoit aux Romains, leur dilant

282.0 1085.0 659.0 50.0 que ſi Rome euſt voulu faire iuſtice à chaſcun, eux qui

280.0 1118.0 661.0 47.0 eſtoyent ſeigneurs du monde ſeroyent reduits en miſe¬

280.0 1147.0 663.0 49.0 re en leurs premieres logettes. A quoy il ſemble (veu que

282.0 1178.0 660.0 51.0 il diſoit vray) que les Romains n’auoyent point de repli

283.0 1216.0 659.0 45.0 que, ſinon que s’ils auoyent peché en quelques vnes des

283.0 1242.0 660.0 50.0 parties de la iuſtice, que nonobſtant ils auoyent retenu

282.0 1272.0 661.0 51.0 le principal, qui eſtoit la iuſtice politique, laquelle a ſon

282.0 1305.0 661.0 48.0 but à la concorde vniuerſelle, & que tous peuples eſtans

282.0 1335.0 659.0 49.0 malmenez & tyranniſez ſous les petits eſtats où ils e¬

283.0 1367.0 661.0 61.0 ſtoyent gouuernez auoyent à deſirer que l’Empire du

848.0 1404.0 98.0 42.0 montie
