1000 1671
115.0 106.0 166.0 49.0 14.D.IXXIIII

253.0 161.0 669.0 41.0 nul n’en peut ſi bien ſcauoir ce qui y eſt expedient que

255.0 188.0 670.0 44.0 telle multitude: & conſequemment quand il conſte de

254.0 218.0 671.0 43.0 l’election ou correction des princes: car (comme dit Ari

255.0 251.0 670.0 44.0 ſtote) elle doit auoir la domination des plus grãdes per¬

255.0 282.0 669.0 45.0 ſonnes & des meilleures. Ainſi les ſages & grands ſauẽt

258.0 313.0 668.0 42.0 compoſer les loix & ſtatuts comme le maſſon a fabriqué

258.0 346.0 667.0 42.0 I’edifice, & la multitude compoſee de ſcauans & idiots

259.0 376.0 667.0 41.0 vſent des loix & ſentent l’vtilité d’icelles, ainſi la multi¬

258.0 408.0 669.0 42.0 tude conoit l’vrgence & commodité de toutes. Mais en

258.0 441.0 668.0 44.0 ceci conoit on que les deſordres viennent de ceux qui

258.0 473.0 670.0 45.0 ſont deputez par icelle, atren du que toute iniuſtice viẽt

259.0 505.0 670.0 44.0 & procede de la voye des eſtats & offices du public: car

259.0 538.0 669.0 38.0 il eſt neceſſaire que ceux qui achetent, vendent apres en

259.0 567.0 671.0 44.0 detail ce qu’ils ont acquis en gros, & en cela y a il cõplor

259.0 600.0 673.0 42.0 entre le prince & eux, pour trahir miſerablemẽt la multi

118.0 629.0 136.0 49.0 Contre la vé

267.0 632.0 663.0 44.0 tude ſur laquelle eſt fõdé tout l’hõneur & la richeſſe que

116.0 669.0 140.0 49.0 te des offices,

266.0 658.0 665.0 53.0 ils ont. Car le prince qui aura vẽdu les offices ne peut pu

261.0 696.0 671.0 45.0 nir puis apres celuy qui aura vendu ce qui en depend, ſi

264.0 726.0 668.0 45.0 ce n’eſt qu’il commette vne ſeconde iniuſtice par l’in¬

264.0 757.0 669.0 43.0 fraction des conuenances tacites entre luy vendeur & le

264.0 790.0 670.0 48.0 ſecond iniuſte qui eſt acheteur. Or les premiers & plus

121.0 820.0 140.0 44.0 C.Tacit. au

268.0 821.0 666.0 43.0 anciens hommes ſe cõtenoyent les mains pures au tẽps

122.0 850.0 139.0 52.0 3. des anna

272.0 856.0 662.0 40.0 du regne de Saturne: auſſi tout flouriſſoit ſous ceſt aage

268.0 883.0 668.0 45.0 d’or. Ils n’eſtoyent point ainſi corrompus d’affections

267.0 915.0 668.0 43.0 deſordonnees, viuoyent ſans vice & reproche, au moyẽ

269.0 947.0 667.0 47.0 dequoy n’eſtoyent ſuiets à rude correction, Il n’eſtoit

269.0 981.0 667.0 42.0 non plus queſtion de remuneration & loyer, pour autãt

269.0 1011.0 670.0 46.0 que les choſes honneſtes eſtoyent ſeulement cerchees à

267.0 1041.0 672.0 43.0 cauſe d’elleſmeſmes. Et comme lon ne ſouhaitoit rien

267.0 1074.0 672.0 48.0 contre la maniere de viure acouſtumee, conſequem¬

268.0 1108.0 672.0 41.0 ment rien n’eſtoit par crainte deffendu. Mais depuis que

269.0 1137.0 669.0 50.0 l’ineſgalité de ce regne fut miſe hors, & qu’ãbitiõ & vio

269.0 1170.0 669.0 42.0 lences ſont venues à occuper le lieu de honte & de mo¬

268.0 1203.0 675.0 44.0 deſtie, les dominations eurent ceſt accroiſſement &

270.0 1234.0 610.0 45.0 demeurerent perpetuelles entre pluſieurs nations.

469.0 106.0 275.0 49.0 Eſtat de France

124.0 890.0 46.0 42.0 les.

125.0 1279.0 144.0 40.0 D'ominadο͂ς

124.0 1344.0 59.0 53.0 ſes.

302.0 1272.0 638.0 35.0 Toutesfois aucunes ou des le commencement ou

125.0 1313.0 146.0 46.0 ci ment dreſ¬

271.0 1329.0 668.0 49.0 beaucoup mieux aimé eſtre gouuernez par loix &ordõ¬

271.0 1361.0 672.0 47.0 nances, qui ont eſté ſimples au commencement, cõme

272.0 1391.0 670.0 53.0 on void de celles de Minos pour les Candiots, & depuis

275.0 1293.0 667.0 50.0 depuis,pour ce que les Roys ne leur venoyent à gré,ont

844.0 1427.0 96.0 42.0 ſubtili¬
