1000 1671
64.0 154.0 669.0 48.0 fois icelles ne ſuccederont au Royaume, aihs ce ſera le

58.0 196.0 205.0 27.0 frere du deceue.

88.0 204.0 645.0 53.0 Il eſt vray que cela concerne certains foyaumes par¬

60.0 243.0 675.0 41.0 ticuliers, & me pourra on dire que cela n’exclud pas les

60.0 276.0 676.0 42.0 couſtumes receues aux autres. Surquoy i’ay à reſpondre

60.0 307.0 677.0 43.0 que ce qui eſt ordonné iouxte la loy de nature ne doit

63.0 338.0 673.0 40.0 eſtre reputé particulier, ains receu pour reigle generale.

63.0 370.0 675.0 44.0 Que reſpondra on à ce qui en eſt pronõcé en droit. Cod:

61.0 401.0 676.0 45.0 de ſponſalib. lege 4. où il eſt dit que la femme de ſa nature

63.0 433.0 674.0 46.0 procure ſon propre dommagé? comment procurerà els

63.0 465.0 674.0 40.0 Ie donc le bien de la republique, ſi naturellement elle i?

64.0 495.0 673.0 47.0 gnore la voye de paruenir à l’vtilité conuenable &t des

64.0 528.0 672.0 43.0 cente? Il eſt bien vray qu’elle cerchera bien à faire profit;

64.0 559.0 674.0 43.0 comme ainſi ſoit que de ſon naturel elle ſoit eſcharce&

64.0 591.0 675.0 42.0 treſauare, tellement que nul ne ſe ſent, non pas elle meſ¬

64.0 621.0 675.0 39.0 me, de ſa beneficence. Mais cela eſt (comme on dit) bruſ¬

68.0 653.0 672.0 45.0 ler vne chandelle d’vn liard à cercher vne eſpingle, dõt

65.0 685.0 676.0 41.0 le quarteron ne couſte qu’vn denier. Le gouuernement

66.0 720.0 676.0 39.0 ciuil requiert vn poids meſuré, experiẽce, & grauité aux

66.0 747.0 675.0 42.0 mœurs & en l’eſprit du prince. La femme eſt touſiours

67.0 778.0 675.0 46.0 ieuné en l’eſprit, & eſt ſa volonté ſuiette à treſſoudaine

66.0 812.0 675.0 43.0 mutation. voila deſſa beaucoup de qualitez toutes con¬

68.0 845.0 673.0 39.0 traires à celles qui eſtoyent cauſe de faire eſlire les Roys

68.0 875.0 674.0 44.0 au commencement, que les luriſtes attribuent, non a

71.0 906.0 669.0 42.0 certaines femmes, mais comme peculieres preſques à

71.0 943.0 669.0 39.0 tout le genre femenin. Au ſurplus que lon regarde quels

71.0 971.0 669.0 41.0 magiſtrats veut la parole de Dieu: qu’ils ſoyẽt vertueux,

69.0 997.0 671.0 50.0 craignans Dieu, veritables & haiſſans auarice. Què ſera

752.0 969.0 97.0 76.0 Ecidηι

72.0 1032.0 670.0 44.0 ce ſi ces choſes ſont ſi rares en ce genre d’animal, que

74.0 1064.0 669.0 45.0 preſque rien de tous ces biẽs ne s’y trouue? car la loy dit

74.0 1096.0 669.0 45.0 encores dauantage ff. de off. proconſul. & legat. I. obſeruutur.

74.0 1127.0 669.0 40.0 que la femme de ſon propre mouuement eſt mauuaiſe.

74.0 1158.0 671.0 47.0 Salomon en pourroit parler comme ſauant, lequel mon

74.0 1183.0 809.0 54.0 ſtre la rarité des femmes vertueuſes eſtre telle qu’à pei-Eccleſiaſt.7.

74.0 1221.0 671.0 44.0 ne en conut-il iamais vne qui le fuſt: & ſi quand elles

75.0 1254.0 672.0 41.0 ſe desbordẽt en malice il ne s’en trouue point de pareil

74.0 1284.0 673.0 47.0 Ie à la leur: la femme ayme à cauſer & babiller de ſa pro¬

77.0 1319.0 671.0 43.0 pre nature ce qui eſt recité au droit faiſant mention de

77.0 1349.0 671.0 47.0 Calphurnya, ffi de poſtulando:l. 5.ſexum. Et qui plus eſt elle

77.0 1381.0 669.0 59.0 eſt reputee comme faulſe, qui fait que ſelon le droit ci¬

237.0 97.0 298.0 50.0 Sous Charles Ix.

663.0 104.0 64.0 52.0 171

597.0 1427.0 11.0 36.0 F.

630.0 1420.0 19.0 42.0 3
