1000 1671
138.0 101.0 160.0 43.0 M.D.LXXIIFI

487.0 103.0 276.0 55.0 Eſtat de France

269.0 156.0 662.0 42.0 uenit par contumelie & vilenie receue, comme fit Pau¬

268.0 185.0 659.0 45.0 ſanias, qui tua Philippe de Macedone, pource qu’il ne

269.0 217.0 659.0 44.0 luy fit iuſtice de la vilenie que luy auoit faite Attalus.

271.0 248.0 658.0 45.0 Vn nommé Bodille tua vn Roy de France, & ce non

267.0 282.0 663.0 41.0 contre la principauté. & gouuernement, mais contre la

267.0 313.0 661.0 42.0 perſonne du prince: tellement qu’iniure faite & le pro¬

267.0 344.0 663.0 42.0 fit tiré ſur le peuple, & vient des ſeditions quand le prin

267.0 377.0 662.0 42.0 ce eſt deuenu trop arrogant ou qu’il applique à ſoy ce

267.0 406.0 661.0 45.0 qu’il tire de ſes ſuiets, qui deuroit eſtre appliqué aux cho

267.0 440.0 663.0 38.0 ſes communes. Il y a auſſi quand on pratique des brigues

129.0 462.0 137.0 48.0 Ariſt. Peli.

267.0 500.0 660.0 44.0 noiſſance, ou qu’ils ne conuerſent enſemble par amitié,

267.0 534.0 663.0 38.0 ce qui ſe pratiqueroit autrement par alliances & com¬

266.0 569.0 665.0 35.0 munes vtilitez. Cela auient entre eſtrangers naturels, &

267.0 596.0 664.0 43.0 auſſi entre ceux de meſme patrie, que lon eſtrange les

268.0 627.0 663.0 39.0 vns des autres. Quant aux premiers, l’vnion ne peut

269.0 660.0 661.0 39.0 pas auoir lieu en peu de temps que l’eſtranger ſoit in¬

268.0 694.0 663.0 40.0 corporé en la communité des citoyens: & pourtant ne

267.0 722.0 663.0 41.0 faut ſinon auec diſcretion les pourueoir aux charges pus

267.0 753.0 664.0 42.0 blicques: autrement il ſeroit dãgereux de tomber en tel

269.0 788.0 659.0 41.0 accident que ceux d’vne cité d’Achaye nommee Sibare,

266.0 817.0 663.0 42.0 dont les Achayens chaſſerent les Troyens proprietaires

267.0 850.0 663.0 41.0 d’icelle par ſedition, & puis les Sybariens voulurent de

266.0 881.0 664.0 38.0 meſmes vſurper ſus les Thuriẽs, mais ils furẽt vaincus &

267.0 911.0 663.0 41.0 debellez. La fineſſe de Pharao tendoit à ce butpour ne ſe

268.0 942.0 381.0 42.0 laiſſer ſuppediteraux eſtrangers.

270.0 467.0 660.0 45.0 parmy les ſuiets, ou qu’ils ne ſont d’vne affinité & co¬

130.0 492.0 34.0 61.0 5..

127.0 924.0 102.0 44.0 Exod. I.

127.0 959.0 134.0 48.0 Des guerres

128.0 990.0 79.0 42.0 ciuiles.

297.0 982.0 632.0 33.0 Quant aux compatriottes qui ſont diuiſez, ſ’animoſi¬

265.0 1003.0 665.0 43.0 té y eſt pluſgrande: car n’eſtans ni l’vn ni l’autre eſtran¬

268.0 1036.0 661.0 43.0 gers, ils pretendent eſgalemẽt droit aux libertez du pays

268.0 1069.0 663.0 38.0 Ainſi ſi les parties ſe ſentent eſgales elles different de

269.0 1099.0 662.0 39.0 s’entr’aſſaillir, mais ſi elles ſont ineſgales, la plus forte

270.0 1133.0 662.0 36.0 procede violentement à la ruine de l’autre, & quelqueſ

267.0 1164.0 665.0 37.0 fois auſſi que la plus foible inuadera par ſurpriſe l’autre

266.0 1199.0 666.0 37.0 pour preuenir ſentant la ruine eſtre conſpiree, tellemẽt

265.0 1226.0 665.0 41.0 que ceux qui ſement diuiſion en vn eſtat en procurẽt la

266.0 1259.0 665.0 41.0 ruine. Car ceux qui ſont en ſedition changent ſouuent

265.0 1292.0 663.0 37.0 les polices du tout s’ils ont du bon, ou bien ceux qui y

263.0 1324.0 668.0 37.0 reſiſtent les changent en partie, par les moyẽs qu’ils ſont

263.0 1353.0 667.0 36.0 contraints recercher pour ceſte reſiſtence. Par fois la ſe¬

263.0 1384.0 662.0 54.0 dition ne change pas la police, ains le ſeigneur qui y pre¬

875.0 1420.0 56.0 44.0 ſide
