1000 1671
127.0 106.0 158.0 48.0 M. D.LXXIIII

134.0 1150.0 88.0 54.0 Act.5.

438.0 100.0 275.0 56.0 Eſtatde France

265.0 154.0 671.0 42.0 en la doctrine qu’ils peuſſent eſtre reſolus de ce point

265.0 182.0 670.0 44.0 en vne cõſciẽce biẽ inſtruite. Ioĩt que c’eſtoit au tẽps que

265.0 212.0 668.0 44.0 Chriſt par ſes douze teſmoins vouloit fonder ſon royau

265.0 244.0 669.0 46.0 me ſpirituel ſans aucũ meſſinge politique. Les chreſtiẽs

265.0 275.0 669.0 48.0 n’auoyẽt auſſi pas charge de l’eſtat pour entreprẽdre cõ¬

264.0 307.0 670.0 49.0 tre Netõ, & ne faiſoiẽt que cõmẽcer a y naiſtre. Et pour¬

265.0 340.0 670.0 46.0 tãt il faloit reluire en douceur & pieté parmi la natiõ tor

267.0 370.0 668.0 46.0 tue, ſans rien entreprẽdre à ce cõmẽcemẽt. Mais ſi l’ẽpire

266 402 668 40 euit elte tuut de ememenx ny eun cauatieconaciatio.

296.0 439.0 639.0 43.0 Il y en a qui mettent les calamitez procedantes de la

267.0 466.0 668.0 43.0 tyrannie au meſme rang de celles qui procedẽt de la pe¬

265.0 496.0 670.0 50.0 ſte & de la famine: & qu’en cela ne faut vſer que de pa¬

267.0 531.0 668.0 46.0 tience, qui prouiendra du remords de nos pechez que

267.0 560.0 668.0 48.0 nous ont amené ce mal auec l’impoſſibilité ſelon l’appa

267.0 593.0 668.0 45.0 rence de nous en pouuoir deſcharger, reconoiſſans

267.0 624.0 669.0 47.0 cela pour vn fleau de Dieu. Surquoy ie di que meſmes

267.0 654.0 669.0 49.0 aux ſuſdites calamitez prouenantes d’inſtrumens &

267.0 687.0 670.0 49.0 moyens inanimez, comme la peſte & la famine, il n’eſt

269.0 721.0 667.0 47.0 pas indecent d’y cercher des remedes legitimes encores

269.0 751.0 667.0 46.0 que nous ſentions bien cela eſtre vn fleau de Dieu. Mais

268.0 782.0 669.0 47.0 la calamité prouenant de tyrannie naiſt d’vn inſtrument

269.0 814.0 674.0 48.0 qui a vie, raiſon, & volõté. Ainſi le tyran eſt ſuiet à iuge¬

269.0 846.0 670.0 47.0 ment d’equité & reductible à la raiſon de iuſtice. Par¬

271.0 879.0 668.0 48.0 quoy ceſte comparaiſon ne ſe trouue conuenable pour

270.0 910.0 668.0 48.0 la conſideration des inſtrumens par leſquels Dieu nous

271.0 940.0 668.0 48.0 chaſtie. Car la peſte & la famine ſont playes immediate¬

271.0 973.0 668.0 45.0 ment donnees de la main de Dieu, & celles de la tyrãnie

271.0 1003.0 669.0 47.0 ſont mediates, & eſt dit de tels inſtruments que Dieu

272.0 1035.0 668.0 49.0 nous ayant fouettez iette les verges dans le feu. No¬

273.0 1067.0 665.0 48.0 tons donc là deſſus que les princes ſont appellez Dieux,

272.0 1098.0 668.0 48.0 pource que la parole de Dieu & les ſainctes loix leur

274.0 1130.0 666.0 44.0 ſont commiſes & adreſſees: & que Sainct Pierre ne les

273.0 1163.0 667.0 48.0 appelle plus que hommes quand ils commandent im¬

275.0 1193.0 666.0 49.0 pieté & iniuſtice, les oppoſant à Dieu quand il dit que

275.0 1226.0 666.0 43.0 il faut pluſtoſt obeir à Dieu qu’aux hommes. D’autre¬

277.0 1256.0 665.0 50.0 part il ne ſe trouue point que l’Euangile augmente la

279.0 1288.0 662.0 48.0 puiſſance des Roys à la diminution de celle des e¬

278.0 1320.0 666.0 49.0 ſtats, ni que les Chreſtiens ſoyent forclos du droit

279.0 1353.0 665.0 46.0 naturel & des gents non plus que du droit ciuil dont

267.0 1385.0 674.0 54.0 ils iouyſſent, comme ceux d’autre Religion non plus

891.0 1421.0 44.0 50.0 que
