1000 1671
127.0 92.0 165.0 46.0 M.D. LxXIIII

467.0 90.0 286.0 51.0 Eſtat de France

260.0 144.0 674.0 43.0 bien diſpenſee ſe conuertit en iuſtice. Mais on peut re¬

263.0 169.0 672.0 49.0 marquer en beaucoup d’exemples commẽt les deſſeins

264.0 203.0 671.0 49.0 des hommes ſe trouuent vains en cela quant à leur pre¬

264.0 233.0 672.0 51.0 tente, & qu’ils trainent vne infinité de maux. Que durãt

266.0 267.0 670.0 43.0 deux cens & quarante ans auant l’exil de Tarquin, les

266.0 297.0 671.0 49.0 Romains n’auoyent pas amplifié leur territoire de vingt

268.0 326.0 669.0 49.0 milles d’Italie à l’entour de la ville, qui eſt iuſques à O¬

268.0 362.0 669.0 46.0 ſtie que le Roy Ancus fonda, & ne ceſſerent preſque du¬

269.0 390.0 668.0 50.0 rant ce temps d’auoir guerres. Ainſi ils eſtoyent (dit S.

269.0 425.0 673.0 48.0 Auguſtin au3. de la cité de Dieu) menez de la vanité de

270.0 453.0 669.0 47.0 leurs renommees victoires: & ce pondant affligez de l’ef

270.0 487.0 668.0 46.0 froy & des peines des guerres douteuſes & calamiteu¬

271.0 518.0 669.0 50.0 ſes. Il y a bien quelque aparence, en ce que dit Iuſtin, par

271.0 551.0 669.0 44.0 Iant des Atheniens, & Salluſté des Romains, que par fau

272.0 581.0 668.0 49.0 te de bonnes couſtumes en temps de paix, les peuples s’e

272.0 612.0 670.0 48.0 ſtoyent comme enrouillez comme le fer, & qu’il les fa¬

273.0 643.0 669.0 52.0 loit repolir en guerre par bonnes loix & diſciplines mili

274.0 678.0 670.0 45.0 taires, pour les remettre en leur premiere valeur. Mais

274.0 708.0 669.0 47.0 cela ne s’e ſt iamais entendu de faire combatre la patrie

274.0 738.0 668.0 50.0 en ſoy meſmes: car telle guerre produit tout contraires

275.0 772.0 594.0 46.0 effects à ceux dont parlent icy luſtin & Salluſte.

304.0 812.0 639.0 38.0 Le prince donc qui pour ſon ambition, auarice ou

277.0 833.0 664.0 52.0 cruauté, aura ſuſcité de tels maux, peut eſtre dit ami des

277.0 864.0 665.0 53.0 ennemis de la patrie, & ennemy des amis d’icelle. Et

279.0 897.0 663.0 50.0 couſtumierement cela eſchet à gens bas de cœur, ou fu¬

279.0 932.0 665.0 47.0 rieux, ou laſches & infames: & comme lon dit, qui eſt

280.0 958.0 663.0 52.0 doux aux ennemis eſt cruel aux amis, n’eſt pas digne

280.0 991.0 664.0 50.0 de regner. Le peuple par la volonté de Dieu a donné la

280.0 1022.0 665.0 52.0 puiſſance au prince à conditions ſainctes & equitables.

140.0 1026.0 134.0 78.0 Cd dereno¬

137.0 1090.0 119.0 46.0 donationi¬

139.0 1120.0 136.0 46.0 bus. l. finali.

279.0 1148.0 668.0 49.0 donc à vn tel oſter ce qu’on luy a donne ſous conditiõs

280.0 1180.0 666.0 51.0 de l’exercice de iuſtice & conſeruation des droits du pu¬

281.0 1212.0 666.0 52.0 blic. Il y a auſſi ce qui eſt dit que là où il y a defaut de iu¬

281.0 1243.0 667.0 50.0 ſtice, & celuy qui eſt obligé ou qui fait quelque tort, ne

139.0 1267.0 143.0 53.0 Cod. de iudi

142.0 1317.0 136.0 42.0 ciïs. l. nullũ.

143.0 1343.0 139.0 46.0 & 23.queſ.

140.0 1381.0 139.0 50.0 2.cap. primo.

289.0 1335.0 660.0 51.0 de la puiſſance du public oppoſee à celle du prince qui

289.0 1367.0 660.0 61.0 n’eſt plus rien quand ceſte là luy eſt oppoſee. Et de fait

288.0 1306.0 659.0 51.0 ſtice & ſon droit par les armes. I’enten touſiours parler

292.0 1278.0 656.0 47.0 reconoit aucune ſouneraineté, on peut pourſuiure ſa iu

285.0 1119.0 660.0 49.0 auquel elle eſt donnee, ou pour ſon ingratitude. Il faut

285.0 1083.0 657.0 54.0 ſe donnee peut eſtre reuoquee pour la coulpe de celuy

284.0 1052.0 660.0 52.0 s’il en abuſe on peut pratiquer la loy, qui dit que la cho¬

851.0 1403.0 100.0 46.0 ce n’eſt
