1000 1671
129.0 104.0 163.0 33.0 M. D. IXXIIII

131.0 244.0 99.0 48.0 artífices.

128.0 130.0 133.0 56.0 Eccleſia.o.

274.0 161.0 664.0 38.0 bienheureuſe eſt la terte de laquelle le Roy eſt noble. Sr

126.0 182.0 140.0 43.0 ff. de ſolutio¬

272.0 185.0 666.0 41.0 elle defaut quelquesfois aux Roys, elle peut bien def¬

128.0 214.0 143.0 39.0 nibus l. inter

275.0 217.0 660.0 43.0 faillir aux autres nobles. Il y a auſſi vne autre nobleſſe

262.0 250.0 672.0 44.0 qui eſt ſpirituelle procedante d’ingenioſité, comme par

267.0 284.0 673.0 39.0 lant de l’excellence du ſçauoir d’vn homme ou de celle.

267.0 314.0 668.0 43.0 d’vn artiſan qui ſeront reputez nobles au regard de leurs

265.0 346.0 677.0 42.0 inferieurs. Et en ceſte maniere vn ſerf auſſi pourroit e¬

267.0 377.0 668.0 40.0 ſtre reputé noble. Mais la vraye nobleſſe de l’hõme con¬

269.0 408.0 641.0 45.0 ſiſte en la vertu d’iceluy & de ſon lignage qu’il enſuit.

127.0 432.0 141.0 41.0 Origine dela

129.0 498.0 72.0 34.0 tique.

129.0 531.0 88.0 44.0 Gen.6.

462.0 103.0 305.0 57.0 Eſtat de Francé

126.0 463.0 135.0 55.0 nobleſſe poll

296.0 445.0 645.0 35.0 On veut dire que la premiere origine de ce titre de

271.0 466.0 666.0 47.0 nobleſſe a eſté du tẽps de Dauid. Les autres diſent que ce

270.0 504.0 666.0 40.0 fut Theſeus qui diuiſa la nobleſſe d’auec les laboureurs.

268.0 534.0 667.0 38.0 Mais il eſt certain que les premiers nobles furent ceux

268.0 565.0 667.0 43.0 deſquels parle Moyſe auant le deluge, qu’il dit auoir eſté

268.0 598.0 673.0 42.0 les puiſſans qui de tout tẽps ont eſte gens de renõ, deſ¬

269.0 630.0 673.0 39.0 quels la nobleſſe conſiſtoit pluſtoſt en audace &violẽce

269.0 661.0 675.0 44.0 que nõ pas en qualitez requiſes pour la vraye nobleſſe:

270.0 692.0 674.0 42.0 cõme il y en aaſſez de tels auiourd’huy qui ne cõſti tuẽt

268.0 724.0 670.0 40.0 leur nobleſſe qu’en la race & en la violẽce ſur les impuiſ

268.0 755.0 668.0 42.0 ſans. Il appert donc que la nobleſſe vraye vient de vertu,

270.0 790.0 667.0 41.0 &que les premiers auteurs en ont obtenu le titre par vio

269.0 821.0 669.0 41.0 lence ſans l’effect: cõme auſſi les premiers Roys quiont

269.0 851.0 674.0 40.0 obtenu grãde eſtẽdue d’Empire & de puiſſance ont eſté

268.0 882.0 676.0 43.0 tyrans, cõme Nembroth. Mais Dieu a conuerty en bien¬

270.0 914.0 667.0 43.0 ce qui eſtoit du mal des hõmes & a beny la nobleſſe, les

271.0 945.0 666.0 45.0 grãds royaumes & la puiſſance des rois, pourueu qu’elle

271.0 976.0 668.0 44.0 ſe retiene dans les bornes d’equité & vtilité publique. Ce

272.0 1008.0 666.0 42.0 n’eſt donc pas fondement du tout vallable pour la no¬

272.0 1038.0 667.0 46.0 bleſſe que d’alleguer la ſeule race. Et de fait il faut qu’il

271.0 1070.0 670.0 46.0 apparoiſſe cõme vne reſidẽce de vertu au lignage de ce¬

272.0 1104.0 674.0 44.0 luy qui s’en veut vanter: & s’en vantera en vain s’il n’en¬

272.0 1133.0 677.0 44.0 ſuit ce qui a donné la nobleſſe à ſes deuanciers. Car la

273.0 1165.0 674.0 45.0 la gloire ne conſiſte pas à eſtre du lignage de Caton ou¬

273.0 1198.0 669.0 45.0 de Scipion ou de Cæſar, ſi ce n’eſt qu’on ſuccede à leur

132.0 1233.0 133.0 39.0 Senecque à

273.0 1260.0 670.0 41.0 que quelques ſerfs ne ſoyent deſcẽdus de Roys. Il faut

272.0 1293.0 675.0 46.0 donc cõclurre que nobleſſe n’eſt pas du tout en l’excel¬

272.0 1323.0 676.0 46.0 lence des parẽs, conſiderãt meſmes qu’elle peut eſtre per

272.0 1357.0 669.0 43.0 due ou acquiſe par acouſtumãce. Mais en tout euenemẽt

271.0 1388.0 675.0 51.0 ſi preſume-on touſiours que les nobles ſont plus ver¬

132.0 1269.0 80.0 53.0 Lucil.

865.0 1424.0 81.0 35.0 tueux
