848 1417
66.0 147.0 564.0 35.0 donnees & reiglees les ſubſides ſeroyẽt moindres, & en

64.0 171.0 563.0 38.0 conſequence s’acroiſtroit le bien & reuenu d’vn chacũ.

66.0 198.0 563.0 39.0 Qu’il n’y a loy payẽne qui permette à vn roy leuer ſur ſõ

65.0 225.0 564.0 39.0 peuple tel tribut qu’il luy plaiſt, que cela n’eſt regner

64.0 250.0 565.0 39.0 mais tyrãniſer. Il remõſtroit à ceux de ſa robe, outre ce

65.0 277.0 563.0 41.0 que deſſus que le ſerment que les officiers font au Roy

62.0 305.0 566.0 37.0 n’eſt tãt à ſa perſonne qu’à l’eſtat de la France, lequel ils

61.0 330.0 567.0 42.0 iurent de maintenir & conſeruer à leur pouuoir, auquel

62.0 357.0 565.0 36.0 leur ſerment ils contreuiennent, & ne s’aquitent enuers

62.0 384.0 564.0 40.0 Dieu & les hommes s’ils ne s’oppoſent aux charges du

62.0 411.0 564.0 40.0 peuple, s’ils ne deſirent que l’Egliſe de Dieu ſoit pour¬

62.0 442.0 563.0 31.0 ueuë de bons & doctes miniſtres, s’ils ne trouuent mau¬

61.0 465.0 564.0 41.0 uais que les charges les plus honorables en la iuſtice, qui

59.0 492.0 567.0 39.0 ſont choſes ſainctes & ſacrees deües au merite, ſoyent

58.0 517.0 565.0 42.0 ainſi expoſees à l’ãbitiõ de ceux qui ont le plus d’argẽt,

60.0 544.0 564.0 40.0 & que meſme l’argent qui en prouient nõ plus que des

59.0 571.0 565.0 37.0 ſubſides extraordinaires, ne ſoit employé au profit de la

59.0 598.0 564.0 42.0 couronne, ains prodigalement donné auparauant qu’il

58.0 625.0 565.0 37.0 foit deſbourcé, & que les arreſts des cours ſouueraines

57.0 651.0 564.0 37.0 donnez auec conoiſſance de cauſe ſoient caſſez par vnc

57.0 679.0 564.0 38.0 lettre de chancelerie, & qu’il ne ſoit permis és cours de

56.0 705.0 564.0 38.0 modifier les Edicts du Roy. Que s’ils ne s’oppoſẽt à tels

55.0 732.0 563.0 37.0 abuz, ils ſeront à bon droit iugez flateurs & non zela¬

57.0 760.0 561.0 39.0 teurs de l’eſtat. Qu’en ce ſeul royaume les perſonnes ver

56.0 787.0 558.0 39.0 tueuſes & de merite ne ſont recnoues ni hõnorees, ains

55.0 812.0 535.0 37.0 les degrez & diſtinctions des perſonnes confondues.

196.0 103.0 258.0 44.0 Sous Charles IX.

567.0 109.0 62.0 36.0 218

81.0 847.0 537.0 30.0 Encores que les choſes qu’alleguoit le lieutenãt fuſ¬

55.0 863.0 561.0 40.0 ſent vrayes, touresfois perſonne ne s’oſoit fie en

54.0 891.0 563.0 42.0 luy, à cauſe que ceux de la religion l’auoyent eſ¬

55.0 920.0 560.0 39.0 prouué pour l’vn des plus aſpres ennemis de leurs Egli¬

53.0 946.0 562.0 39.0 ſes: les Politiques l’eſtimoyẽt ambitieux & malcõtẽt de

54.0 972.0 560.0 43.0 quelques particuliers dont il ſe vouloit venger par les ar

52.0 1000.0 562.0 39.0 mes de pluſieurs. Brief la pluſpart d’être eux croioit que

51.0 1025.0 562.0 43.0 le rolle qu’il iouoit luy auoit eſté dõné pour quelque fin

51.0 1054.0 563.0 40.0 autre qu’il publioit. Les vns eſtimoyẽt que la roine mere

51.0 1080.0 562.0 41.0 l’auoit appoſté pour ſõder les cœurs des gẽtilshõmes &

51.0 1106.0 562.0 40.0 s’ẽ ſeruoit cõme d’vn ſifflet pour attrapper les oiſeaux:

50.0 1135.0 564.0 37.0 les autres imaginoiẽt d’autres ruſes, & eſtoiẽt cõfermez

50.0 1161.0 564.0 39.0 en leurs pẽſees pour le traitent qu’ils entẽdoyent que ce

49.0 1186.0 565.0 49.0 hieutenãt receuoit en Cour quãd on l’y appelloir:& tient

467.0 1222.0 78.0 36.0 EE 2
