1000 1671
155.0 96.0 159.0 42.0 M. D. LXXHIII

288.0 148.0 664.0 40.0 dit l’exellence de tout ce qui a vie mortelle. Mais quand̀

289.0 177.0 663.0 42.0 il eſt deſtitué de iuſtice, c’eſt la pire choſe de toutes, &

289.0 208.0 661.0 43.0 principalement quand il a pouuoir: car tant plus l’iniu¬

289.0 241.0 663.0 36.0 ſtice eſt armee & fortifiee, tant plus elle eſt pernicieuſe.

289.0 272.0 663.0 40.0 Il eſt donc requis que l’homme de gouuernement ſoit

150.0 297.0 125.0 44.0 Fondement

291.0 303.0 660.0 35.0 amy de iuſtice.Le fondement de ceſte iuſti ce c’eſt foy &

288.0 335.0 662.0 40.0 loyauté qui eſt ſelon le dire de Ciceron, au 1. des offices,

290.0 366.0 662.0 36.0 vne ferme ſtabilité & conſtance de verité es paroles, cõ¬

289.0 396.0 663.0 39.0 uenances & promeſſes. Et ſelon les Stoiciens, ce mot la¬

289.0 428.0 663.0 41.0 tin fides eſt defini fiat quod dictum eſt, & pour ceſte raiſon

289.0 461.0 662.0 43.0 quand il eſt queſtion de choſes importantes on dõne le

289.0 494.0 662.0 39.0 ſerment pour ſeureté des conuenãces, & ſingulierement

287.0 523.0 661.0 39.0 quãd vn public conſtitue vn prince ſur ſoy il y a ſermẽs,

287.0 556.0 664.0 43.0 ſponſion & promeſſes reciproques, cõme il eſt pratiqué

287.0 587.0 666.0 41.0 en France encores, ſuiuant ce qui eſtoit en Iuda. Et quãd

287.0 618.0 664.0 42.0 le ſerment n’y ſeroit dõné, ſi eſt-ce que les cõditiõs ſont

288.0 650.0 662.0 42.0 touſiours entẽdues quãd vn peuple conſtitue ou cõſent

289.0 683.0 659.0 42.0 qu’un prince ſoit pour le gouuerner: mais pour y proce¬

288.0 713.0 553.0 41.0 der plus religieuſement on deffere le ſerment.

151.0 331.0 108.0 50.0 de iuſtire.

507.0 92.0 271.0 56.0 Eſtat de France

148.0 753.0 129.0 37.0 Serment en

147.0 816.0 127.0 36.0 mandation

308.0 752.0 641.0 30.0 Or il n’y a eu entre les princes vertueux riẽ plus eſtroir

146.0 782.0 140.0 46.0 quelle recom

289.0 808.0 659.0 40.0 lement les iuremens ſolennels & publiques. Pourtant

146.0 850.0 143.0 38.0 entre les prin

144.0 875.0 135.0 60.0 cesvertueux

285.0 903.0 663.0 41.0 ment eſt vne affirmation religieuſe, en quoy ( diſent les

285.0 935.0 662.0 39.0 auciens) Dieu eſt nommé & appellé pour vray teſmoin

144.0 981.0 137.0 53.0 Cicer. au 3

284.0 965.0 662.0 42.0 de ce que lon y promet. Surquoy le poëte Actius reci¬

285.0 1027.0 662.0 44.0 qui a auiourd’huy vogue entre les princes, que la foy ne

284.0 1060.0 664.0 40.0 ſe doit garder à celuy qui ne l’a point tenue: &cela diſoit

284.0 1089.0 664.0 44.0 il pource qu’il auoit deceu ſon frere par perfidie. Mais

284.0 1123.0 661.0 42.0 c’eſt cercher couuerture du periure, faiſant ce que lõ cõ¬

284.0 1154.0 661.0 43.0 damne en autruy. Auec ſes amis donc il faut tenir la foy

284.0 1185.0 661.0 43.0 en premier lieu, cõme le prince à ſes ſuiets, qui ſont ſon

284.0 1217.0 661.0 43.0 ſãg & ſa patrie: voire meſme auec ſes ennemis, en ce que

285.0 1247.0 661.0 44.0 les droits de guerre requierent & que les conuenances

284.0 1279.0 660.0 40.0 le portent. Car tout ce qui a eſte iuré ainſi que la penſee

284.0 1309.0 607.0 42.0 l’a conceu & deliberé, faut qu’il ſoit ainſi effectué.

289.0 997.0 656.0 43.0 tant les propos d’Atreus impugnoit vne fauſſe raiſon

292.0 866.0 655.0 50.0 rien plus aigement puni que ceux qui les ont violez. Ser

298.0 838.0 649.0 46.0 void on auſſi que par les loix & ingemens, qu’ils n’ont

295.0 774.0 652.0 44.0 ne de plus grande fermeté que les ſermens, & principa¬

146.0 1019.0 80.0 44.0 des off.

307.0 1349.0 638.0 36.0 Sous tels propos & eſperãce dõques le prince eſt cõſti

283.0 1373.0 662.0 58.0 tué gardiẽ du droit & de la iuſtice, dõt le but eſt de nour

898.0 1410.0 44.0 37.0 1ir
