1000 1671
52.0 151.0 665.0 51.0 ce que l’equité, la iuſtice, & les loix faiſant pour la par¬

52.0 189.0 663.0 42.0 tie contendãte, en ce cas il peut eſtre iugé comme priué.

52.0 219.0 666.0 45.0 Mais l’ineſgalité eſt telle auiourdhuy au gouuernement

51.0 249.0 666.0 46.0 des polices, que la voye ordinaire ne peut pas eſtre tou¬

53.0 281.0 664.0 41.0 ſiours ſuyuie & pourtant s’en enſuiuent les maux & ca¬

51.0 311.0 669.0 41.0 lamitez dont le monde ſe void affligé: & ne vient ceſte

55.0 343.0 666.0 45.0 faute que par la coulpe des princes & de leurs conſeil¬

53.0 374.0 669.0 48.0 liers. Ie ne parle pas ſeulemẽt de ces beſtes ſanguinaires

54.0 406.0 668.0 46.0 qui ſuſcitent expreſſémẽt les troubles, mais de ceux qui

53.0 438.0 669.0 46.0 taſchent par vne prudence politique à ſe conſeruer ſans

53.0 471.0 668.0 39.0 auoir leur but à inhumanité & à vengeance. Premiere¬

53.0 501.0 670.0 42.0 ment la ialouſie de la diſtribution des offices & hon¬

55.0 532.0 669.0 46.0 neurs incité les hommes à meſcontentemẽt, quãd ceux

56.0 564.0 667.0 42.0 qui ont la valeur & la ſuffiſance ſont defrauſez de ce

56.0 597.0 667.0 41.0 dont gens de neant ſe trouuent pourueus, dõt peut ve¬

56.0 627.0 668.0 45.0 nir ſedition. Il y a ce meſme mal qui peut proceder de

56.0 659.0 669.0 40.0 cauſe toute contraire: c’eſt par ceux à qui on a bienfaict

57.0 689.0 668.0 42.0 outre leurs merites, & qui ont trop d’autorité en la po¬

56.0 722.0 670.0 45.0 lice, qui ne veulent plus eſtre controlez lors qu’ils ſe

60.0 756.0 666.0 40.0 voyent abonder en richeſſes & en amis: pour laquelle

59.0 784.0 667.0 46.0 cauſe l’Oſtraciſme fut inſtitué en la Grece. Il y a puiſa¬

60.0 816.0 667.0 47.0 pres quand les iuges ſuyuent quelque faction, & qu’ils

62.0 854.0 666.0 40.0 ſont preoccupez d’affections: ceux qui craignent & ont

60.0 881.0 668.0 41.0 experimenté leur iniuſtice ne ſe veulent ſoumettre au

61.0 911.0 666.0 39.0 deſordre nommé du titre d’ordre & iuſtice. Cela ſe pra¬

61.0 944.0 667.0 43.0 tique quand le prince a ’pleine puiſſance de diſpoſer des

62.0 974.0 666.0 45.0 eſtats de iudicature, & qu’il en faict finances: car les iu¬

64.0 1007.0 665.0 44.0 ges dependent tellement de luy qu’ils quittent l’equité

65.0 1038.0 372.0 42.0 pour ſuiure le parti qu’il tient.

232.0 105.0 300.0 52.0 Sous Charles Ix.

639.0 113.0 75.0 45.0 205

95.0 1070.0 633.0 42.0 Les grands qui ſont aupres des princes prennent har¬

66.0 1101.0 660.0 45.0 dieſſe d’entreprendre à les ſupplanter pour trois cauſes.

64.0 1133.0 665.0 46.0 L’vne par la conoiſſãce qu’ils ont de la laſcheté des prin

64.0 1165.0 667.0 39.0 ces & corruption de leurs mœurs. L’autre, qu’ils ſe ſen¬

64.0 1199.0 667.0 36.0 tent fortifiez de moyens & d’amis: & l’autre que s’ils

64.0 1227.0 669.0 43.0 faillent à leur pretente ils ſauent les moyens de faire

65.0 1259.0 667.0 45.0 leur paix, & par là s’attendent à impunité. Cela couſtu¬

64.0 1292.0 671.0 38.0 mierement s’execute par ceux à qui lõ a commis la puiſ

65.0 1322.0 666.0 44.0 ſance des crimes, cõme à Belochus & Arbaces lieutenãs

66.0 1360.0 667.0 36.0 de Sardanapale qui eſtoit voluptueux, & inepte, & Dion

64.0 1386.0 668.0 43.0 entreprit contre Denis tyrã de Sicile, pource qu’il eſtoit

62.0 1416.0 667.0 55.0 souſiours yure. Il auient ſouuent que les hommes s’eſle¬
