1000 1671
83.0 149.0 669.0 40.0 enuoyer la tempeſte qui face quelque degaſt: mais quãd

80.0 172.0 659.0 48.0 il faut qu’elle apporte vn dommage notable il ne la trãl

758.0 171.0 131.0 36.0 Senecque en

79.0 206.0 661.0 49.0 met qu’auec le conſeil de douze Dieux pour ce fait or

753.0 205.0 133.0 44.0 ſes queſt.na¬

79.0 236.0 661.0 50.0 donnez. Et quand il eſt queſtion d’vne ſubuerſiõ ou de¬

753.0 235.0 38.0 45.0 tur.

81.0 271.0 667.0 43.0 luge, il ne le peut faire qu’auec le conſeil tant de tous

81.0 301.0 666.0 40.0 les Dieux ſouuerains que ſubalternes. C’eſt à dire que le

83.0 336.0 664.0 41.0 Roy peut tout ſeul menacer & corriger legeremẽt, il ne

81.0 365.0 666.0 45.0 ne doit mettre à mort ſans la loy, ſes aſſeſſeurs & cõſeil

79.0 399.0 669.0 43.0 legitime: & ne doit entreprendre de changer vne police

80.0 428.0 668.0 47.0 ni attenter à l’euerſion d’vn public, ſoit par cõqueſte ou

81.0 464.0 667.0 39.0 punition, ſans l’auoir biẽ entendu, & que ce ne ſoit auec

80.0 493.0 668.0 40.0 l’auis & cõſentemẽt de tous les eſtats. Or en ces eſtats &

80.0 524.0 668.0 43.0 multitude, le iuge, le harangueur, le conſeiller de la mul

80.0 556.0 666.0 45.0 titude, ne ſe peuuent pas dire princes ne qu’ils ayent do

80.0 591.0 668.0 43.0 mination en ces choſes: mais eux compris au pretoire

81.0 620.0 667.0 44.0 & conſeil de la communauté alors pour le temps ilsont

79.0 650.0 667.0 46.0 voix comme tels. Le peuple en general eſt compoſé de

79.0 680.0 666.0 46.0 pluſieurs colleges, çar il y a en telle aſſemblee generale

79.0 717.0 665.0 41.0 les honnorables, qui ſont les principaux & nobles. Il y a

77.0 745.0 669.0 45.0 Je conſeil, qui ſont ceux qui exercent les offices bas par¬

80.0 777.0 666.0 42.0 my le peuple: & puiſapres ceux qui ont charge de la iuſti

79.0 808.0 667.0 43.0 ce, qui eſt le pretoire ordinaire, le tout ſuiui de la multi¬

77.0 839.0 667.0 45.0 tude generale de laquelle ils ſont comme procureurs.

77.0 872.0 669.0 42.0 Ceſte honorable compagnie dõc eſt preſcree au prince,

79.0 904.0 668.0 41.0 les conſiderant ſeparement, cõme le tout doit eſtre pre¬

76.0 932.0 673.0 46.0 feré à ſa partie, attendu auſſi que toute vne multitude

77.0 965.0 671.0 43.0 n’eſt pas menee de paſſiõ comme vn homme ſeul ou vn

76.0 997.0 672.0 43.0 petit nombre de gens affectez. Et derechef par ce mor

79.0 1028.0 670.0 43.0 de multitude nous entendons vne aſſemblee conduite

79.0 1060.0 668.0 42.0 par gens ſages aſſuiettis aux bonnes loix, afin qu’on n’e¬

79.0 1090.0 669.0 46.0 ſtime que nous entẽdiõs cela de la populace qui ſe laiſſe

79.0 1123.0 668.0 45.0 gouuerner le plus ſouuent à l’appetit du premier garne

77.0 1154.0 534.0 45.0 ment qui aura quelque dexterité à mal faire.

275.0 96.0 296.0 55.0 Sous Charles ix.

677.0 98.0 72.0 44.0 182

107.0 1191.0 639.0 37.0 Iy a donc grande raiſon en ce qui a eſté dit que le

77.0 1217.0 668.0 41.0 prince n’ordonne pas des grandes choſes ſans le peuple:

77.0 1250.0 668.0 42.0 car meſmes quand il ne ſeroit queſtiõ que d’vne corre¬

79.0 1279.0 667.0 46.0 ction deloix, il faut pour bien faire que cela ſe diſpoſe

77.0 1310.0 668.0 45.0 comme pour dreſſer vn edifice: auquel il faur cõſiderer

76.0 1344.0 669.0 42.0 ceux qui le font edifier pour s’y tenir & ceux qui ſont

79.0 1373.0 664.0 59.0 employez à le baſtir. Quât à la reformation de la police
