1000 1671
74.0 141.0 655.0 43.0 Tous deux tendoyent à la paix, mais l’vn par victoires &

70.0 168.0 658.0 49.0 ſubmiſſion des vaincus, & l’autre par vn moyen humain

70.0 198.0 660.0 52.0 d’attirer à la ſocieté par amour & bonne aprehenſion

69.0 226.0 656.0 53.0 des voiſins. Mais il y a treſgrande difference entre les cõ

742.0 220.0 125.0 59.0 En ſes Phi¬

69.0 259.0 660.0 51.0 ditions de Pompee & celles dont Cicero taxoit Marc

738.0 268.0 101.0 55.0 lippiques?

72.0 295.0 663.0 51.0 Antoine, par leſquelles il le tenoit non ſeulement pour

73.0 325.0 663.0 52.0 perturbateur du repos public, mais pour ennemy de

76.0 359.0 661.0 43.0 l’Empire, auec tous ſes ſemblables adherens. Car tels ne

75.0 390.0 664.0 50.0 iouiſſent iamais de la paix & n’en ſont dignes, attendu

77.0 421.0 662.0 53.0 qu’ils en ſont ennemis & par conſequent du genreſhu¬

76.0 454.0 663.0 50.0 main. Ils ne peuuẽt durer auec les loix, iugemẽs ſaincts,

77.0 485.0 663.0 46.0 ni en aucune profitable police, & moins encores auec

77.0 516.0 664.0 51.0 les vertueux qui ſont comme les lumieresdu monde, de

79.0 548.0 663.0 49.0 peur d’eſtre eſclairez par eux, & veus des hommes viure

74.0 579.0 669.0 53.0 brutalement auec gens perdus, flateurs & diſſolus, deſ¬

81.0 613.0 662.0 48.0 quels la vie ne requiert que les cachettes ſous man¬

80.0 643.0 663.0 48.0 teaux d’hypocriſie, deſirans aſſeruir chacun afin de ca¬

84.0 673.0 660.0 52.0 ptiuer ſous crainte la liberté de reprendre leurs meſchan

83.0 712.0 246.0 46.0 cetez & s’y oppoſer.

205.0 91.0 298.0 52.0 Sous Charles IX.

657.0 89.0 73.0 46.0 180

111.0 751.0 632.0 34.0 Or le nom de paix eſt treſdoux, & la choſe meſme

754.0 710.0 113.0 61.0 Differenes

84.0 765.0 659.0 57.0 plus deſirable & ſalutaire: mais entré paix & ſeruitude y

754.0 761.0 119.0 43.0 entre paix,

84.0 799.0 797.0 53.0 a fort grande diſtãce. Car paix eſt vne ſeraine liberte, & ſemihut e

757.0 814.0 124.0 25.0 jemtinde &

84.0 828.0 659.0 56.0 ſeruitude le comble de malheur, laquelle les hommes ſi

754.0 824.0 76.0 43.0 guerre.

84.0 866.0 658.0 50.0 bres (dit Ciceron) doyuent repouſſer nõ ſeulement par

756.0 849.0 131.0 54.0 En ſa 2. Phi

87.0 893.0 660.0 53.0 guerre mais par la mort toute certaine & euidente. Car

754.0 891.0 92.0 51.0 lippique.

87.0 932.0 659.0 45.0 ainſi lon aura paix, ou par mort honnorable ou par vi¬

87.0 959.0 660.0 54.0 ctoire glorieuſe. Les trauaux des hommes, dit S. Au¬

756.0 955.0 131.0 44.0 Au 19. de

87.0 990.0 656.0 54.0 guſtin, tendent à la paix, ſans le gouſt & appetit de la¬

754.0 988.0 103.0 43.0 la cité de

87.0 1022.0 660.0 50.0 quelle il ne ſe trouue aucune nature: car ſuiuant les

760.0 1020.0 70.0 53.0 Dieu.

90.0 1055.0 660.0 47.0 choſes humaines & la nature commune il n’y a peiſon¬

90.0 1088.0 663.0 48.0 ne qui ne vueille eſtre ioyeux, & par conſequent qui ne

93.0 1118.0 659.0 48.0 vueille la paix. Car ceux meſmes (dit-il) qui deſirent les

91.0 1154.0 663.0 46.0 guerres, ne veulent ſinon vaincre, & parlà en guerroyãt

92.0 1183.0 664.0 47.0 paruenir à vne paix glorieuſe: car victoire n’eſt autre

91.0 1215.0 667.0 47.0 choſe que la ſubmiſſion & ſuiettion de ceux qui repu¬

93.0 1246.0 665.0 49.0 gnent: ce qu’eſtant la paix ſerâ. Les guerres ſe font

92.0 1278.0 666.0 46.0 donc en intention de la paix. Ceux qui veulent que la

95.0 1307.0 664.0 50.0 paix, en laquelle ils ſont, ſoit troublee, ne doyuent

94.0 1340.0 662.0 46.0 pas hair la paix: mais ils deſirent qu’elle ſoit chan¬

97.0 1369.0 661.0 70.0 gee ſelon leur aduis & iugement. Et pourrant les

597.0 1411.0 65.0 39.0 Z. 4
