1000 1671
130.0 96.0 166.0 38.0 M. D. LXXIIII

129.0 211.0 64.0 40.0 mes.

130.0 135.0 136.0 47.0 De l'obliga¬

277.0 144.0 660.0 39.0 à ſon prochain & tous en general à la patrie. Ce donc à

130.0 182.0 141.0 36.0 tion des hom

279.0 176.0 656.0 44.0 qui nous deuons le plus apres Dieu, c’eſt à icelle patrie,

271.0 207.0 666.0 37.0 & en icelle aux parens aſauoir peres & meres, aux bene¬

271.0 238.0 666.0 40.0 fices deſquels nous ſommes premierement & principa¬

271.0 270.0 667.0 41.0 lement obligez & tenus: apres nos à prochains, à nos en¬

271.0 298.0 667.0 43.0 fans, à tous viuans en meſme maiſon à ceux auſſi qui cõ

272.0 330.0 666.0 43.0 uiẽnent auec nous en mœurs, eſtat, conditiõ & fortune:

272.0 362.0 667.0 42.0 à ceux là nous deuõs communication de nos biẽs pour

272.0 395.0 666.0 41.0 leur ſubuenir, & auec les autres amis nous conuerſons

272.0 426.0 668.0 42.0 plus familierement leur donnant conſeil, bonnes parol

272.0 458.0 663.0 46.0 Ies, exhortations, conſolatiõ, & quelquesfois reprehen¬

272.0 491.0 666.0 41.0 ſion auſſi. A tous particulierement donc deuons ſecours

272.0 522.0 666.0 43.0 ſelon l’ordre des degrez qu’ils nous attouchent, mais à

272.0 554.0 667.0 44.0 tous en general compris enſemble nous leur deuons la

272.0 584.0 668.0 46.0 propre vie, & qu’il n’y ait aucune affection particuliere

276.0 621.0 664.0 40.0 qui nous diuertiſſe de ce deuoir. Les Atheniens ont eu

274.0 648.0 666.0 46.0 moyen par vn accord qui leur fut offert par les Perſes

273.0 679.0 667.0 41.0 de ſe rendre maiſtres de toute la Grece: mais ils aimerẽt

272.0 709.0 667.0 43.0 mieux preferer leurs ſouffrances à leur honneur que cõ

273.0 742.0 666.0 48.0 ſentir à la ſeruitude de leur patrie & pert e du ſang ciuil

273.0 774.0 103.0 47.0 d’icelle,

445.0 90.0 277.0 53.0 Eſtat de France

130.0 632.0 126.0 39.0 Demoſt. 2.

131.0 664.0 115.0 52.0 Philippiq.

300.0 814.0 638.0 39.0 Or eſt il impoſſible qu’entre bons & fideles citoyens

272.0 839.0 667.0 48.0 & patriottes, & gens qui ont conſpiré pour leur particu

272.0 871.0 668.0 45.0 lier cõtre l’vtilité publicque, y ait iamais concorde aſſeu

273.0 899.0 667.0 50.0 ree: car ils ſont tellemẽt diſcordãs que c’eſtpour faire le

275.0 931.0 666.0 48.0 tonnerre. Ce qu’en dit Ciceron eſt bien notable parlant

274.0 960.0 666.0 52.0 du prince qui ſe diſoit pere de la patrie, en la perſonne

273.0 993.0 668.0 53.0 d’Antoine: c’eſt que s’il y auoit eu monopole & complot

273.0 1023.0 667.0 52.0 fait de bruſler Romme, tuer les citoyens, faire le gaſt vni

273.0 1059.0 666.0 50.0 uerſel par le pays, raſer & deſtruire la republique:tel en¬

273.0 1088.0 667.0 53.0 trepreneur eſt vn vray parricide de la patrie, & que lors

273.0 1120.0 667.0 48.0 chaſcun deuoit reprendre ſes forces pour defendre le ſa¬

274.0 1152.0 666.0 50.0 lut commun encores que telle deliberation ſe fiſt par

275.0 1182.0 666.0 53.0 ceux qui ſe vantoyent de l’autorité ſouueraine. Car les

274.0 1216.0 669.0 52.0 armes ſont treſlegitimes aux mains de ceux qui les y ont

276.0 1246.0 664.0 51.0 pour garentir la republique & maintenir leur liberté.

276.0 1278.0 666.0 52.0 Il allegue puiſapres vn exemple tout contraire de per¬

275.0 1308.0 669.0 53.0 ſonnages dignes & louables. Trebatius (dit il) eſtoit grãd

276.0 1343.0 670.0 47.0 & familier amy de Ceſar: mais il ne voulut balancer la

276.0 1373.0 668.0 58.0 liberté de tous au contrepoids de l’amitié de quelques

134.0 953.0 133.0 44.0 En ſa2. Phi

135.0 990.0 98.0 48.0 lippique.

837.0 1411.0 106.0 43.0 particu¬
