1000 1671
117.0 103.0 161.0 49.0 M. D.LXXIIII

472.0 92.0 273.0 62.0 Eſtat de France

253.0 147.0 671.0 48.0 intolerables: ils le prindrent & le pendirent les piede

254.0 175.0 672.0 50.0 contremont & la teſte cõtre bas, & le firent ainſi mourir.

273.0 212.0 651.0 43.0 Les iuriſconſultes & docteurs qui ont eſcrit ſur les pan

257.0 233.0 670.0 53.0 dectes, comme Paris de Puteo, Oldradus, Balde, André

255.0 265.0 673.0 53.0 d’Iſſeruia diſcourent ſur ceſte matiere comme s’enſuit.

257.0 298.0 672.0 55.0 C’eſt que l’execution d’vn hõme à mort n’apartient que

257.0 328.0 673.0 56.0 au ſeul magiſtrat, entre les mains duquel Dieu a mis le

259.0 361.0 672.0 53.0 glaiue. Ceſte execution d’vn homme pris & lié ſans con

259.0 390.0 672.0 56.0 tredit, eſt dite paiſible. Mais quand on ſe deffend, elle eſt

259.0 424.0 672.0 52.0 dite forcee. Ceſte violente execution ne ſe faict ſinõ au

260.0 454.0 671.0 56.0 deffaut de la paiſible, à laquelle le criminel ne s’eſt voulu

259.0 488.0 673.0 49.0 ſoumettre: & pourtant ne ſe fait regulieremẽt ſinõ apres

260.0 518.0 673.0 53.0 Ie proces fait & parfaict du criminel, ſuiuant l’ordre de

260.0 550.0 673.0 55.0 iuſtice: qui eſt apres adiournement à trois briefs iours &

260.0 582.0 673.0 55.0 condemnation par contumace. Ce que deſſus preſupo¬

262.0 616.0 672.0 50.0 ſé, la prinſe d’armes en vn royaume n’eſt qu’vne violẽte

263.0 645.0 671.0 53.0 execution de iuſtice ſur les criminels, ſoit du Roy cõtre

262.0 673.0 672.0 57.0 ſes ſuiets, ou des ſuiets contre le Roy. Et tout ainſi qu’il

263.0 707.0 671.0 56.0 n’eſt permis au roy vſer d’icelle violente execution ſinõ

264.0 738.0 671.0 53.0 ſur vn condãné, auec forme de iuſtice & conoiſſance de

264.0 771.0 671.0 51.0 cauſe: pareillemẽt auſſi n’eſt il permis aux ſuiets vſer de

264.0 804.0 671.0 53.0 ſemblable voye contre leur Roy, ſinon apres vne legiti¬

266.0 835.0 670.0 57.0 me condãnation & declaration de tyrannie notoire &

267.0 870.0 525.0 52.0 manifeſte, meſmes aux nations eſtrangeres.

298.0 906.0 638.0 41.0 Par diſpoſition de droit eſcrit les perſonnes des rois

267.0 925.0 670.0 57.0 ſont ſainctes, ſacrees, & inuiolables: & n’eſt loiſible les

271.0 965.0 668.0 49.0 toucher ne punir en leurs perſonnes tãt qu’ils ſeront en

271.0 993.0 668.0 53.0 ceſt eſtat: tellement qu’auãt qu’aucune legitime execu¬

271.0 1022.0 669.0 56.0 tion s’en puiſſe faire, il faut que par iugemẽt ils ſoiẽt pri

271.0 1056.0 670.0 47.0 uez & deſpouillez de leurs eſtats. comme on y proceda à

272.0 1087.0 667.0 47.0 l’endroit des cõplices Catilinaires: car Lentulus ne fut e¬

272.0 1119.0 669.0 51.0 xecuté à mort ſinon apres auoir eſté degradé, & par là

271.0 1148.0 670.0 58.0 rendu hõme particulier. Ainſi auſſi Neron fut condãné

272.0 1183.0 667.0 54.0 par le ſenat & declaré ennemy de la republique. Le pro¬

272.0 1212.0 669.0 52.0 ces eſt malaiſé à faire à vn roy, & la procedure en ſa con¬

271.0 1245.0 671.0 49.0 dãnation & declaratiõ de tyrãnie ne ſe doit faire que par

272.0 1278.0 673.0 51.0 les eſtats. Or encores qu’il fuſt ſouuerain, ne ten ant en

271.0 1308.0 669.0 52.0 fief ſon royaume d’aucun ſuperieur, ſi faut il que les e¬

272.0 1338.0 672.0 54.0 ſtats ayẽt ceſte puiſſance & autorité, ou bien tous les plus

272.0 1373.0 673.0 75.0 enormes & exccrables crimes contre Dieu, contre la na

885.0 1426.0 59.0 21.0 daie
