848 1417
101.0 81.0 156.0 37.0 H. B.IXXIIII.

215.0 125.0 573.0 36.0 que l’intention de ſaincte Souline ne fuſt de s’ẽparer de

215.0 147.0 573.0 40.0 la ville, & qu’il eſtoit aiſé à iuger qu’auec le chaſteau il la

217.0 177.0 571.0 37.0 vouloit auoir pour liurer aux ennemis, comme il auoit

217.0 201.0 570.0 41.0 fait Luſignẽ, puis qu’il s’eſtoit ẽparé de la porte du coſté

218.0 229.0 569.0 38.0 dicelui. Aquoi il diſoit eſtre beſoin de pouruoir en toute

218.0 255.0 567.0 40.0 diligence, & le chaſſer cõme ennemi de la ville & du re¬

220.0 281.0 567.0 41.0 pos cõmun Toutesfois il ne peut eſtre ſuiuy cõme il de

220.0 308.0 568.0 40.0 troit, pour courir ſus audit ſieur ſaincte Souline: & co¬

222.0 336.0 566.0 37.0 noiſſant par là le lieutenant que ſes mines eſtoyẽt eſuẽ¬

222.0 362.0 566.0 36.0 tees il ſe retira de la ville peu de iours apres. Aucũs diſẽt

222.0 389.0 566.0 40.0 que depuis il fit vne nouuelle entrepriſe par le moyen

221.0 414.0 567.0 42.0 d’vn muſnier, & qu’il y entra en habit de preſtre, pour

222.0 443.0 566.0 41.0 puis apres faire ſes menees dãs la ville. Mais cela n’ayant

219.0 470.0 547.0 40.0 aucune apparẽce, ie n’ay voulu en parler plus au long.

380.0 78.0 248.0 49.0 Eſtat de France

246.0 503.0 542.0 33.0 Ces ſurprinſes donnerẽt l’alarme aux catholiques par

219.0 524.0 569.0 38.0 toute la France. Or auãt qu’ẽtrer en la cõſideratiõ de ce

221.0 549.0 567.0 42.0 que firent ceux de la religion en Normandie & ailleurs

221.0 576.0 567.0 38.0 nous inſererõs ici vn diſcours publié lors par les catholi¬

222.0 603.0 565.0 43.0 ques & imprimé à Lyon par Benoiſt Rigaud auec per¬

221.0 631.0 567.0 40.0 miſſiõ afin qu’õ voye tãt mieux leurs raiſons & defenſes

221.0 658.0 315.0 42.0 & de quel eſprit il ſont menez.
