1000 1671
456.0 100.0 284.0 48.0 Eſtat de France

116.0 104.0 164.0 46.0 M. D.LXXIIII

254.0 149.0 671.0 41.0 Romains, parleſquels la deſtructiõ de Ieruſalẽ fut execu

254.0 177.0 670.0 47.0 tee) que le peuple ait à porter la ſeruitude, i’aduoue que

256.0 209.0 669.0 43.0 ce ſeroit batailler contre Dieu à qui voudroit ſecouer ce

254.0 240.0 669.0 44.0 ioug. Mais ſi ſans reuelation ne cõmandement les prin¬

256.0 272.0 667.0 44.0 ces font leurs ſuiets eſclaues, eſt il dit que pour procurer

256.0 303.0 666.0 44.0 ce qui eſt de droit naturel, il faille que tels ſuiets atten¬

257.0 336.0 666.0 46.0 dent reuelation & commandement ſpecial, comme les

257.0 366.0 668.0 44.0 anciens l’ont eu? veu que leurs oppreſſeuts n’enſuiuent

258.0 398.0 667.0 50.0 pas c’eſt ordre de leur part? Ie ne me le puis perſuader, &

257.0 430.0 669.0 43.0 que touteſfois & quantes que nous auons pour nous l’e

258.0 462.0 668.0 46.0 quité naturelle, par laquelle s’engendre vn deſir à l’vtili

259.0 492.0 666.0 47.0 té publique, munie des loix & couſtumes des pays, ſi

259.0 526.0 668.0 45.0 Dieu nous monſtre l’executiõ expediente, cõme par tels

259.0 557.0 669.0 47.0 moyens il nous la declare licite, qu’en tel cas elle fe doit

261.0 588.0 667.0 50.0 procurer. Dieu ne parle plus ainſi particulierement, telle

261.0 621.0 668.0 49.0 ment que par là il n’y auroit aucun eſpoir de le pouuoir

261.0 651.0 667.0 45.0 en ſaine conſcience entreprendre. Mais s’il ſe trouuoit

264.0 682.0 663.0 47.0 vn Ehud & vn Eglon, vn Iehu & vn Ioram: qu’il y euſt

262.0 715.0 666.0 44.0 tout pareils forfaits: tant au tyran vſurpateur comme E¬

264.0 747.0 664.0 48.0 glon qu’au tyran oppreſſeur com me Ioram: & d’autre¬

263.0 780.0 664.0 47.0 part telzele aux executeurs comme il y auoit en Ehud,

263.0 816.0 664.0 40.0 & en Iehu: brief qu’il n’y euſt differẽce qu’au temps, aux

262.0 845.0 666.0 42.0 lieux, & aux noms des perſonnes: & que les cauſes & pro

265.0 872.0 661.0 50.0 grez d’icelles fuſſent tout ſemblables: ie demande ſi n’y

264.0 906.0 663.0 46.0 ayant eu particuliere reuelation la choſe ſeroit pour ce¬

268.0 935.0 660.0 47.0 la iniuſte, qui a eſté autresfois executee par commande¬

268.0 968.0 656.0 48.0 ment de Dieu, & par là manifeſtee pour iuſte & equita¬

267.0 1006.0 254.0 38.0 ble? Ie ne le croy pas.

295.0 1040.0 636.0 34.0 Ils dirõt là deſſus que la diſcretion des hõmes ne peut

264.0 1063.0 668.0 49.0 pas penetrer iuſques aux iugemens de Dieu, & qu’eſtans

264.0 1096.0 665.0 44.0 corrõpus ils pourroyent proceder en tels faits ſelõ leurs

264.0 1125.0 667.0 50.0 paſſiõs & nõ ſelõ la volõté de Dieu qui en cela nous eſt

264.0 1159.0 668.0 46.0 cachee: & que Dauid punit pour cela l’iniquité de ceux

264.0 1192.0 668.0 40.0 qui tuerent Iſboſeth, laquelle punition fut dautant que

262.0 1222.0 671.0 48.0 ils pretendoyent par là obtenir ſa bonne grace pour leur

262.0 1252.0 671.0 45.0 ſalaire. Mais cela n’a rien de ſemblable à mon dire. C’eſt

262.0 1285.0 670.0 48.0 alleguer vn incõuenient auquel on veut pouruoir, & nõ

264.0 1317.0 670.0 48.0 pas reſpondre au fondemẽt de la queſtion. Carle tyran

264.0 1347.0 670.0 45.0 peut eſtre tellement qualifié & ſa meſchanceté ſi execra¬

264.0 1381.0 671.0 50.0 ble: & d’autrepart la preuue de la bonne intention de

833.0 1413.0 100.0 47.0 l’entie¬
