1000 1671
53.0 168.0 664.0 37.0 vne ordonnee concorde, pareillement auſſi eſt celle de

52.0 194.0 663.0 51.0 la maiſon entre ceux qui habitent enſemble quant à cõ¬

53.0 230.0 211.0 39.0 mander & obeir.

225.0 112.0 285.0 49.0 Sous Charles ix.

79.0 264.0 635.0 31.0 Or ie dy que ceſt ordre a eſté beaucoup mieux obſer¬

52.0 289.0 666.0 45.0 ué deuãt la cheute de l’hõme que non pas depuis. Car le

52.0 317.0 659.0 43.0 diable n’eſt pas demeuré en la trãquillité de l’ordre dõt

55.0 350.0 664.0 40.0 il a ſenty la puiſſance de l’ordinateur, & pareillemẽt l’hõ

55.0 385.0 666.0 42.0 me qui l’a voulu enſuyure: & de là eſt venu que l’vn &

56.0 414.0 664.0 39.0 l’autre en ſoy ſe ſont faits malheureux par le deſordre,

55.0 444.0 665.0 44.0 Mais l’ordre principal demeure ferme qui eſt en Dieu, le

56.0 477.0 662.0 43.0 quel punit par ſa iuſtice & ſauue par ſa miſericorde. Ain¬

56.0 508.0 661.0 44.0 ſi les malheureux ont eſté ſeparezdes biẽ heureux par ſa

56.0 539.0 663.0 44.0 loy de l’ordre qui ſuit vne droitture à remunerer la ver¬

56.0 571.0 665.0 39.0 tu &le vice. Dõques puiſque l’ordre cõſiſte en la diſtribu

56.0 604.0 668.0 39.0 tiõ des lieux & degrez entre les choſes pareilles & nõ pa

56.0 634.0 669.0 43.0 reilles, dõt Dieu a eſté l’autheur, il s’enſuit que naturelle

59.0 667.0 665.0 41.0 mẽt il y a ineſgalité ẽtre les choſes creees. L’ineſgalité cõ

59.0 696.0 666.0 42.0 ſiſte en differẽce de dignité force ou de grãdeur. l’hõme

58.0 728.0 667.0 43.0 excelle toutes creatures en dignité, & pluſieurs autres

59.0 759.0 665.0 42.0 creatures l’excedẽt en force & en grãdeur: & toutes fois

57.0 794.0 668.0 39.0 par ceſte dignit é & excellẽce toutes autres creatures ſõt

60.0 823.0 632.0 44.0 tenues pour eſtre deſtinces pour ſon vſage & ſeruice.

643.0 116.0 72.0 51.0 148

724.0 245.0 96.0 55.0 Defordre

724.0 292.0 128.0 42.0 d’ou eſt ve¬

724.0 327.0 33.0 48.0 nu.

89.0 861.0 631.0 34.0 Ie ne veux point diſputer de l’ordre & de là preeminé Diuerſes pre

60.0 887.0 671.0 45.0 ce des Anges, encores que par l’Eſcriture on en puiſſe in' eminences.

60.0 919.0 667.0 39.0 ferer quelque choſe, ſelõ ce que Daniel S.Paul & S. Iude

61.0 950.0 666.0 40.0 font mentiõ des Archanges, ie ne m’arreſteray nõ plus à

60.0 980.0 667.0 42.0 ce que diſent les Aſtronomes & philoſophes de l’ordre

62.0 1012.0 666.0 43.0 des cieux ſinõ pour mõſtrer cõment ils y aſſignent prin¬

61.0 1045.0 667.0 39.0 cipauté, diſans que le ciel empire meine tous les autres

61.0 1075.0 668.0 41.0 cieux inferieurs au contraire de leur inclination, leur fai

63.0 1105.0 667.0 43.0 ſant par ſa puiſſance prendre leur cours d’Oriẽt en Occi

63.0 1139.0 666.0 39.0 dent au lieu d’aller d’Occident en Orient cõme ils y ten

62.0 1169.0 671.0 37.0 dent:ni de ce que le ſoleil a toute puifſance ſus la clarté

62.0 1201.0 670.0 41.0 & lueur du reſte des aſtres: & pareillement que entre les

60.0 1230.0 672.0 43.0 elemẽs la terre plus forte que tous domine, & ne ſont les

60.0 1264.0 511.0 40.0 autres que pour l’enuelopper & ſouſtenir.

96.0 1301.0 636.0 34.0 Toutes ces preeminences & ſuperioritez, dit-on,

60.0 1326.0 675.0 44.0 ſignifient la neceſſité de principauté pour avoir vn

62.0 1359.0 675.0 38.0 ordre en toutes choſes: & ſuiuant cela auſſi ceux

60.0 1388.0 677.0 53.0 qui ont eſcrit des choſes naturelles maintiennent

574.0 1426.0 10.0 43.0 I

613.0 1429.0 21.0 37.0 4
