1000 1671
129.0 92.0 160.0 41.0 M. D.LXXIIII

263.0 145.0 669.0 40.0 nes actions, & quiconque apporte plus d’vtilité en telle

263.0 178.0 667.0 37.0 communion il luy appartient plus qu’aux autres d’hon¬

263.0 207.0 667.0 39.0 neur & d’eſmolument. Or la cité n’eſt pas pour viure ſeu

262.0 238.0 667.0 40.0 lement mais pour bien viure: car autrement la cité pour

262.0 269.0 667.0 41.0 roit eſtre compoſee de gens de nature ſeruile & de be¬

263.0 301.0 668.0 39.0 ſtes, ce qui n’eſt pas: car tels ne participent à vne felicité

264.0 333.0 666.0 42.0 complette en leur vie, comme font les citoyens qui vi¬

263.0 363.0 668.0 40.0 uent ſelon election de vertu & d’honneſteté. Il y a trois

264.0 394.0 666.0 41.0 communitez en la maiſon, aſauoir la coniugale du ma¬

264.0 427.0 667.0 39.0 ry & la femme, apres la paternelle d’iceux &de leurs en¬

262.0 460.0 668.0 44.0 fans, & puis celle du maiſtre auec les ſerfs que lõ appelle

264.0 494.0 667.0 39.0 deſpotique. Il y a puis apres la communité d’vne rue qui

262.0 523.0 669.0 43.0 eſt de pluſieurs maiſons qui ne communiquẽt à meſmes

263.0 556.0 667.0 39.0 faits quotidiens comme à boire & manger, mais bien

264.0 586.0 669.0 38.0 à traiter du bien commun ils ont voiſinage & en outre

264.0 621.0 668.0 35.0 ſont comme d’vn meſme ſang: & ainſi de pluſieurs rues

265.0 649.0 667.0 39.0 ſe fait la cité. Il y a bien d’autres eſpeces de communica

264.0 680.0 667.0 44.0 tions qui ſe peuuent deduire tendans à l’vtilité commu¬

263.0 713.0 667.0 43.0 ne de la vie humaine: comme de ceux qui trafiquent par

263.0 748.0 666.0 38.0 mer & par terre auec intelligence & communion de pro

261.0 777.0 669.0 42.0 fit, ceux qui vont enſemble en guerre alliez pour vne

261.0 808.0 670.0 40.0 meſme cõqueſte ou pour vne commune deffence, tous

261.0 840.0 671.0 40.0 ceux d’vn meſme lignage pour ce qui peut toucher à i¬

262.0 872.0 670.0 42.0 celuy en general, ceux qui ſont de meſme ville pour la

261.0 903.0 669.0 38.0 conſeruation d’icelle: & ainſi ces diuerſes communica¬

262.0 937.0 670.0 39.0 tions eſtans ſeparees par diſtance de lieux, viuans toutes

261.0 964.0 670.0 40.0 fois les hommes ſous meſme prince mais ſous differen¬

262.0 997.0 672.0 41.0 tes couſtumes ne portent plus auiourdhuy le nom de ci

262.0 1028.0 624.0 45.0 té, mais d’Empire, de royaume ou autre principauté.

478.0 87.0 275.0 55.0 Eſtat de France

123.0 1115.0 134.0 44.0 tion de reli¬

124.0 1150.0 60.0 47.0 gion.

125.0 1079.0 129.0 46.0 Communica

287.0 1065.0 646.0 40.0 Il y a puiſapres la communication de religion qui ſur¬

267.0 1090.0 661.0 46.0 mõte toutes autres, qui toutes fois eſt tenue pour cõmu

263.0 1122.0 672.0 45.0 nicatiõ particuliere au regard de la politique. C’eſtla tref

263.0 1153.0 671.0 46.0 ſainte & dautãt excedãt les autres en dignité que la con¬

265.0 1186.0 667.0 41.0 ionction des ames y eſtant conſideree eſt plus que aux

263.0 1223.0 670.0 39.0 autres particulieres où lon ne communique que pour

271.0 1244.0 660.0 48.0 celles des corps. Il y a auſſi les affinitez, pour l’eſgard

266.0 1281.0 668.0 45.0 deſquelles les loix diuines ont prohibé le mariage entre

266.0 1311.0 668.0 46.0 les proches de ſang, afin que les hommes ſe conioigniſ¬

267.0 1346.0 668.0 42.0 ſent de liens de diuerſes alliances, & que moyennant les

269.0 1374.0 665.0 54.0 affinitez (leſquelles n’eſtans reſtraintes dans les meſmes

123.0 1246.0 137.0 57.0 Aug. cite

128.0 1296.0 127.0 46.0 de Dieu15.

831.0 1407.0 102.0 56.0 murail¬
