1000 1671
118.0 98.0 167.0 45.0 M.D.IXXIIII

254.0 143.0 663.0 49.0 porte qu’vne charge. Sur ce il faut entẽdre que par l’ad¬

253.0 181.0 663.0 42.0 uis des anciens, la multitude a touſiours la domination

253.0 210.0 660.0 45.0 ſouueraine: car l’election & correction des princes luy

253.0 243.0 664.0 41.0 appartient, enſemble de reduire les choſes exceſſiues de

254.0 275.0 664.0 41.0 I’eſtat: car elle eſt comme vn homme qui a pluſieurs

253.0 307.0 664.0 42.0 pieds, pluſieurs mains, yeux, & autres ſens naturels, &

254.0 336.0 664.0 45.0 l’experience de l’vtilité qui en prouient ſe demonſtre en

255.0 370.0 664.0 42.0 ce que la perfection des ſciences & arts n’a iamais eſté

254.0 401.0 662.0 44.0 attainte par vn homme ſeul, ains (comme dit Ariſtote)

257.0 434.0 661.0 37.0 vn a trouué vne partie, l’autre l’a amendee, & l’autre y a

256.0 462.0 663.0 43.0 adiouſté. Ainſi chaſcun apportant ſon talent c’eſt pour

256.0 495.0 664.0 44.0 faire la maſſe complette qui ne pourroit l’eſtre par peu

256.0 526.0 665.0 46.0 de gens. Car nature qui ne faict aucun parfaict donne à

255.0 559.0 665.0 40.0 I’vn vne grace & à l’autre vne autre. Il eſt vray que pour

255.0 590.0 665.0 44.0 vne bonne police ceſte multitude n’a pas ſeule l’autori¬

255.0 621.0 667.0 43.0 té. C’eſt en ce ſens que le prend Ouide, quand il dit que

254.0 653.0 666.0 44.0 c’eſt malheur de ſe trouuer en la puiſſance d’vne multi¬

255.0 683.0 667.0 46.0 tude, qui la pluſpart eſt ou indiſcrete ou de peruerſe af¬

254.0 717.0 668.0 44.0 fection: Ce qui eſt bien vray, conſiderant vne multitude

255.0 747.0 667.0 45.0 toute beſtiale, ſans iugement & confuſe. Mais eſtant

253.0 779.0 668.0 38.0 compoſee d’vn nombre de prudens & vertueux, à relle

255.0 812.0 666.0 42.0 aſſemblee entiere apartient la ſouueraine iuriſdiction

256.0 842.0 666.0 48.0 ſur tous particuliers de l’eſtat: car c’eſt là que giſt la puiſ¬

256.0 877.0 666.0 44.0 ſance publicque dont le prince eſt miniſtre & deputé, &

258.0 909.0 665.0 42.0 cela s’execute par les eſleus de ceſte multitude, qui ont

259.0 938.0 664.0 46.0 leur charge limitee par le conſentement general, auſ¬

259.0 969.0 664.0 39.0 quels chacun partieulier aura fait entendre ſes griefs &

259.0 1001.0 664.0 39.0 ſon indigence tels que les princes ne les pourroient pas

258.0 1033.0 666.0 42.0 deuiner. Ceux là doncques l’auertiront & le corrigerõt

257.0 1062.0 666.0 47.0 ſi tãt eſt qu’il abuſe ou neglige ſa charge de laquelle de¬

257.0 1094.0 666.0 44.0 pend ſon autorité. La multitude a plus de force, de vertu

258.0 1126.0 665.0 44.0 & de richeſſe qu’vn ſeul ou petit nombre & par conſe¬

258.0 1158.0 667.0 46.0 quent plus de droit en l’eſtat. Mais vn ſeul ou vn petit

258.0 1190.0 666.0 43.0 nombre d’icelle n’a pas l’autorité ne la diſtribution d’of

258.0 1221.0 666.0 42.0 fices, ſi ce n’eſt en ce qui concerne l’vniuerſelle commu¬

256.0 1253.0 670.0 42.0 nauté: comme ainſi ſoit auſſi que chaſcun peutpouruoir

259.0 1286.0 668.0 41.0 à ce qui concerne le dommage public, pourueu que ce

258.0 1317.0 668.0 39.0 ſoit auec ordre, mais ce qui touche à tous la nature mel¬

257.0 1348.0 613.0 45.0 me enſeigne qu’il doit eſtre auſſi approuué de tous.

458.0 133.0 285.0 22.0 MMIe

288.0 1388.0 638.0 51.0 Les anciens diſoyent que lupiter peut de ſon autorité

876.0 1418.0 49.0 34.0 en¬
