1000 1671
69.0 149.0 671.0 47.0 eſt ſouuent auenu que Dieu a puni immediatement les

69.0 185.0 671.0 44.0 perſonnes particulieres auſſi biẽ que les roys. Ioint que

71.0 217.0 669.0 44.0 pour la punition des Roys il faut auoir eſgard qu’ayant

70.0 249.0 670.0 43.0 multitude de fauteurs ils ne peuuẽt eſtre aprehẽdez ſans

72.0 280.0 669.0 42.0 dãger de trouble au preiudice du public: & pour ceſt eſ¬

75.0 312.0 668.0 41.0 gard a on biẽ reſpecté les peuples & meſmes des particu

70.0 346.0 672.0 42.0 liers. Les loix portẽt que qui abandonnera le vray ſeruice

72.0 380.0 670.0 38.0 de Dieu pour ſeruir aux dieux eſtranges que tel meure,

75.0 406.0 669.0 44.0 voire que les maiſons & villes couſpables d’apoſtaſie

74.0 437.0 671.0 44.0 ſoyẽt raſees. Et toutesfois Roboã ne piece de ſes deſcen¬

74.0 470.0 670.0 42.0 dãs n’a executé la teneur de ceſte loy ſur les dix lignees

75.0 502.0 669.0 40.0 reuoltees, à cauſe de la multitude des delinquãs, n’eſtant

75.0 534.0 668.0 42.0 la choſe expediẽte. Les roys Ioſaphat, Ezechias & Ioſias,

73.0 567.0 672.0 39.0 repurgeans le peuple d’idolatrie n’ont pas auſſi ſuiuy la

74.0 597.0 672.0 39.0 rigueur de ceſte loi. D’autrepart il eſt dit Tu ne maudiras

77.0 631.0 669.0 40.0 point le prince de tõ peuple, & tu ne tueras point. Semei

77.0 661.0 670.0 40.0 & Ioab ont peché contre ces loix: & neantmoins Dauid

77.0 691.0 669.0 45.0 a fuſpendu l’execution du ſupplice, pour ceſte meſme

77.0 725.0 670.0 38.0 conſideration, en ces perſonnes particulieres là. Mais ce

77.0 757.0 669.0 46.0 ſte matiere ſera deduiteailleurs: parquoy nous continue¬

77.0 788.0 347.0 44.0 rons noſtre premier propos.

246.0 100.0 285.0 57.0 Sous Charles ix.

685.0 109.0 49.0 53.0 195

106.0 819.0 644.0 44.0 Or quant à la conſciẽce ſi vn iuge condamne vn mef

76.0 851.0 670.0 39.0 chant, & qu’il cuide qu’il ſoit innocent, il fait iuſtice in¬

77.0 881.0 672.0 44.0 ſtement. S’il punit vn meſchant, ſachant bien qu’il eſt

78.0 919.0 670.0 39.0 tel, il fait iuſtice iuſtement. S’il punit vn innocẽt, eſtimãt

78.0 946.0 668.0 42.0 qu’il ſoit meſchãt, il fait iniuſtemẽt iuſtice. Mais s’il pu

77.0 978.0 669.0 44.0 nit vn innocẽt ſachãt biẽ qu’il eſt tel, il fait iniuſtice iniu

78.0 1010.0 674.0 40.0 ſtemẽt. Ce n’eſt dõc pas tout de conoiſtre la loy & de l’ẽ

79.0 1042.0 676.0 44.0 fuiure, mais il faut auoir l’equité, & encores que la reigle

79.0 1073.0 674.0 44.0 ſoit generale qu’il faut punir le coulpable & abſoudre le

79.0 1108.0 673.0 40.0 innocent, ſi eſt-ce que ceſte equité interprete les choſes

80.0 1139.0 672.0 41.0 qui autrement tire royẽt iniquité de la loy qui de ſoy eſt

79.0 1169.0 673.0 41.0 ſaincte: comme il auiẽdroit que la loy d’vne ville porte

78.0 1201.0 675.0 38.0 roit qu’au cuns eſtrãgers n’allaſſent ſur les murailles, de

81.0 1235.0 672.0 37.0 peur de les reconoiſtre: ce pendant l’alarme eſtant &que

84.0 1268.0 670.0 38.0 l’ennemy eſchelleroit la ville leſdits eſtrangers allans à

80.0 1295.0 675.0 39.0 la deffence de la muraille ne ſuiuoyent pas la lettre de la

79.0 1328.0 674.0 37.0 loy, mais l’intention de ceux qui deſirẽt conſeruer la vil

78.0 1359.0 673.0 37.0 le: & pourtant ils ne ſeroyent à reprendre. Les loix veu¬

77.0 1390.0 674.0 51.0 lent qu’il ne foit aucunemenr meffait à l’innocẽt: & tou¬

577.0 1423.0 81.0 49.0 BB 3
