1000 1671
117.0 93.0 161.0 42.0 M D.LXXIIII

255.0 143.0 667.0 43.0 ſous les autres ne faiſoit que fleſtrir: & quant aux parti¬

256.0 176.0 663.0 41.0 culiers ils viuoyent en bonne eſperance ſous la magna¬

255.0 206.0 659.0 42.0 nimité des autres: là où ils deſeſperoyent de toute feli¬

253.0 238.0 663.0 40.0 cité ſous la cruauté & volupté de ce monſtre. Sur quoy

255.0 271.0 663.0 38.0 faut noter en paſſant encores que le peuple euſt remis

254.0 302.0 666.0 42.0 toute puiſſance en la main d’Auguſte, qu’il en ſceut fort

254.0 336.0 665.0 40.0 bien vſer en la neceſſité ſuggeree par la meſchanceté de

116.0 372.0 131.0 38.0 Suetone es

257.0 364.0 662.0 45.0 Neron, car il fut declairé ennemy de la republique &per

117.0 403.0 143.0 38.0 la vie de Ne

263.0 396.0 653.0 45.0 onne priuee, & condamné à auoir vne fourche de fer

254.0 429.0 661.0 41.0 au col & eſtre fouetté iuſques à la mort, ce qu’il preuint,

252.0 459.0 666.0 42.0 ſe faiſant mourir ſoymeſmes. Par là void on que le droit

253.0 492.0 667.0 39.0 naturel releue de toutes conuentions, & ſingulieremẽt

254.0 527.0 664.0 37.0 Ie public, contre le bien duquel rien ne peut preſcrire.

254.0 557.0 667.0 40.0 Car meſmes quand on auroit tout vn peuple comme

253.0 585.0 668.0 42.0 ſerfs à cauſe de leurs mœurs rudes & beſtiaux, ſi eſt ce

255.0 620.0 665.0 42.0 que la rigueur & inciuilité de gouuernement ſous le¬

255.0 651.0 665.0 37.0 quel on les tient doit changer en mieux quand les cau¬

253.0 681.0 680.0 43.0 ſes d’iceluy en ſont ceſſees, & que le peuple deuient ca¬

254.0 714.0 666.0 40.0 pable d’induſtrie & vertu politique. Autrement ce ne ſe¬

253.0 746.0 667.0 37.0 roit pas vn peuple, qui eſt à dire vne aſſemblee de multi¬

253.0 777.0 668.0 39.0 tude pour communion de droit & d’vtilité. Et de faict

253.0 810.0 666.0 40.0 les anciens ſerfs n’eſtoyent print reputez pour membres

253.0 841.0 667.0 40.0 de la republique, pource qu’ils eſtoyent exclus du droit

253.0 871.0 667.0 39.0 des gens & du ciuil, iouiſſans ſeulement du droit natu¬

253.0 903.0 667.0 42.0 rel, quaſi en telle meſure que leurs maiſtres leur en vou¬

253.0 934.0 203.0 41.0 loyent impartir.

116.0 445.0 52.0 40.0 ron.

465.0 89.0 270.0 57.0 Eſtat deFrance

284.0 971.0 637.0 34.0 Or ayant diſtingué ces deux eſpeces de tyrannies, i’en

256.0 997.0 665.0 40.0 parleray d’oreſnauant comme d’vne meſme choſe. Ce¬

256.0 1029.0 665.0 40.0 ſar auoit touſiours en la bouche ces deux vers grecs des

255.0 1059.0 666.0 42.0 Pheniſſes d’Euripide, Si droit & equité ſont iamais à vio

257.0 1091.0 665.0 43.0 ler ce doit ſeulement eſtre pour cauſe de regner. Cela

258.0 1123.0 664.0 43.0 fut dit la premiere fois par Euripide parlant de Etheo¬

257.0 1154.0 666.0 39.0 cles qui auoit debouté ſes freres du royaume de The¬

259.0 1188.0 664.0 41.0 bes: mais au contraire ceſte choſe où il ſe veut diſpen¬

258.0 1217.0 665.0 43.0 ſer d’equité eſt la choſe où elle doit plus auoir lieu, & en

257.0 1249.0 665.0 43.0 quoy il eſt le plus laid & dommageable d’en abuſer. Car

258.0 1282.0 664.0 40.0 ſi cela n’eſt conduit d’equité, ce ſeroit approuuer l’op¬

257.0 1314.0 665.0 40.0 preſſion des peuples, la deſtruction des loix & de la liber

256.0 1345.0 667.0 42.0 té. Ainſi vn roy legitime a de la peine à ſupporter ſa char

259.0 1376.0 663.0 52.0 ge, mais vn tel doit bien eſtre perſecuté par les peurs &

831.0 1411.0 91.0 46.0 doures
