1000 1671
68.0 144.0 659.0 37.0 ees bonnes gens inſtruits par la neceſſité & corrigez par

67.0 175.0 660.0 41.0 les erreurs qui ſuruenoyent en la police, petit à petit ſe

66.0 201.0 661.0 43.0 rendoyent duits à ciuilité & eſtabliſſoyent les royaumes

66.0 233.0 662.0 43.0 ſous la vertu & dignité de l’homme eſleu eſtant conu

66.0 263.0 662.0 42.0 en valleur & amplitude de vertus morales dont il exce¬

67.0 295.0 662.0 45.0 doit la multitudé. Depuis on a eu eſgard à la nobleſſe de

67.0 328.0 658.0 45.0 lignage. Or nobleſſe de lignage eſt ne forligner de ver¬

732.0 343.0 100.0 62.0 Polit.20.

66.0 357.0 659.0 44.0 tu. Item on a eu eſgard à la faueur des amis & facultez

69.0 391.0 658.0 43.0 du prince: dont eſt venu ce qu’on dit que du temps des

67.0 422.0 660.0 45.0 ſiecles d’or les roys furent eſleus pour eux & leur ligna¬

69.0 453.0 658.0 41.0 ge cõſiderant la vertu reſidente au milieu d’icelui. Tous

68.0 485.0 659.0 41.0 Ies grands royaumes bien policez ont eſté ainſi cõduits,

69.0 517.0 658.0 44.0 conſiderant que la voye de ſucceſſiõ eſt l’image du gou

68.0 548.0 660.0 43.0 uernement eternel & vniuerſel appartenant au ſeul

68.0 580.0 660.0 43.0 Dieu:car la ſucceſſion continuee ſemble vne perpetuité

68.0 615.0 659.0 40.0 de vie au pere viuant par ſes deſcẽdans. C’eſt pourquoy

69.0 646.0 658.0 40.0 il eſt dit que Artax erxes donnant ſon royaume à Darius

68.0 673.0 659.0 42.0 ſon fils ne penſa mourir ni rien quitter, par ce qu’il ve¬

66.0 701.0 663.0 45.0 ſtoit ſon ſemblable de ſa deſpouille. Ainſi en eſt il par dif

68.0 737.0 658.0 43.0 poſition de droit ciuil & canon parlant meſmes du fils

66.0 768.0 662.0 44.0 aiſné du prince, qu’en telle dignité de royaume il doit

68.0 800.0 660.0 44.0 ſucceder & ne point diuiſer ce qui luy eſt laiſſé de ſes pe

67.0 830.0 661.0 47.0 res ff.de iure patronatus, l. Cornelia. & 7. queſt. cap.quàm peri¬

66.0 863.0 661.0 37.0 culoſum. C’eſt choſe louable auſſi qu’en vn royaume il y

67.0 893.0 661.0 44.0 ait des hommes de meſme ſang du Roy, qui luy ſoyent

68.0 928.0 659.0 36.0 comme aſſeſſeurs & collateraux: car par ce moyẽ le Roy

68.0 958.0 660.0 40.0 aura pluſieurs yeux & pluſieurs aureilles. Les loix s’acor¬

67.0 988.0 660.0 42.0 dent dõc à ce point qu’il eſt proufitable qu’il y ait vn li¬

64.0 1020.0 664.0 44.0 gnage duquel le Roy ſoit prins & couronné. ff. de muncri

66.0 1055.0 188.0 37.0 bus.l. quadratum.

207.0 90.0 296.0 51.0 Sous Charles Ix.

668.0 98.0 57.0 49.0 159

86.0 1089.0 641.0 36.0 Ceſte police eſt belle & conuenable & tenue pour cho

68.0 1115.0 659.0 38.0 ſe expediente, mais nõ pas neceſſaire: tar le Roy ne doit

67.0 1147.0 660.0 42.0 preſumer que le peuple ne ſoit touſiours en puiſſance

66.0 1178.0 661.0 42.0 de depoſer luy & ſon lignage auec meſme droit qu’il a

65.0 1209.0 661.0 37.0 eu de l’inſtaler, quand il monſtrera courage d’ennemy

65.0 1239.0 662.0 40.0 enuers la patrie de laquelle il eſt conſtitué protecteur, &

65.0 1271.0 663.0 42.0 ſi lon void que la perſonne & le lignage empirent: com

65.0 1302.0 661.0 40.0 me la raiſon l’enſeigne & pluſieurs exemples le demon

62.0 1332.0 656.0 42.0 ſtrẽt. Il faut dõc en premier lieu obſeruer exactement ce

732.0 1318.0 125.0 49.0 Cod. de off.

65.0 1364.0 657.0 63.0 qui eſt dit en droit, que le vray & naturel ſeigneur procu

732.0 1354.0 95.0 52.0 præfec.l.i.
