1000 1671
127.0 99.0 158.0 52.0 M.B.LXXIIII

453.0 101.0 293.0 50.0 Eſtat de France

261.0 156.0 665.0 36.0 meurtres, & l’autre par inceſtueux, & toutes deux par ty

261.0 183.0 666.0 41.0 raunie, les droits diuins & de nature. Les peuples donc

262.0 214.0 663.0 42.0 ſur leſquels les femmes ont obtenu la domination par

263.0 248.0 664.0 44.0 męnees & ſurpriſes peuuent dire qu’ils ſupportent vne

263.0 305.0 504.0 17.0 qhamaialauaane daigcenldeuu

290.0 309.0 638.0 40.0 Ceux qui par longue couſtume tenue pour loy au

263.0 341.0 666.0 44.0 pays ont que les femmes ſuccedent au royaume ils ſe

264.0 371.0 665.0 46.0 priuilegent de la loy de nature, en conſtituant pour com

261.0 404.0 667.0 42.0 mandef en la policé la perſonne qu’elle en exclud. D’au¬

262.0 436.0 668.0 43.0 trepart ils tranſgreſſent l’ordre ciuil, en ce que d’vne

262.0 468.0 666.0 43.0 charge excellente ils en font vn heritage familier. Tou¬

263.0 500.0 666.0 43.0 tesfois quand les loix du pays bien obſeruees mettent

263.0 531.0 664.0 42.0 ordre en tel gouueinement, elles ſe trouuent mieux

264.0 566.0 663.0 39.0 preſeruees quelquesfois contre les pratiques d’vne fem

263.0 594.0 661.0 38.0 me timide & voluptueuſe que contre vn homme auda¬

262.0 624.0 667.0 44.0 cieux & de grande entrepriſe. Mais quant à ceux qui de

265.0 660.0 663.0 37.0 gayeté de cœur, ayans d’autres raiſons & moyens, con¬

262.0 687.0 666.0 43.0 ſtituent ſur eux vne femme, ie ſuis encores à apprendre

263.0 718.0 663.0 42.0 qui ſont ceux auſquels il n’en ſoit meſaduenu. La loy

263.0 749.0 664.0 43.0 dit que le royaume ſemble eſtre de la nature d’vn fief

264.0 782.0 663.0 41.0 paternel ou ancien, lequel fief eſt de telle nature qu’il

264.0 814.0 665.0 40.0 ne peut eſtre acquis fors à ceux ſeulement qui deſcen¬

263.0 845.0 667.0 42.0 dent de la lignee maſculine, & ne peut eſtre aucunemẽt

264.0 880.0 665.0 40.0 tranſporté en femme, ff. de grad, ſucced. S. primo. de interdic.

265.0 907.0 666.0 39.0 & relega.l.2. & de ſenatorib. l.emancipatam. Il ne fait à pro¬

267.0 939.0 663.0 43.0 pos d’alleguer les filles de Salphaad qui vindrent à ſuc¬

265.0 971.0 667.0 42.0 ceder à la portion d’heritage de leur pere mort en la ſe¬

265.0 1000.0 668.0 45.0 dition de Dathan & de Choré: car c’eſtoit pour mon¬

265.0 1033.0 666.0 42.0 ſtrer que Dieu n’vſoit point de confiſcations par ſes loix

265.0 1064.0 669.0 41.0 & ce que les filles d’iceluy ſuccederent, c’eſtoit de droit

264.0 1098.0 668.0 40.0 commun, comme la loy le porte. Cod. in authẽt. cap. legen¬

264.0 1129.0 668.0 42.0 te, de ſuis legit. & cap. impe rialem.5. præterea ducatus. Mais ce¬

264.0 1159.0 668.0 43.0 la ne conuient pas pour l’eſgard des principautez. Selon

264.0 1191.0 667.0 39.0 le droit commun, qui voudra auoir eſgard à ce que por¬

265.0 1222.0 667.0 45.0 tent les loix, la femme ne doit point eſtre iuge, attendu

266.0 1252.0 666.0 45.0 que les conditions de la femme repugnent à ce qui eſt

264.0 1287.0 665.0 43.0 requis au gouuernement de la choſe publique. ff. de iu¬

262.0 1317.0 672.0 45.0 diciis. l. cumn prætor. de reg.iuris. l. fœminæ. & pourtant eſt dit

262.0 1350.0 673.0 47.0 au droit canõ. Extra, de voto, cap.licet, que ſi vn Roy meurt

262.0 1383.0 671.0 54.0 ſans enfans maſles, encores qu’il y ait des filles, toutes-

876.0 1416.0 56.0 51.0 fois
