1000 1671
56.0 150.0 667.0 42.0 fide ſeulement. De là auient ce pendãt que par mutuel¬

56.0 178.0 666.0 45.0 le contẽtion le ſang ciuil s’eſpand & s’eſtaignent les lu¬

56.0 209.0 664.0 46.0 mieres de la republique, qui fait que la partie victorieu¬

57.0 242.0 663.0 45.0 ſe demeure ſans force & conſeil, & ſe va puiſapres ietter

57.0 273.0 663.0 47.0 par ce defaut en nouueaux inconueniens. Ceux de Syra¬

57.0 306.0 665.0 44.0 cuſe eſtans deliurez des tyrans receurent en leur republi

57.0 336.0 665.0 45.0 que grand nombre d’eſtrangers, par leſquels ils tiroyent

59.0 367.0 662.0 42.0 proufit des marchãdiſes, pour rẽplir les places vuides de

57.0 399.0 664.0 42.0 Feſtat. Ceux là dreſſerẽt nouuelle ſeditiõ par brigues &

56.0 431.0 666.0 44.0 mauuais conſeil. Ceux d’Antiopolis receurẽt les bannis

58.0 461.0 664.0 44.0 de Calcide, & les firent citoyens, mais ils leur donnerẽt

57.0 494.0 663.0 44.0 ſemblable payement. Ainſi il ne faut iamais tellemẽt de¬

57.0 524.0 664.0 43.0 biliter ſon propre corps qu’il ſoit cõtraint recercher vi¬

58.0 557.0 664.0 47.0 gueur des eſtrangers leſquels il eſt treſſaint receuoir par

58.0 587.0 662.0 44.0 vn deuoit humain d’hoſpitalité, mais non pas leur don¬

57.0 621.0 664.0 39.0 ner admihiſtration, iuſqu’à ce qu’ils ayent en eux impri¬

57.0 650.0 664.0 46.0 mee l’affection de la patrie qui ſera quand par alliances

60.0 682.0 660.0 46.0 & par vtilitez cõmunes ils y ſerõt attirez par les citoyẽs.

190.0 100.0 296.0 51.0 Sous Charles Ix.

641.0 101.0 81.0 44.0 206

729.0 778.0 49.0 47.0 lices.

90.0 721.0 628.0 40.0 Or les polices prennẽtcouſtumierement changemẽt,

58.0 745.0 663.0 46.0 lors qu’vne des parties d’icelle eſt fort debilitee. Cõme

55.0 779.0 663.0 45.0 à Tarente, apres qu’ils eurent eſté vaincus en bataille par

59.0 810.0 663.0 39.0 ceux de Medile & leurs aſſociez, là où preſques tous les

58.0 841.0 664.0 45.0 nobles moururent, le peuple de la cite fit ſedition cõtre

59.0 874.0 664.0 44.0 les demeurans & fut conuertie leur Ariſtocratie en De¬

58.0 906.0 665.0 43.0 mocratie. Ceux d’Argos vaincus par les Lacedemoniens

58.0 937.0 664.0 37.0 furent contraints, eſtans en extremité, de faire leurs eſ¬

56.0 968.0 667.0 42.0 claues citoyens. Ainſi la fin des ſeditions tend à la deſtra

58.0 998.0 665.0 39.0 ctiõ de tout l’eſtat, & ſingulierement des gẽs notables

58.0 1030.0 664.0 39.0 d’iceluy. Car le peuple bas cerche en fin ſoulagement de

55.0 1065.0 666.0 40.0 ſa ſeruitude & excedãt ſon degré de ſerf il taſche à deue

55.0 1093.0 663.0 39.0 nir maiſtre quand il void ſon tẽps à propos. Or le prince

55.0 1123.0 662.0 43.0 qui y a le principal intereſt y doit pouruoir, & s’il y a cõ

52.0 1159.0 663.0 38.0 mencement de ſedition la reprimer ſeuerement, nõ pas

51.0 1185.0 667.0 43.0 la ſuſciter, & puis faire ſemblant de la punir. Cela n’eſt

51.0 1217.0 667.0 50.0 proprement guerre ni eſmotion quand il procede ainſi

51.0 1251.0 664.0 42.0 contre ſes ſuiets deſobeiſſans, ains execurion de droit &

53.0 1282.0 669.0 45.0 de ſa ſentence, laquelle ſe doit faire par voye de fait

51.0 1314.0 657.0 45.0 contre les rebelles, & telle execution n’a point d’iniure

724.0 1044.0 135.0 51.0 ffde rei ven¬

724.0 1081.0 136.0 45.0 ditione.l. qui

727.0 1119.0 129.0 38.0 reſtitnere, &

725.0 1152.0 131.0 39.0 quod metus.

725.0 1180.0 123.0 41.0 l. ſecunda.

725.0 1208.0 128.0 43.0 de iniuriis. l.

724.0 1247.0 126.0 38.0 iniuriarum.

729.0 1306.0 116.0 40.0 des princes

725.0 1342.0 131.0 40.0 entre ſes ſu¬

82.0 1354.0 635.0 34.0 On dira là deſſus que les guerres que font les princes

52.0 1377.0 661.0 53.0 auiourd’huy contre leurs ſuiets ſont donc iuſtes &
