1000 1671
64.0 143.0 665.0 43.0 duiſent leur poſterité en eſtat qu’il faut puïlapres que

63.0 177.0 666.0 39.0 leurs ſucceſſeurs periſſent de miſere. Or il n’eſt loiſible à

65.0 210.0 659.0 43.0 qui que ce ſoit de tuer de ſa propre autorité & puiſſãce,

733.0 206.0 131.0 43.0 Auguſt.I.l

61.0 239.0 664.0 42.0 encor que cela s’adreſſaſt à l’endroit d’vn malfaicteur

732.0 245.0 125.0 34.0 cit. de Dien

64.0 275.0 661.0 36.0 duquel le malefice fuſt bien prouué & verifié. Ie viẽ dõc

732.0 267.0 135.0 50.0 ff.ad.l. Iui&

61.0 307.0 664.0 38.0 touſiours à la cõparaiſon du moĩdre au plus grãd, pour

733.0 302.0 59.0 51.0 de vi.

63.0 337.0 667.0 41.0 dire, que ſera ce ſi telles iniures & iniquitez s’adreſſent à

66.0 372.0 663.0 35.0 vn public, veu que les loix deffendent ainſi le droit des

64.0 401.0 664.0 40.0 particuliers? Si l’on a conſpiré la deſtruction du peuple,

64.0 432.0 666.0 37.0 & que deſia l’on ait faict ſes efforts d’executer ſi cruel

64.0 466.0 666.0 39.0 deſſein, le peuple auec bõne raiſon s’armera pour ſa def¬

64.0 495.0 666.0 38.0 fence, laiſſant apres à Dieu l’euenement. Car comme dit

64.0 530.0 663.0 41.0 Ciceron, on repute que celuy qui faict quelque choſe

64.0 561.0 662.0 39.0 pour le ſalut de ſa vie l’auoir faict de droit. Si le prince

64.0 591.0 668.0 39.0 faict les choſes hors de droit, ſõ autorité ne l’abſout pas.

64.0 624.0 666.0 38.0 & ſi auec le droit le peuple procede à ce qu’il entreprẽd,

64.0 654.0 667.0 39.0 il eſt autoriſé par ce moyẽ en ce qu’il faict. Que ſi le prin

64.0 686.0 667.0 41.0 ce allegue auoir des droits ſus le peuple, plus que le peu¬

64.0 716.0 668.0 45.0 ple n’a ſus luy, ie l’aduoue: mais c’eſt quant à vn ou plu¬

65.0 750.0 668.0 41.0 ſieurs particuliers, mais non ſus la multitude du public.

63.0 779.0 670.0 39.0 En tout euenemẽt il ſe faut arreſter à ce que le droit na¬

63.0 813.0 671.0 37.0 turel eſt cõmun & eſgal à tous ſans differẽce des perſon¬

63.0 845.0 671.0 38.0 nes. Donc ſi quelcũ contre iceluy fait violence, ce meſ¬

63.0 876.0 671.0 43.0 me droit permet la reſpouſſer. Ainſi les principaux des

62.0 908.0 671.0 37.0 ſuiets vnis auec la multitude feront bien d’auiſer ſi l’in¬

62.0 939.0 673.0 44.0 iuſtice doit eſtre tant autoriſee que de dire que celuy qui

63.0 971.0 671.0 41.0 en faict profeſſion ſoit maintenu en degré ſouuerain de

62.0 1003.0 672.0 39.0 puiſſance & dignité. S’ils n’õt affection enuers la patrie

64.0 1033.0 669.0 43.0 qui les eſguillonne à tel deuoir, qu’ils ayent pitié d’eux¬

61.0 1065.0 671.0 45.0 meſmes, car leur eſtat ne pourra ſubſiſter quand la iuſti¬

61.0 1100.0 661.0 41.0 ce ſera du tout oſtee: non pas meſmes l’eſtat en general

58.0 1127.0 671.0 45.0 Il faut donc au moins qu’ils taſchent à le conſeruer au

57.0 1159.0 672.0 41.0 ſucceſſeur, faiſãt pratiquer ce qui eſt dit qu’vn prince ne

57.0 1193.0 671.0 43.0 peut rien faire au preiudice de ſon pareil & eſgal, qui eſt

60.0 1223.0 673.0 46.0 ſon ſucceſſeur, lequel venãt à la ſucceſſion ne trouuera

59.0 1256.0 671.0 43.0 domaine ni reuenu, ne moyen d’entretenir ſon eſtat a¬

739.0 1086.0 132.0 55.0 Lad Trebel¬

739.0 1136.0 134.0 39.0 lianum l. ille

738.0 1166.0 133.0 49.0 in quo 5.tem

739.0 1198.0 98.0 56.0 peſtatum.

215.0 99.0 304.0 50.0 Sous Charles IX.

647.0 104.0 84.0 35.0 200

91.0 1324.0 636.0 42.0 Voila quãt à ce que les hõmes de diuerſe qualité alle¬

58.0 1347.0 667.0 44.0 guẽt des drois qu’ils pretẽdẽt les vns ſur les autres. Il y a

57.0 1384.0 668.0 43.0 puis apres la deſcription de ſes drois contenue en la loy

58.0 1416.0 657.0 51.0 qui eſt le principal bien de la ſocieté humaine

739.0 1317.0 121.0 47.0 Deſcriptiou

738.0 1352.0 131.0 46.0 des droits cõ¬

739.0 1386.0 109.0 45.0 tenus en la

742.0 1421.0 37.0 52.0 ley.

59.0 1288.0 433.0 39.0 pres le mauuais meſnage de l’autre.
