1000 1671
47.0 146.0 667.0 36.0 uile communication: ſans laquelle les hommes par ma¬

47.0 175.0 667.0 41.0 niere de dire ne viuent plus. Car comme dit Ciceron, en

45.0 207.0 669.0 42.0 ſa 2. Philippique, celuy qui oſte la communication d’en

47.0 236.0 665.0 41.0 tre les hommes il oſte le fruit ſocial de la vie d’iceux.

47.0 269.0 667.0 43.0 Roboam fils de Salomon s’en ſçeut bien à quoy tenir,

49.0 302.0 665.0 45.0 & pluſieurs autres tels exemples qui s’en peuuent propo

47.0 332.0 667.0 45.0 ſer. Parquoy faut conſiderer que royaume eſt vne puiſſan

49.0 364.0 665.0 39.0 ce ſans contrainte & acceptee de la bonne volonté &

50.0 395.0 664.0 44.0 vnanime conſentement des ſuiets, & que quelques veſ¬

50.0 427.0 665.0 45.0 tus morales que puiſſe auoir le prince ſi n’excede il pas

50.0 460.0 667.0 40.0 en excellence tous ceux qui luy ſont ſuiets à la propor¬

51.0 491.0 667.0 44.0 tion & meſure de l’honneur qu’il reçoit par deſſus les

50.0 521.0 666.0 45.0 autres. C’eſt donc en ſe conſiderant ſoymeſme dequoy

50.0 553.0 667.0 42.0 le faire contenir & l’empeſcher d’attenter à en optenir

51.0 587.0 151.0 43.0 d’auantage.

216.0 91.0 303.0 54.0 Sous Charles 1x.

79.0 628.0 634.0 30.0 Le royaume eſt puiſſance d’vn qui regit & modere v¬

727.0 586.0 129.0 69.0 Que c'eſtque

51.0 644.0 666.0 48.0 ne republique & region, ne cerchant ſon profit particu¬

732.0 644.0 121.0 52.0 en royaume.

54.0 680.0 667.0 38.0 lier, ains celuy de ſes ſuiets. Sa dignité & grandeur ont

54.0 711.0 667.0 39.0 donc leur fondement ſur ſa vertu & executiõ de ſa char¬

56.0 741.0 666.0 48.0 ge: car c’eſt l’eſprir vital & ame de l’Empire diſoit Sene¬

54.0 774.0 668.0 44.0 que à Neron, parlãt pluſtoſt d’vn prince deſiré que trou¬

56.0 806.0 667.0 40.0 ué:car ſans iceluy tant de milliers d’hommes rãgez ſous

56.0 839.0 666.0 43.0 ſa puiſſance ne ſeroyent que proye à perdition. Et pour¬

56.0 871.0 669.0 39.0 tant ne doit auoit eſgard particulier, ains eſtant la vie de

58.0 905.0 666.0 36.0 la republique ſituee en ſa vertu, il doit touſiours veiller

58.0 932.0 667.0 44.0 à l’vtilité d’icelle, comme il void que les hommes s’ac¬

59.0 967.0 668.0 39.0 cordent en la protection & amour enuers luy: tellement

60.0 999.0 665.0 40.0 que non ſeulement ils s’expoſent auec leurs biens où le

59.0 1028.0 666.0 40.0 ſalut & profit de ſon commãdement les attire: mais en¬

60.0 1062.0 666.0 35.0 cores ſe hazardent & meurent ieunes & fotts pour ſau¬

62.0 1089.0 663.0 47.0 uer le corps d’iceluy ia tout caduque & amorty, à la ma¬

62.0 1123.0 665.0 42.0 niere que feroyent le corps & les membres de l’homme

63.0 1157.0 664.0 41.0 pour l’ame, de laquelle ils ſont organes & inſtrumens.

64.0 1185.0 660.0 44.0 Que le prince donc face bien à tous: s’il ne peut qu’il

61.0 1212.0 664.0 44.0 empeſche leur mal: & s’il n’en a le moyen qu’on le

738.0 1203.0 131.0 57.0 Es enſeigne¬

62.0 1244.0 663.0 49.0 voye ſe condouloir du mal de ſes membres, dit Xeno¬

738.0 1250.0 133.0 39.0 mens de Cã¬

65.0 1279.0 664.0 47.0 phon. Qu’il louë les obeiſſans, car cela leur prouient de

67.0 1313.0 662.0 36.0 vne bonne opinion qu’ils ont de la iuſtice du comman

66.0 1342.0 666.0 45.0 deur, & de bonne volonté qu’ils luy portent. Et faut dire

68.0 1375.0 663.0 52.0 que la perſonne d’vn bon Roy eſt ſichere à ſon peuple,

632.0 96.0 75.0 53.0 164

566.0 1413.0 71.0 46.0 x 4
