1000 1671
76.0 144.0 662.0 35.0 dit que nous n’auons tous qu’vn pere, vn ſeigneur & vn

75.0 167.0 658.0 47.0 docteur: & Malachie, qu’vn ſeigneur & vn pere, ſignifiãt

746.0 148.0 104.0 55.0 Math.23.

76.0 204.0 659.0 45.0 que ce pere commun des hommes & de la nature, ſe re¬

743.0 190.0 112.0 48.0 Malach..

76.0 234.0 660.0 47.0 pre ſente par ſes images de nos geniteurs, auſquels pour

77.0 269.0 658.0 41.0 ce regard eſt deuë preference & honneur, comme por¬

77.0 299.0 659.0 42.0 tans le nom que l’Eternel declaire eſtre propre à luy ſeul

78.0 331.0 662.0 41.0 & qu’il leur communique. Cela meſme euſt eu lieu auãt

76.0 361.0 661.0 44.0 le peché, & d’autant plus purement que l’homme n’e¬

77.0 395.0 660.0 40.0 ſtoit corrompu. Or void on que deuant ceſte cheute

76.0 425.0 662.0 39.0 l’homme auoit les affections, exercices & facultez de na

76.0 455.0 660.0 39.0 ture. Il auoit delectation en l’vſage des dons de Dieu &

76.0 487.0 661.0 38.0 con ſideration de ſes œuures. Il cultiuoit le Iardin qui

76.0 518.0 660.0 39.0 luy auoit eſté baille en garde. Il mangeoit & dormoit.

76.0 550.0 661.0 41.0 Mais toutes ces choſes eſtoyent reiglees en luy, qui de¬

76.0 582.0 661.0 42.0 puis ont eſté corrompues par le peché. Chriſt auoit tou¬

76.0 616.0 660.0 35.0 tes ces choſes compaſſees à la volont éde Dieu: & les

76.0 646.0 661.0 39.0 autres hommes non. pourtant y auoit difference ent e

76.0 677.0 661.0 39.0 l’obeiſſance rendue par Chriſt à Ioſeph & à Marie auſ¬

75.0 704.0 658.0 45.0 quels il eſtoit ſuiet, & les autres du temps qu’il eſtoit hã

746.0 693.0 74.0 46.0 Luc. 2.

76.0 739.0 661.0 37.0 me en terre: comme il euſt eu entre les hommes auant le

76.0 770.0 663.0 42.0 peché & ceux qui ſont prouenus depuis le peché, c’eſt

77.0 803.0 660.0 39.0 que ce qui jſe doit faire franchement & en toute pure¬

76.0 833.0 661.0 41.0 té, ſe fait auec contrainte, eſtant corrompu par l’inſtru¬

75.0 866.0 252.0 40.0 ment qui le produit.

207.0 91.0 312.0 49.0 Sous Charles IX.

679.0 101.0 57.0 45.0 151

108.0 901.0 628.0 36.0 Sur ce on replique que donc les Anges ſeront ſuiets

746.0 916.0 72.0 47.0 Heb.1.

75.0 928.0 658.0 39.0 aux hommes, car il eſt dit qu’ils ſeruent à leur ſalut. ce

77.0 959.0 657.0 40.0 n’eſt pas à dire que pour ſeruir au ſalut des hommes, ils

75.0 990.0 661.0 40.0 leur ſoyent ſuiets: car il n’eſt point dit que la volonté

77.0 1021.0 660.0 41.0 d’Ange ſoit ſuiette à l’homme, comme de celle de la

75.0 1052.0 662.0 41.0 femme enuers le mary & du puiſné enuers l’aiſné. Il eſt

76.0 1085.0 660.0 41.0 vray que la dignité de la nature humaine eſt plus exaltee

76.0 1119.0 655.0 39.0 par le meſme Apoſtre, que celle de la narure Angelique,

76.0 1147.0 657.0 42.0 à cauſe que Chriſt s’eſt fait homme: mais cela ne fait riẽ

73.0 1178.0 658.0 38.0 à propos de ce qui ſe doit faire d’homme à homme ſe¬

75.0 1209.0 657.0 41.0 lon l’ordre eſtably de Dieu. C’eſt encores moins à pro¬

75.0 1243.0 660.0 39.0 pos d’alleguer qu’en mettant difference de dignité &

73.0 1272.0 661.0 39.0 authorité entre deux hommes pere &fils auant le peché

73.0 1303.0 661.0 37.0 lon eſtablit vn opinion Arriane: car Arrius diſoit cela de

71.0 1333.0 663.0 42.0 Ieſus Chriſt Dieu Eternel, incorruptible, incomprehen¬

73.0 1366.0 659.0 51.0 ſible, & infiny & l’vne des trois perſonnes ſubſiſtentes
