1000 1671
133.0 95.0 163.0 45.0 M.D.IXXIIII

272.0 150.0 659.0 43.0 temps qui enſeigna de cultiuer la terre, & de Hercules

272.0 183.0 660.0 42.0 en ſon temps auſſi qui guarentit les peuples des mon¬

270.0 211.0 662.0 47.0 ſtres & des tyrans. Il a eſté monſtré cõment des le temps

271.0 245.0 659.0 42.0 de Cain il y a eu forme de monarchie, & ſuiuant les rei¬

273.0 277.0 657.0 43.0 gles & exemples propoſez on peut biẽ dire que les trois

271.0 307.0 659.0 42.0 fils de Lamech ont eſté tenus, pour Roys, comme deco¬

270.0 337.0 662.0 45.0 rateurs & bienfaicteurs enuers la republique à cauſe de

271.0 374.0 660.0 41.0 leurs inuentions des tentes de la muſique, & de l’art de

270.0 402.0 659.0 44.0 forger. Le royaume donca eſté le premier nom de gou¬

271.0 435.0 659.0 43.0 uernement politique, qu’eſt celuy que les anciens ont

270.0 466.0 658.0 42.0 nommé la diuine & treſexcellente police: & par conſe¬

271.0 496.0 659.0 45.0 quent la tranſgreſſion d’icelle (qui eſt tyrãnie) la pire de

271.0 529.0 661.0 43.0 toutes les autres. C’eſt pourquoy il a eſté treſbien dit,

272.0 564.0 660.0 37.0 que celuy qui voudra conſtituer l’entendement pour

272.0 591.0 661.0 44.0 gouuerneur de la principauté (c’eſt à dire partie de l’a¬

270.0 623.0 662.0 44.0 me par ſoy intellectiue) c’eſt comme reſigner ceſt hon¬

270.0 656.0 662.0 41.0 neur à Dieu & aux loix: car telle partie ſeparee de la ſen¬

269.0 687.0 664.0 43.0 ſitiue eſt exemple de paſſion & de concupiſcence, & gou

271.0 719.0 662.0 42.0 uernee de pure raiſon: choſe qui eſt touſiours auſſi vers

269.0 750.0 662.0 41.0 Dieu & vers les loix: mais qui introduit l’hõme en plei¬

269.0 782.0 662.0 42.0 ne puiſſance cõme hõme pur, & conduit de la partie ſen

269.0 813.0 662.0 40.0 ſitiue c’eſt dõner la ſeigneurieà cequi eſt cõmun auec les

270.0 846.0 663.0 42.0 beſtes, s’eſcartãt à tous propos de la raiſon. A iuſtement

270.0 877.0 662.0 42.0 iuger, il eſt certain que la tyrannie & maluerſation en ce

270.0 906.0 662.0 45.0 ſte charge à ſuiuy de ſipres l’eſtat royal meſme que lõ ne

270.0 939.0 664.0 46.0 peut quaſi iuger de cõbien la royauté ſoit plus anciẽne.

488.0 96.0 278.0 59.0 Eſtat de France

298.0 977.0 634.0 34.0 Les hommes n’auoyẽt en ces temps anciens autre loy

271.0 1001.0 661.0 43.0 eſcrite que la naturelle, qui enſeignoit vn deuoir des

271.0 1035.0 663.0 40.0 vns enuers les autres pour l’vtilité commune, & le gou¬

132.0 1065.0 132.0 86.0 Iiſin. bus

271.0 1066.0 663.0 42.0 uernement eſtoit en la main des roys, qui n’eſtoyẽt pro¬

275.0 1093.0 656.0 48.0 meus au comble de maieſté par ambition populaire,

271.0 1130.0 663.0 38.0 mais par ceſte moderation & temperãce eſprouuee en¬

271.0 1159.0 664.0 44.0 tre les bons. C’eſtoit au temps qu’il n’aparoiſſoit aucun

271.0 1191.0 664.0 45.0 lien par les loix, & que le iugement deferé aux princes

271.0 1224.0 665.0 41.0 ſeruoit d’ordonnances: leſquels princes eſtoyent pour

272.0 1253.0 664.0 42.0 deffendre les bornes de l’Empire & non pour cercher

272.0 1283.0 664.0 41.0 de les eſtendre plus loin. Or puis qu’il eſtoit queſtion de

272.0 1316.0 665.0 43.0 deffendre l’empire, il s’enſuit qu’il y auoit des agreſſeurs

272.0 1347.0 664.0 43.0 qui eſt le fruit de l’ambition ce que le naturel & legiti¬

271.0 1379.0 667.0 62.0 me prince ne deuoit pourchaſſer comme dit eſt. Ainſi

892.0 1415.0 46.0 40.0 ces
