1000 1671
129.0 109.0 163.0 41.0 M.D. IXXIIIE

129.0 377.0 132.0 79.0 2Pblipriqd

265.0 161.0 667.0 36.0 Catule, de Pompee, de Cæſar, & apres du triumvirat. Lu¬

266.0 189.0 664.0 39.0 cain ſe plaint que Marius & Cinna firent mourir les hõ

266.0 221.0 665.0 41.0 mes les plus renommez de la cité, tellement que les lu¬

266.0 253.0 666.0 40.0 mieres d’icelle furent eſteintes. Sylla en fit depuis la ven

267.0 283.0 664.0 46.0 geance, qui fut plus pernicieuſe que n’euſt eſté la toleran

267.0 316.0 666.0 43.0 ce à ſupporter les offences que lõ puniſſoit. On en pour

267.0 347.0 665.0 43.0 roit biẽ autãt dire des autres qui ne firẽt gueres mieux:

269.0 377.0 661.0 47.0 & eut lieu lors à Rome, cõme auiourd’huy en pluſieurs

278.0 413.0 652.0 39.0 lieux, le dire de Ciceron, c’eſt que la grace qui peut pro¬

268.0 442.0 663.0 41.0 ceder de volleurs & aſſaſſins eſt de vous laiſſer la vie, la¬

267.0 473.0 664.0 45.0 quelle ils s’attribuent auoit ſauuee à ceux auſquels ayãt

267.0 505.0 665.0 45.0 moyen de la tollir leur ont laiſſee neantmoins. Il n’y a

266.0 538.0 666.0 43.0 donc choſe ſi pernicieuſe que de troubler vn public, ſoit

268.0 569.0 665.0 44.0 que le trouble vienne du peuple ou du prince. Et pour¬

267.0 601.0 667.0 43.0 tant quicõque prend les armes pour s’auancer & auto¬

274.0 628.0 657.0 48.0 riſer au gouuernement public, de quelque qualité qu’il

268.0 663.0 667.0 44.0 ſoit, doit eſtre tenu pour ennemy du public: & n’y a fon

272.0 692.0 659.0 48.0 dement plus iuſte pour faire vne guerre que de l’entre¬

275.0 726.0 656.0 45.0 prendre contre tels pour telle cauſe. Car il eſt dit que iu

278.0 753.0 652.0 46.0 ſte guerre & iuſte deffence eſt introduite de droit natu¬

272.0 789.0 656.0 47.0 rel & humain, & pourtant eſt loiſible de s’armer pour la

268.0 823.0 260.0 38.0 vie & pour la liberté.

126.0 626.0 109.0 53.0 Cic.1. off.

125.0 696.0 135.0 50.0 Iſidore. diſti,

126.0 738.0 138.0 34.0 cap. ius natu

125.0 764.0 142.0 45.0 rale & ff.de

125.0 793.0 136.0 55.0 iuſtitia & il

129.0 830.0 47.0 47.0 ré.

455.0 104.0 297.0 53.0 Eſtat de France

125.0 949.0 136.0 78.0 Cieaxpub.

298.0 860.0 633.0 34.0 Or il ſe faut garder des guerres ciuiles, tant que faire

267.0 883.0 664.0 46.0 ſe pourra, comme de la plus pernicieuſe choſe qui puiſſe

266.0 919.0 663.0 36.0 auenir. Toutesfois il vaut mieux les auoir & y mourir,

267.0 945.0 662.0 46.0 que de dire qu’vn publrc ſuccõbe en la ſeruitude des ty¬

271.0 974.0 657.0 48.0 rans. Il y a deux choſes pourquoy la cité entre legitime¬

265.0 1012.0 668.0 41.0 ment en guerre, & pourqu’oy elle ne doit aucunement

274.0 1037.0 657.0 46.0 fleſchir: c’eſt pour maintenir la foy des ſainctes conuenã

263.0 1104.0 667.0 45.0 té pour tenir la foy aux Romains. Il y a l’autre qui eſt

265.0 1137.0 667.0 44.0 pour ſon propre ſalut & liberté. Les hommes & gens pri

265.0 1167.0 665.0 45.0 uez eſchappent las peines de pauureté, exil, empriſon¬

263.0 1200.0 668.0 42.0 nement, batures & ſeruitude, par vne mort ſoudaine ſur

265.0 1229.0 666.0 41.0 uenante. Mais aux citez la peine eſt la mort meſmes, &

265.0 1262.0 667.0 41.0 ne ſont deliurees deſeruitude par la mort cõmune: car el

265.0 1294.0 667.0 41.0 le cõtinue en ceſte vie par la race ſuccedãte. La guerre ci

265.0 1324.0 667.0 41.0 uile ne ſe demeine iamais que pour aſſeruir ou pour s’en

265.0 1357.0 668.0 45.0 garder: & c’eſt ce qui eſtoit impoſé autresfois au gẽs cõ

265.0 1389.0 668.0 48.0 quis & tenus pour interdits, qui eſtoit vne barbarie deſ¬

125.0 1054.0 136.0 39.0 Appian en

127.0 1080.0 132.0 40.0 la guerre Ly

128.0 1108.0 52.0 58.0 big.

859.0 1425.0 71.0 44.0 natu¬
