1000 1671
64.0 146.0 663.0 36.0 n’ẽ auroit point, ſoit à cõſeruer les biẽs publiques dont

63.0 197.0 663.0 20.0 ai denaise,od pourfeneraaroscanenves penneules:

66.0 205.0 661.0 41.0 Toutesfois pour reigler ſa vie & les actions humaines il

64.0 235.0 662.0 48.0 faut qu’il ait les autres: mais elles ſont plus particulieres.

197.0 92.0 301.0 49.0 Sous Charles ix.

95.0 269.0 634.0 41.0 Or ſoit homme ſoit femme qui ſoit conſtitué en ce¬

64.0 298.0 663.0 46.0 ſte excellente charge il en doit hommage à Dieu, & re¬

64.0 333.0 663.0 40.0 muneratiõ au peuple qui l’a fait par la volonté de Dieu.

64.0 369.0 665.0 38.0 Iceluy Dieu Eternel a donné le prince au peuple pour

62.0 395.0 667.0 45.0 Ie ſeruir, en procurant le bien d’iceluy peuple, & le peu¬

66.0 427.0 663.0 45.0 ple a concen telle cõfiance du prince qu’il luy a ſoumis

66.0 458.0 664.0 44.0 non ſeulement ſes biens mais auſſi ſa vie, & (ce qui eſt en

66.0 489.0 665.0 40.0 cores plus cher) la garde de ſa liberté encloſe ſous le ca¬

64.0 521.0 667.0 45.0 chet des loix. Le prince eſt donc grãdement tenu à Dieu

67.0 554.0 664.0 45.0 premierement, & en ſecõd lieu au peuple, pour l’eſgard

67.0 584.0 664.0 46.0 du don & honneur qui luy eſt fait. Et pourtãt il faut que

66.0 620.0 667.0 40.0 il conſidere que ſi pour cauſe d’amitié & communicatiõ

71.0 647.0 663.0 43.0 vn donne quelque choſe à vn autre il conſtitue le dona

67.0 677.0 667.0 46.0 taire iuge de la reconoiſſance deuë. Et encores que le dõ

72.0 711.0 663.0 39.0 fuſt abſolu (ce qui n’eſt en puiſſance de principauté, ains

67.0 741.0 668.0 45.0 ſous loix & cõuenãces) ſi ne doit il iamais tellemẽt eſtre

68.0 774.0 668.0 45.0 eſtimé propre qu’il n’emporte touſiours vne obligation

68.0 808.0 667.0 38.0 de recompenſe, autrement c’eſt violer les droits de com

67.0 837.0 669.0 45.0 munication d’amitié. Exemple. Auguſte receut des Ro¬

71.0 869.0 665.0 41.0 mains la puiſſance ſouueraine qui par eux luy fut trans¬

71.0 901.0 666.0 39.0 feree. Suyuant la loy naturelle & la raiſon, il deuoit recõ¬

72.0 932.0 667.0 44.0 penſer ce bien faict de bienueillance & de ſoin enuers la

72.0 962.0 667.0 46.0 republique. Ses ſucceſſeurs deuoyent faire le meſme: ce

72.0 997.0 666.0 41.0 que n’ayans fait, ils ont gaſté la communion de l’eſtat,

77.0 1027.0 661.0 43.0 ſe ſont perdus euxmeſmes, & apres ont perdu l’empire.

73.0 1060.0 662.0 41.0 Cependant ils ne s’en ſont pas tous allez ſans chaſtimẽt,

71.0 1090.0 667.0 42.0 comme il a eſté dit de Neron qui fut condamné à mort

747.0 1097.0 134.0 46.0 la vie de Ne

73.0 1120.0 676.0 45.0 ignominieuſe. Car le public eſt touſiours releué de ce

76.0 1155.0 666.0 42.0 qu’il fait contre le droit naturel concernant ſa conſerua

69.0 1185.0 674.0 43.0 tion & liberté: pource qu’il eſt à preſumer que ce qu’il

73.0 1218.0 668.0 41.0 aura fait à ſon preiudice aura eſté obtenu par extorſion,

75.0 1249.0 668.0 43.0 violence, ou cautelle, & non legitimemẽt: comme à dire

74.0 1281.0 668.0 42.0 le vray il ne ſe peut faire autrement, car la liberté eſt plus

74.0 1312.0 668.0 44.0 chere au peuple que la vie, pour laquelle conſeruer on a

76.0 1345.0 666.0 46.0 introduit les princes comme paſteurs pour le troupeau.

653.0 102.0 71.0 43.0 172

757.0 1072.0 124.0 36.0 Suetone en

583.0 1381.0 65.0 41.0 Y 4
