1000 1671
255.0 87.0 304.0 52.0 Sous Charles 1x.

675.0 98.0 70.0 44.0 154.

77.0 142.0 671.0 36.0 de la charge & miniſtere d’Adam, & toutes enſemble

74.0 168.0 674.0 42.0 auec vne bonne correſpõdance pour reſtaurer les playes

75.0 199.0 673.0 43.0 de la malediction, tant s’en faut qu’elles ſoyent effects

75.0 231.0 671.0 41.0 d’icelle. Ie dy donc que Cain exerça la puiſſance ciuile,

75.0 262.0 673.0 42.0 car il edifia vne cité, ce qui ne ſe peut entendre d’vn a¬

74.0 295.0 675.0 35.0 mas d’edifices, car les maiſons n’eſtoyent encores, ains

77.0 327.0 671.0 41.0 y eut ſeulemẽt des tentes dreſſees quelque tẽps apres. Ce

77.0 362.0 671.0 39.0 la donc ſe doit entendre d’vne congreg ation des famil¬

76.0 388.0 673.0 41.0 les de ſes deſcendans, laquelle multitude il regiſſoit auec

77.0 420.0 671.0 43.0 quelque ordre politique. A quoy ſe conforme l’etymolo

77.0 452.0 671.0 44.0 gie du nom decité, qui eſt à dire vnité de citoyens S.Au¬

77.0 487.0 672.0 41.0 guſtin à ce propos dit au 15.liure de la cité de Dieu, que

76.0 516.0 672.0 41.0 en la cité terrienne y a eu pluſieurs Roys dont Cain en

76.0 546.0 672.0 40.0 doit auoir eſté le premier, attendu qu’il fonda vne ci¬

76.0 579.0 671.0 42.0 té & la nomma du nom de ſon fils Enoc qui regnaa¬

76.0 608.0 671.0 44.0 pres, & depuis Gaidad fils d’Enoc, puis Manichel fils de

76.0 645.0 668.0 36.0 Gaidad. Ce Manichel eut ſon fils aiſné nommé Gaidad,

77.0 671.0 666.0 43.0 & l’autre Mathuſael lequel regna apres ſon pere Mani¬

77.0 701.0 669.0 43.0 chel. Et Mathuſael eut ſon aiſné nommé Manichel &

78.0 736.0 668.0 41.0 vn autre nommé Lamech, lequel Lamech regna apres

77.0 766.0 667.0 41.0 Mathuſael ſon pere. Lamech eut vn autre fils nommé

76.0 798.0 667.0 38.0 Mathuſael. Il n’eſtoit (dit le meſme docteur au lieu ſus al

78.0 830.0 664.0 41.0 gué) pas conſequẽt que les aiſnez ſuccedaſſent au royau¬

77.0 862.0 665.0 43.0 me à leurs peres regnans, ains ceux que choiſiſſoit ou le

77.0 892.0 663.0 39.0 merite de regner à raiſon de la vertu vtile à la cité, ou

79.0 924.0 661.0 42.0 par quelque ſort, ou bien celuy ſuccedaſt par quelque

77.0 958.0 662.0 37.0 droit hereditaire de regner en quoy le pere l’euſt auan¬

75.0 987.0 661.0 42.0 cé l’aimãt plus que ſes autres enfans. Or le deluge, dit il,

76.0 1019.0 661.0 44.0 s’eſt peu faire Lamech encores viuant & regnant: voila

76.0 1051.0 310.0 40.0 les propos de S.Auguſtin.

106.0 1088.0 630.0 36.0 Il eſt à preſupoſer que Cain pour s’eſtablir a gouuer¬

74.0 1114.0 661.0 40.0 né auec quelque modeſtie, ne fuſt que pour s’aſſeurer

74.0 1144.0 658.0 41.0 des ſiens contre ceux de la race de Seth qu’il redoutoit,

75.0 1176.0 658.0 41.0 portant ce ver en ſa conſcience que ſon ſang deuoit e¬

73.0 1206.0 657.0 42.0 ſtre eſpandu, à cauſe qu’il auoit eſpandu celuy d’autruy,

74.0 1241.0 663.0 37.0 & monſtra la teneur de la loy eſtre naturellement eſcri¬

73.0 1269.0 664.0 40.0 te en ſoy, quand ſuiuant icelle il prononça ſa ſentence

72.0 1302.0 665.0 41.0 deuant le ſeigneur. Mais il appert que Lamech en ſon au

72.0 1334.0 664.0 40.0 torité eſtoit cruel & ſanguinaire, confiderantles propos

71.0 1364.0 666.0 49.0 qu’il tenoit à ſes femmes de tuer & de faire vengeance.

613.0 1403.0 22.0 38.0 2
