848 1417
201.0 92.0 256.0 44.0 Sous Charles Ix.

570.0 103.0 59.0 41.0 219

52.0 137.0 577.0 32.0 leur ſurpriſe ſuiuãt la charge à eux dõnee par ceux qui en

53.0 162.0 576.0 30.0 auoyẽt la puiſſance ſe ſaiſirẽt de pluſieurs places en Poi¬

55.0 188.0 574.0 36.0 tou, Sainctõge & Angoumois, Cõme de Fõtenay le Cõ¬

55.0 216.0 574.0 35.0 te, Luſignẽ, Pons, Tõnecharẽte, Talemond, Melle, Bou¬

55.0 242.0 576.0 36.0 teuille, Royan, Brouage, Rochefort & autres. Leur entre

55.0 269.0 573.0 37.0 priſe ſur Niort, Coignac, S. Maixant & autres lieux fail¬

55.0 301.0 572.0 33.0 lit ou pour eſtre deſcouuerte par gẽs indiſcrets, ou pous

56.0 322.0 568.0 39.0 ce que ceux de la religiõ ne s’y trouuerẽt les plus forts;

55.0 350.0 571.0 36.0 & que la nobleſſe ſeule s’en meſloit ſans ceux des lieux.

55.0 378.0 572.0 36.0 Quãt aux autres places de cõſequẽce, la royne mere qui

56.0 404.0 569.0 38.0 ſauoit la pluſpart de ces menees y auoit dõné ordre en

56.0 432.0 572.0 37.0 telle façõ qu’elle eſtoit contẽte que les autres demeuraſ:

55.0 458.0 572.0 35.0 ſent pour vn tẽps es mains de ceux de la religiõ, aſin d’ẽ¬

55.0 486.0 572.0 36.0 tretenir & augmenter la diuiſion entre les François, &

57.0 512.0 572.0 40.0 s’en preualoir, comme ç’a eſté le moyen par lequel elle

57.0 540.0 455.0 33.0 s’eſt maintenue en tout le regne de Charles.

76.0 569.0 553.0 34.0 En la prinſe de ces places on ne fit violẽce quelcõque

56.0 591.0 573.0 38.0 aux paifibles cat holiques, & ſi quelques officiers de iuſti

56.0 618.0 574.0 36.0 ce furent prins priſonniers, ils furẽt auſſi toſt relaſchez.

56.0 643.0 574.0 37.0 Quãt à la maniere de telles ſurpriſes, nous reciterõs celle

57.0 672.0 573.0 36.0 de Pons & du chaſteau de Luſignẽ. Põs ville de cõſequẽ¬

57.0 700.0 574.0 36.0 ce en Saintõge fut prinſe par le ſieur de la Caſe qui auoit

59.0 725.0 571.0 37.0 eſté gouuerneur du roy de Nauarre. Il ſe ſaiſit du ſei¬

60.0 752.0 571.0 39.0 gneur du lieu & de ſa fẽme, & les tenuoya ſains & ſaufs:

59.0 778.0 571.0 40.0 cõbiẽ que ſelõ la proteſtatiõ & declaratiõ de la prinſe dez

59.0 807.0 571.0 39.0 armes par luy ſignee auec les autres il ne deuſt ęſpargner

60.0 834.0 570.0 36.0 ce ſeigneur de Põs qui auoit touſiours eſté ennémi iuré

60.0 859.0 571.0 39.0 de ceux de la religion, & meſmes en auoit fait executer

60.0 887.0 570.0 37.0 pluſieurs audit lieu apres les maſſacres. Le ſieur de la Ca¬

60.0 913.0 570.0 37.0 ſe ſẽbla depuis ſce diſoyẽt aucũs) en auoir eſté chaſſé de

60.0 942.0 571.0 33.0 Dieu, car pourſuiuãt vn Capitaine catholique qui auec ſa

60.0 967.0 571.0 39.0 compagnie s’eſtoit retrãché dãs vn village, cõme ledit

59.0 995.0 571.0 34.0 ſieur parlemẽtoit auec ce capitaine, il fut tué ſur la place

61.0 1021.0 568.0 37.0 d’vn coup d’arquebouze tiré par vn des ſoldats de ce ca¬

61.0 1048.0 570.0 37.0 pitaine qui tout incõtinent ſe retira. Ce fut grãd dõmage.

62.0 1076.0 568.0 32.0 de la mort de ce gentilhomme, car il auoit vne fort bõ¬

61.0 1102.0 570.0 37.0 ne ame, eſtoit experimenté aux afaires d’eſtat, vaillant

64.0 1129.0 568.0 37.0 en guerre, bien verſé aux bonnes lettres, d’vn bon & ſo¬

59.0 1154.0 573.0 38.0 lide iugemẽt. Auſſi le ſieur de la Nouë ſe repoſoit ſur lui

59.0 1182.0 573.0 50.0 dela pluſpart des afaires, & le tenoit pour vn des plus

477.0 1215.0 74.0 38.0 EE 3
