1000 1671
146.0 90.0 161.0 50.0 M. D.LXXIIII

145.0 216.0 107.0 42.0 Deut.17.

285.0 142.0 672.0 42.0 apparente marque. Dieu parlant à Moyſe & luy deſcri¬

285.0 172.0 670.0 38.0 uant ce qu’il vouloit qu’euſt le Roy de ſon peuple, com

285.0 206.0 670.0 39.0 mande qu’il garde les paroles de la loy equitable, en la

283.0 234.0 671.0 42.0 conſideration de laquelle il doit eſtre tellement aſſidu

284.0 268.0 669.0 42.0 qu’elle luy ſoit docteur, pour ne decliner à choſe qui le

285.0 298.0 667.0 40.0 puiſſe conduire à tyrannie & à s’eſleuer ſur ſes freres. Il

284.0 336.0 669.0 33.0 eſt certain que la vertu & renommee du prince & la mo

283.0 362.0 670.0 42.0 deration en la puiſſance monarchique oſte l’enuie & le

283.0 394.0 669.0 43.0 ſoupçon des ſuiets, aſauoir quand le prince les tient en

283.0 427.0 668.0 37.0 moindre ſeruitude & qu’il vſe de moins abſolue puiſſan

283.0 458.0 667.0 41.0 ce à dominer & qu’il ne ſe conduiſe par flateurs, qui

282.0 490.0 669.0 42.0 ſont les peſtes des bonnes mœurs & diſcipline des prin¬

283.0 521.0 80.0 37.0 ces.

503.0 86.0 291.0 57.0 Eſtat de France

141.0 557.0 149.0 47.0 Puiſſancedes

139.0 590.0 140.0 44.0 princes doit

140.0 625.0 138.0 47.0 eſtre grande.

310.0 556.0 642.0 39.0 Or la puiſſance du prince doit eſtre grande pour con

289.0 583.0 662.0 40.0 traindre les deſobeiffans, autrement il ne pourroit gou¬

291.0 615.0 658.0 43.0 uerner la principauté: car poſé qu’il exerçaſt ſa domina¬

282.0 647.0 669.0 38.0 tion iouxte les loix, ſi faut-il qu’il ait la puiſſance pour

280.0 678.0 671.0 39.0 les faire obſeruer. Elle doit donc exceder celle d’vn cha

281.0 709.0 668.0 39.0 cũ particulier de ſes ſuiets, voire celle de pluſieurs ioints

280.0 741.0 670.0 43.0 enſemble pour ceſt effect. Mais elle ne ſe doit pas eſga¬

281.0 773.0 670.0 38.0 ler à celle de la plus ſaine & meilleure partie de la multi

281.0 805.0 669.0 42.0 tude, autrement il pourroit violer les loix & tyranniſer

280.0 838.0 670.0 42.0 le peuple. La cupidité du prince en eſt le feu & les flat¬

281.0 869.0 669.0 41.0 teurs en ſont les allumettes. Ils deſirent bien l’augmẽta¬

281.0 900.0 667.0 41.0 tion du prince, mais c’eſt ſeulement afin d’acroiſtre les

281.0 932.0 667.0 39.0 emolumens royaux dont ils ſuccent la meilleure part.

283.0 964.0 666.0 39.0 Cependant ils ne luy conſeillent pas la vertu, qui eſt le

282.0 997.0 665.0 41.0 moyen de conſeruer le ſien & augmenter ſes limites,

280.0 1027.0 673.0 45.0 ains la volupté & negligence, auec vn faux cuider & o¬

282.0 1059.0 666.0 43.0 pinion de ſoymeſme, qui en fin apporte la rui ne du Roy

281.0 1092.0 668.0 39.0 lequel ils abandonnent lors pour ſe tenir du coſté de la

280.0 1155.0 668.0 41.0 ple rend le prince plus ſeigneuriant & plus grand en ce

283.0 1191.0 665.0 39.0 qu’il tient, mais tant plus petit en limites, dontil va touſ¬

283.0 1218.0 665.0 40.0 iours en deſcroiſſant, & peu à peu les quartiers les plus

282.0 1250.0 664.0 44.0 eſlongnez de ſa domination ſe diſtrayent, & en fin les

283.0 1282.0 665.0 43.0 plus interieures parties d’iceluy eſtant fatiguees ſe faſ¬

283.0 1316.0 666.0 39.0 chent attendu que ce qui nourrit la communion de l’e¬

283.0 1346.0 665.0 40.0 ſtat n’y eſt plus, qui eſt l’amour & bienueillance recipro

285.0 1380.0 664.0 54.0 que du prince au peuple entre leſquels n’y a plus de ci¬

142.0 1125.0 138.0 44.0 Ariſt.3. des

145.0 1163.0 124.0 63.0 politiques.

890.0 1412.0 57.0 47.0 uile
