1000 1671
118.0 80.0 170.0 39.0 M. D.IXXIIII

115.0 122.0 128.0 47.0 AuI.liure

115.0 154.0 116.0 50.0 des Ethi¬

123.0 194.0 76.0 39.0 ques.

118.0 263.0 118.0 37.0 Le peuple

112.0 292.0 144.0 75.0 pupe & par

115.0 330.0 62.0 40.0 qui.

267.0 135.0 656.0 44.0 le dire d’Ariſtote eſt bien notable, c’eſt que les choſe¬

263.0 157.0 657.0 56.0 pour l’amour deſquelles d’autres ſont faictes ſõt plus ex¬

263.0 189.0 657.0 53.0 cellẽtes que celles qui ſont faictes pour leur tegardicõ¬

260.0 222.0 662.0 51.0 me on doit eſtimer du Roy faict pour le peuple qu’il eſt

263 252 657 54 moins excellent que la multitude, à laquelle il eſt don¬

264.0 285.0 656.0 51.0 né. Mais il n’eſt rien ſi aiſé à pipper qu’vn peuple, prin¬

259.0 319.0 664.0 48.0 cipalement ayant afaire à gens qui tienent eſcole de

259.0 349.0 664.0 50.0 cautelle & machination contre la liberté, ce qu’ils apel¬

259.0 381.0 663.0 48.0 lent conoiſſance d’afaires d’eſtat, & par telles menees

259.0 413.0 663.0 50.0 font que le pauure peuple pour la pluſpart aide à ſe trõ¬

260.0 446.0 661.0 46.0 per ſoymeſmes, & ſe porte pour ennemy de ſes propres

260.0 476.0 662.0 48.0 bienfaicteurs. Sur quoy ſelon l’aduis du Iuriſconſulte

271.0 504.0 646.0 54.0 Vlpian, celuy qui retient vn autre libre en ſa maiſon,

261.0 540.0 660.0 46.0 bien que ce ſoit de ſongré, ſi toutesfois ce contente¬

261.0 570.0 660.0 48.0 ment procede de fineſſe, ſubornation ou faux donner

260.0 602.0 661.0 45.0 à entendre de celuy qui le retient, il n’eſt pas moins

260.0 633.0 660.0 47.0 coulpable que ſi l’ayant raui il le retenoit par force.

263.0 665.0 657.0 49.0 Voyez dõc (faiſant cõparaiſon du petit au pluſgrãd, &

261.0 698.0 659.0 47.0 d’vne perſonne priuee à vn public) s’il y a loy en cela, &

259.0 730.0 662.0 45.0 ſi la choſe eſt meſchante. Il eſt dit d’auantage que ceux

264.0 760.0 652.0 50.0 qui vendent, achetent ou donnent vne perſonne libre,

261.0 793.0 656.0 48.0 & auſſi ceux qui la recelent, retiennent, empriſonnent,

260.0 827.0 659.0 46.0 ou autremẽt en abuſent, ſont obligez du crime de pla¬

261.0 856.0 658.0 50.0 gium. Que ſera-ce de çeux qui ne font que apaſter le

262.0 890.0 659.0 43.0 peuple pour le mener aux filez des tyrans, pour le met¬

261.0 919.0 662.0 43.0 tre en ſeruitude? C’eſt auiourdhuy toute l’eſtude & indu

261.0 951.0 658.0 49.0 ſtrie des Roys & de ceux qui les gouuernent & l’em¬

264.0 981.0 570.0 49.0 ploy des puiſſances qui leur ſont niiſes en main.

473.0 80.0 278.0 63.0 Eſtat de France

115.0 499.0 144.0 62.0 fl.3.5.ſi quis

118.0 547.0 115.0 39.0 vplentem.

117.0 704.0 123.0 44.0 ff.l.1.3.&

117.0 732.0 132.0 45.0 penultima:

115.0 765.0 139.0 42.0 'ad l. de pla¬

122.0 799.0 83.0 42.0 giariis.

123.0 1024.0 119.0 44.0 Dequoy la

121.0 1060.0 109.0 40.0 puiſſance

121.0 1090.0 115.0 40.0 doit ſeruir

124.0 1125.0 104.0 30.0 aux rois.

287.0 1024.0 632.0 37.0 Il’eſt bien conuenable que les Roys ayent des forces

265.0 1048.0 653.0 44.0 mais nõ pour ſe ſeruir d’icelles à violẽter leurs ſubiects,

265.0 1080.0 656.0 43.0 àins pour reſiſter aux inuaſions qui ſe feroyent au pre¬

265.0 1113.0 657.0 40.0 iudice d’iceux & de leur ſeigneurie: & qu’ils conſide¬

264.0 1146.0 658.0 40.0 rent que la grace de regner eſt pour l’vtilité du peu¬

268.0 1180.0 654.0 38.0 ple & non pour leur particulier. Il y a d’autre part

266.0 1213.0 656.0 34.0 à conſiderer que la multitude ne doit pas s’emanciper

264.0 1241.0 658.0 41.0 legerement: car ’attendu qu’il y a plus de voix & de te¬

263.0 1271.0 660.0 43.0 ſtes, il y a auſſi plus de confuſion quand elle s’eſcarte de

263.0 1302.0 659.0 44.0 l’ordre naturel & legitime. Il y a vne eſpece de princi¬

267.0 1338.0 653.0 39.0 pauté nommec Demagogie, qui eſt quand vn peuple

259.0 1368.0 661.0 55.0 ne veut pas obeir aux ioix e aux droits Royaux, & qu’il

125.0 1193.0 131.0 36.0 Ariſt.au7

124.0 1222.0 110.0 47.0 des politq

126.0 1297.0 128.0 37.0 Demagogie

122.0 1324.0 134.0 43.0 ameineA¬

121.0 1357.0 94.0 46.0 narchie.

845.0 1399.0 75.0 45.0 s’eſlit
