1000 1671
49.0 136.0 676.0 53.0 treshonnorable l’en defaire & la luy oſter? car ſe ſont

51.0 171.0 673.0 50.0 gens qui pretendent vne vtilité ſeparee d’honneſteté, &

50.0 203.0 674.0 48.0 pourtant peruertiſſent les fondemens & principes de

50.0 236.0 671.0 42.0 nature. La nature nous conuie bien à cercher vtilité,

50.0 266.0 674.0 46.0 mais c’eſt en la querant à cauſe de neceſſité: mais l’hon¬

51.0 299.0 674.0 43.0 neſteté de laquelle ceux cy ſont ennemis, eſt pour cauſe

50.0 330.0 676.0 44.0 de louange & contentement d’eſprit:eſtans deſtituez de

51.0 363.0 675.0 45.0 I’vn & de l’autre on doit accorder (ce qui eſt vray) que la

51.0 399.0 673.0 38.0 monarchie eſt le plus celebre & louable de tous les gou

51.0 427.0 673.0 45.0 uernemens, mais auſſi le plus gliſſant, s’il n’eſt bien rete¬

51.0 457.0 674.0 46.0 nu aux termes d’equité, par bonne liaiſon d’autres puiſ¬

52.0 489.0 673.0 45.0 ſances qui l’appuyent & qui le facent aller droit. Si la ne

51.0 525.0 675.0 43.0 ceſſité a voulu que pour euiter oppreſſion le peuple ait

51.0 555.0 674.0 44.0 eu recours à vn, qui par commune voix ait eſté appelé

51.0 584.0 672.0 46.0 pour eſtre diſtributeur de ce que l’equité ordonneroit,

52.0 619.0 674.0 41.0 & gardien des loix, ayant la puiſſance pour maintenir

51.0 650.0 674.0 41.0 la iuſtice: que ſera ce ſi en ceſte eminence & pouuoir

52.0 678.0 672.0 47.0 qu’on luy confere il fait tout le contraire? On voit que

732.0 675.0 116.0 42.0 Tſocrates à

52.0 709.0 674.0 48.0 les tyrans d’auiourdhuy recompenſent les meſchans

739.0 707.0 92.0 42.0 Vicocles.

52.0 744.0 672.0 42.0 comme bons, cõtre ces ſaincts preceptes qui diſent que

51.0 774.0 672.0 42.0 ainſi que les hommes different de mœurs qu’auſſi on

54.0 805.0 669.0 45.0 y doit mettre difference d’honneurs. Ils abaiſſent les

52.0 839.0 671.0 43.0 grands qui par leur vertu donnent touſiours bon con¬

52.0 867.0 670.0 46.0 ſeil ſans flatterie & ſans le ſeparer du public. Ils ne per¬

52.0 900.0 671.0 41.0 mettent aux ſuiets aſſemblees ne diſciplines. Ils ſement

52.0 933.0 669.0 42.0 desfiance entre le peuple: luy abaiſſent la puiſſance & le

52.0 964.0 670.0 41.0 cœur: ſe fortifient de gens eſtrangers ou auancez outre

52.0 996.0 669.0 44.0 leurs merites, leſquels font que le prince eſt pluſtoſt

51.0 1026.0 667.0 42.0 craint qu’aimé. ce ſont à la verité les couleurs de tyran¬

52.0 1060.0 406.0 42.0 nie que telle monarchie que cela.

220.0 92.0 304.0 55.0 Sous Charles Ix.

650.0 89.0 71.0 54.0 169

82.0 1088.0 770.0 47.0 La monarchie peut eſtre mixte de royaume & tyran-Monarchie

52.0 1120.0 807.0 46.0 nie. Elle eſt royale en ce que le prince eſt legitimement meſlee de roy

53.0 1152.0 806.0 48.0 paruenu, & que ſes ſuiets ſont volontairement ſubmis aume & de

52.0 1185.0 770.0 48.0 à ſon obeiſſance. Puis elle eſt tyrannique en ce que le tyrannie.

51.0 1217.0 671.0 44.0 prince s’eſcarte des loix naturelles & equitables, & qu’il

51.0 1247.0 672.0 42.0 altere les anciennes, ſur leſquelles ſont fondez les droits

51.0 1282.0 670.0 43.0 du royaume: en ce qu’il gouuerne comme eſclaues les

51.0 1313.0 670.0 43.0 perſonnes libres. Il y a dauantage, que quand le prince

51.0 1344.0 673.0 43.0 enſuiuroit du tout les loix, ſi ellesſont iniuſtes, cela rend

51.0 1377.0 671.0 51.0 parti cipant de tyrannie vn tel gouuernement: Ou bien

724.0 1093.0 126.0 34.0 Monarchie

728.0 1120.0 125.0 39.0 meſlee de roy

729.0 1147.0 130.0 50.0 aume & de

728.0 1185.0 90.0 41.0 cyrannie.

155.0 1412.0 143.0 61.0 I olume.

614.0 1414.0 11.0 56.0 1
