1000 1671
131.0 90.0 164.0 38.0 M. D. LXXIIII

272.0 145.0 668.0 38.0 la moindre choſe ſans auoir reuelation & expres com¬

270.0 173.0 672.0 41.0 mandement du Seigneur:tellement qu’on peut dire que

271.0 207.0 671.0 40.0 c’eſtoit Dieu qui gouuernoit immediatement, & que

272.0 236.0 669.0 42.0 Moyſe eſtoit ſon prophete & expoſiteur de ſa volonté.

270.0 267.0 671.0 46.0 C’eſt cela meſmes que requit le peuple en Horeb'qu’il

271.0 300.0 672.0 42.0 pleuſt à Dieu dire à Moyſe ſa bonne volonté & qu’eux

271.0 330.0 671.0 50.0 craignoyent de mourir ſi la preſence de Dieu leur appa¬

270.0 370.0 210.0 33.0 roiſſoit ſouuent.

132.0 267.0 115.0 44.0 Exod.20.

447.0 87.0 278.0 62.0 Eſtat de France

130.0 518.0 51.0 41.0 die.

130.0 446.0 126.0 51.0 Yenophon

129.0 483.0 141.0 55.0 en ſa cyropæ

302.0 401.0 640.0 39.0 Quant à ce qui eſt dit de Cyrus que lon regarde ſa vo

271.0 429.0 671.0 41.0 cation, ſes commencemens & ſon progres & lon ver¬

271.0 455.0 669.0 51.0 ra qu’il a ( par maniere de dire) eſte forcé d’entrepren¬

281.0 487.0 660.0 43.0 dre à ſe faire monarque:car il eſt depeint tãt amy de ver¬

272.0 527.0 670.0 41.0 tu que les peuples quaſit l’adoroyent, & Dieu qui eſt le

272.0 557.0 670.0 39.0 ſouuerain diſtributeur des droits l’y auoit appellé, com¬

271.0 587.0 671.0 44.0 me dit Iſaye, Or il n’y appelle pas chaſcun & n’autori¬

272.0 621.0 670.0 38.0 ſe pas tous ceux qui ont le pouuoir auec le deſir de con

272.0 650.0 670.0 43.0 queſter, teſmoin Sennacherib. Ils peuuent bien y parue¬

270.0 686.0 672.0 38.0 nir, mais il faut le conſentement des peuples, pour tirer

269.0 712.0 673.0 41.0 d’eux obeiſſance. La ſentence de Chuſai aura lieu (com¬

271.0 747.0 670.0 41.0 me Dieu & l’equité le veulent) qui diſoit, Ie demeure¬

270.0 778.0 640.0 41.0 ray auec celuy que l’Eternel & le peuple auront eſleu.

132.0 710.0 120.0 40.0 2.Sam.16.

129.0 820.0 118.0 40.0 L’autorité

128.0 850.0 115.0 44.0 d’eſlirelles

128.0 881.0 138.0 46.0 princes à qui

127.0 916.0 126.0 42.0 appartient.

299.0 815.0 640.0 38.0 On trouuera que par droit naturel, par l’vſage des cho

272.0 841.0 666.0 42.0 ſes de touſiours acouſtumé, par toute equité & raiſon,

271.0 872.0 669.0 42.0 apres Dieu l’autorité eſt vers la multitude du peuple: &

272.0 906.0 666.0 40.0 pourtant elle eſt nommee autorité publique ou des

271.0 941.0 669.0 33.0 peuples leſquels la communiquent aux princes, pour

270.0 968.0 670.0 41.0 l’exercer à l’vtilité d’iceux peuples, & non pour leur ra¬

268.0 997.0 672.0 39.0 uir & en abuſer. Pourtant en Iuday auoit alliance entre

268.0 1031.0 672.0 39.0 le Roy & le peuple, auec ſerment ſolennel d’obſeruer

270.0 1063.0 671.0 38.0 les loix & bonnes couſtumes du royaume, en deffaut

269.0 1096.0 670.0 41.0 dequoy les roys pouuoyent eſtre reprimez par le peuple

269.0 1127.0 669.0 40.0 ou ſes deputez comme fut Athalia vſurpatrice & Ama¬

269.0 1158.0 670.0 35.0 ſias mauuais adminiſtrateur. On void à ce propos com¬

266.0 1187.0 673.0 44.0 ment les Prophetes reprochent aux peuples de Iuda &

267.0 1221.0 672.0 38.0 Iſrael, & les menaçent, pour auoir rendu obeiſſance aux

265.0 1253.0 673.0 39.0 roys contre la teneur des loix qui concernoyent le bien

266.0 1282.0 670.0 46.0 public. On pourra dire là deſſus que les royaumes ne de¬

266.0 1317.0 672.0 40.0 pendent les vns des autres: que celuy des Iuifs n’eſt pour

265.0 1347.0 671.0 43.0 reigler ne pour aſtreindre, les autres à la forme de ſon

266.0 1380.0 669.0 58.0 gouuernemẽt, conſideré meſmes qu’il y a des myſteres

127.0 1066.0 121.0 35.0 2.Rois.11.

127.0 1096.0 123.0 44.0 2. Rois II,

127.0 1127.0 80.0 38.0 & 14.

127.0 1200.0 92.0 41.0 Oſee.7.

127.0 1233.0 112.0 57.0 Ierem-34.

842.0 1415.0 92.0 47.0 conte¬
