1000 1671
135.0 101.0 163.0 41.0 M. D. LXXIIII

132.0 153.0 112.0 41.0 Plat. aux

133.0 185.0 72.0 40.0 loix.

285.0 155.0 659.0 38.0 On parle indefiniemẽt de loy, entendãr par ce mot ce

272.0 178.0 673.0 47.0 que Platõ apelle la principale loy, qui eſt (ditil) la der¬

277.0 209.0 670.0 49.0 niere penſee de Dieu, lequel cõmãde ou defend tout

278.0 242.0 666.0 47.0 par raiſon. Ou pour l’exprimer plus clairement c’eſt ce¬

277.0 272.0 669.0 51.0 ſte loy diuine qui n’eſt pas eſcrite aux liures, ni engra¬

276.0 306.0 672.0 43.0 uee en bronze, ains naturellement en nos ames. C’eſt ce

275.0 336.0 673.0 44.0 que les Iuriſconſultes ont apellé equité & bõté. Celle là

276.0 367.0 671.0 47.0 eſt nommee ſaincte & ſacree. C’eſt elle qui eſt la ſouue¬

276.0 401.0 671.0 46.0 raine ſource & origine de toutes bonnes ordonnãces,

275.0 431.0 671.0 45.0 laquelle Dieu a deſcrite en vn ſommaire de dix paroles

277.0 463.0 669.0 47.0 que Dauid apellé la lumiere de ſes pieds. Ceſte loy, Roi¬

278.0 496.0 669.0 48.0 ne & mere des autres, veut & requiert Iuſtice ſimple &

285.0 524.0 663.0 53.0 parfaicte, eu ceux entre leſquels il y a paches & conuen

279.0 559.0 669.0 45.0 tions, qui par iniuſtice pourroyẽt eſtre enfraintes. Tous

277.0 589.0 672.0 48.0 les mortels ne fauroyent rien alleguer qui les puiſſe diſ¬

279.0 622.0 670.0 51.0 penſer de l’autorité de ceſte loy, & moins encores pre¬

278.0 651.0 669.0 49.0 tendre d’y rien commander: car les commendemans

279.0 686.0 669.0 50.0 des hommes ſont enuers les choſes humaines: mais ce¬

278.0 719.0 671.0 45.0 ſte loy n’eſt de l’homme ne excogitee en l’entendement

280.0 750.0 670.0 47.0 d’iceluy, ains eſt quelque choſe eternelle qui gouuerne

280.0 779.0 669.0 50.0 le monde par vne ſageſſe à commander & deffendre. Et

281.0 813.0 669.0 51.0 pour tant que toute creature ſe taiſe pour l’ouyr & y ac¬

286.0 844.0 662.0 51.0 quieſcer. On vſe d’vn terme diſant que neceſſité eſt plus

285.0 875.0 664.0 52.0 forte que toutes les loix: mais cela ne ſe doit entendre

286.0 905.0 663.0 50.0 des choſes où il ne peut eſcheoir inſtance, comme d’ai¬

283.0 934.0 666.0 56.0 mer Dieu & viure ſelon vertu, qui ſont choſes impri¬

283.0 970.0 666.0 51.0 mees par ceſte loy ſouueraine en la nature:ains aux cho¬

281.0 997.0 671.0 52.0 ſes dependantes de droit poſitif & legal. Et toutesfois ſi

282.0 1032.0 669.0 52.0 tant eſtoit que l’homme peuſt abolir en ſoy tout ſenti¬

281.0 1066.0 671.0 49.0 ment de la Iuſtice des loix, ſi eſt ce que la neceſtité a ce¬

281.0 1095.0 668.0 52.0 ſte force de les reſſouldre & en dõner malgré luy le ſen¬

282.0 1126.0 671.0 55.0 timẽt à l’hõme: autresfois (cõme il à eſté dit) les princes

284.0 1160.0 669.0 53.0 gouuernoyent ſans loy eſcrite, attendu que la malice

283.0 1191.0 670.0 52.0 n’auoit point tant effacé l’eſprit de ceſte loy originelle

283.0 1224.0 671.0 46.0 des cueurs des hommes comme elle a auiourdhuy: qui

285.0 1254.0 670.0 51.0 faict que les loix ſont auiourdhuy eſcrites, cõmãdees &

284.0 1287.0 672.0 52.0 requiſes. Mais encores qu’il ſe trouuaſt auiourdhuy vn

284.0 1317.0 673.0 55.0 roy de ceſte ancienne probité là, ſi eſt ce qu’il ſeroit

285.0 1351.0 673.0 53.0 plus expediẽt pour la poli ce d’eſtre gouuerné par bõnes

286.0 1381.0 671.0 55.0 loix, deſquelles le prince doit eſtre fidelle miniſtre &

137.0 465.0 90.0 48.0 Pſſis.

485.0 99.0 277.0 50.0 Eſtat de France

135.0 535.0 118.0 46.0 Ariſtieth

139.0 572.0 19.0 37.0 5

141.0 719.0 122.0 50.0 Cic.a.loix.

140.0 868.0 137.0 40.0 Comment ſe

140.0 901.0 138.0 39.0 doit entendre

141.0 930.0 136.0 45.0 que Neceſs.

141.0 964.0 129.0 41.0 cé n’a point

141.0 993.0 71.0 52.0 de loy.

879.0 1415.0 77.0 48.0 inter¬
