1000 1671
126.0 98.0 163.0 42.0 M.D.LXXIIII

128.0 186.0 132.0 38.0 De la ſocie¬

123.0 220.0 129.0 30.0 té humaine

122.0 249.0 140.0 40.0 pour laquelle

123.0 284.0 134.0 38.0 les ſuperiori¬

122.0 309.0 140.0 40.0 tez ont eſté

123.0 343.0 140.0 37.0 introduites.

463.0 174.0 470.0 47.0 L a eſté monſtré cõment la principauté

461.0 211.0 472.0 43.0 procede de la paternelle œconomie, &

465.0 245.0 469.0 39.0 qu’en ces deux paternitez il y a ordre &

466.0 277.0 468.0 39.0 generation contraires: attendu que le

464.0 305.0 470.0 42.0 pere precede ſon fils & l’engendre, & le

466.0 336.0 465.0 46.0 peuple precede le prince & le cree & cõ

264.0 372.0 670.0 36.0 ſtitue: dont il a ſemblé cõuenable traiter en premier lieu

263.0 400.0 671.0 42.0 de la ſource & origine de principauté qui a amené le

264.0 431.0 671.0 45.0 propos auſſi à traiter de la perſonne & de la charge du

264.0 463.0 667.0 42.0 prince & pere du public. Maintenant en ſuiuant l’ordre,

263.0 493.0 672.0 38.0 ſemble eſtre conuenable de parler de la ſocieté humai¬

263.0 525.0 672.0 43.0 ne, pour laquelle entretenir l’ordre des ſuperioritez en¬

263.0 557.0 672.0 40.0 tre les hommes a eſté introduit. Puis il ſera parlé de la

263.0 586.0 671.0 40.0 puiſſance de l’vn & de l’autre pour les conferer enſem¬

263.0 620.0 672.0 41.0 ble auec raiſon & iugement. L’homme eſt vn animal ſo¬

261.0 652.0 672.0 42.0 cial: & qui n’a pas eſté trouué bon par le Seigneur Dieu

263.0 683.0 670.0 41.0 qu’il fuſt ſeul. Et pourtant faut qu’il ait communication

261.0 714.0 668.0 44.0 auec ſes ſemblables: car l’homme ne peut eſtre dit hom¬

263.0 747.0 670.0 42.0 me s’il n’eſt conſideré comme membre de communité,

263.0 777.0 670.0 45.0 comme le nom d’homme qui eſt en genre commun le

263.0 811.0 670.0 43.0 porte. Ainſi nous ne ſommes pas nez pour nouſ-meſ¬

263.0 841.0 671.0 45.0 mes ſeulement, mais pour la cité, le pays, & noſtre ligna

264.0 874.0 670.0 43.0 ge. Le mot cité eſt compoſé de deux latins qui ſont ciuin

264.0 908.0 670.0 37.0 vnitas, qui monſtre vn conſentement commun es cho¬

263.0 935.0 670.0 38.0 ſes principales de la vie. C’eſt ce que les anciens ont ap¬

264.0 967.0 671.0 43.0 pelle concorde, la quelle ne conſiſte pas en vn conſen¬

274.0 1003.0 659.0 38.0 tement d’opinion en certaines choſes (diſent ils) comme

264.0 1062.0 670.0 39.0 mais s’entend quand ceux de la patrie tendent vnanime

265.0 1093.0 668.0 42.0 ment aux choſes qui leur ſont conferentes & profita¬

265.0 1124.0 667.0 44.0 bles, & qu’en ayant fait election ils beſongnent d’vn ac¬

264.0 1155.0 670.0 40.0 cord tendans tous à l’vtilité commune. Nature a enſei¬

265.0 1188.0 670.0 43.0 gné ceſt ordre, & la neceſſité la fait pratiquer. En ces of¬

265.0 1223.0 668.0 39.0 fices les plus anciens & experts ont eu la preſeance: &

263.0 1251.0 670.0 44.0 ſemble que c’eſt vn grand ſigne de l’ire de Dieu ſur le

263.0 1282.0 670.0 40.0 monde quand il aueugle ceux qui ſont pour la lumiere

263.0 1315.0 670.0 43.0 des autres, & que par eux ce ſainct ordre ſoit confondu.

263.0 1347.0 671.0 45.0 Les plus ieunes & ignorans donc ſe ſont rapportez aux

265.0 1378.0 668.0 51.0 plus anciens & experts, tellement que pour ſe bien ac¬

122.0 983.0 139.0 51.0 Ariſtot. au

124.0 1028.0 143.0 41.0 9. des Ethi¬

123.0 1060.0 63.0 54.0 ques.

493.0 96.0 281.0 56.0 Eſtat de France

124.0 650.0 91.0 38.0 Gen.2.

839.0 1415.0 94.0 46.0 quitter
