1000 1671
65.0 161.0 672.0 34.0 auertit pas de ſa volonté par oracles comme alors? Car

64.0 187.0 672.0 40.0 il ſembſe bien que la voix de Dieu doit biẽ exclurre tou

65.0 219.0 672.0 41.0 te autre procedure, quand il a dit, cela ſoit: & toutes fois

64.0 254.0 674.0 38.0 le droit du peuple ne laiſſoit pas de luy eſtre reſerné. La

68.0 284.0 669.0 38.0 vertu & magnanimité de l’homme conu a donc fait que

65.0 314.0 672.0 43.0 la multitude, qui n’auroit point de prince, l’a conſtitué

66.0 346.0 672.0 40.0 ſur ſoy, pour maintenir & adminiſtrer iuſtice à la tourbe

64.0 382.0 263.0 36.0 confuſe & imbecille.

203.0 109.0 305.0 49.0 Sous Charles ix.

97.0 419.0 636.0 34.0 On me dira qu’vn hõme y peut paruenir par force, cõ

745.0 398.0 132.0 62.0 Des princet

65.0 441.0 671.0 46.0 me Nẽbroth. Ie reſpõs que ſi la force eſt droit il ſera dõc

743.0 448.0 85.0 49.0 violens,

69.0 475.0 670.0 42.0 loiſible à vn autre qui ſe pourra faire le plus fort d’en

69.0 505.0 671.0 44.0 deiecter celuy qui y ſeroit ainſi paruenu: & par ainſi l’e¬

67.0 537.0 673.0 45.0 ſtat du magiſtrat, qui eſt pour la police, ſeroit conuerty

69.0 571.0 671.0 36.0 en occaſion de tumultes, voire d’vne brutalité entre les

68.0 599.0 672.0 43.0 hommes. Quant à Moyſe en l’election duquel n’eſt in¬

68.0 629.0 668.0 47.0 teruenu aucũ ſuffrage du peuple, ie dy que Moyſe a eſté

746.0 629.0 135.0 54.0 Moyſe pour

68.0 658.0 668.0 52.0 enuoyé de Dieu pour deſtruire vne puiſſance eſtablie

747.0 675.0 134.0 39.0 quoy eſteu de

69.0 696.0 669.0 42.0 par longue couſtume que Pharaon auoit obtenue ſur le

749.0 704.0 132.0 35.0 Dieu ſans au

69.0 721.0 671.0 44.0 peuple de Dieu dont il eſtoit dominateur & oppreſſeur,

749.0 736.0 131.0 47.0 cũs ſuffrages

69.0 756.0 783.0 53.0 en tenant ceux du peuple comme ſerfs: tellement que du peuple.

72.0 790.0 669.0 39.0 Dieu pour demonſtrer ſes merueilles en l’accompliſſe¬

71.0 821.0 672.0 39.0 ment de ſes promeſſes a deffait ceſte puiſſance peruerſe

72.0 852.0 669.0 44.0 pour en eſtablir vne conuenable, ſelon ſon bon plaſir,

76.0 885.0 675.0 44.0 pour le ſalut de ſon peuple. Si donc Moyſe a eſté eſleu

74.0 917.0 673.0 41.0 ſans iceluy, ç’a eſté Dieu reuelant à Moyſe comment il

75.0 947.0 668.0 45.0 faudroit quaſi qu’il forçaſt Pharaon, voire meſme les Iſ¬

74.0 980.0 668.0 43.0 raëlites, pour paruenir à ceſte deliurance, laquelle voca¬

75.0 1011.0 668.0 44.0 tion fut confermee par ſignes & miracles magnifiques.

76.0 1042.0 668.0 46.0 Au ſurplus, que deuoit on attendre de ces pauures ſerfs

77.0 1076.0 667.0 42.0 qui n’auoyent puiſſance ni ordre polirique entre eux, e¬

77.0 1106.0 668.0 43.0 ſtans ſous la main des exacteurs qui ne ceſſoyent de les

77.0 1139.0 670.0 41.0 outrager. Ils n’auoyent aucune voix d’eſlire ne meſmes

77.0 1173.0 670.0 41.0 de diſpoſer de leurs propres enfans ni de leur propre vie:

78.0 1204.0 671.0 41.0 & pourtant ils n’ont point eſtabli Moyſe auec la forme

77.0 1233.0 674.0 40.0 & ſolennité acouſtumee en tels afaires: mais ils ont don

78.0 1264.0 671.0 43.0 né conſentement à ſon autorité & election de Dieu, luy

77.0 1295.0 675.0 44.0 rendant obeiſſance, qui eſt vne tacite conſtitution du

78.0 1331.0 676.0 42.0 prince par vn accord des volontez du peuple à le recoi¬

77.0 1359.0 675.0 40.0 noiſtre. Au demeurant les limites de la puiſſance de

740.0 1384.0 12.0 14.0 2

79.0 1386.0 675.0 67.0 Moyſe eſtoyent tellemẽt meſurees qu’il ne diſpoſoit de

740.0 1414.0 14.0 21.0 C

675.0 109.0 55.0 53.0 156

594.0 1430.0 59.0 36.0 V A
