1000 1671
60.0 154.0 669.0 41.0 murailles de la maiſon) pluſieurs fuſſent liez en ſemble,

60.0 181.0 670.0 45.0 & eſtans ainſi conioints de ſang s’entraimaſſent. C’eſt

61.0 210.0 664.0 51.0 ainſi que dit Ciceron que la charité du gẽre humain s’eſ

735.0 211.0 68.0 43.0 A-

58.0 242.0 666.0 53.0 pand & ſe dilate, diſant que ſi l’humaine ſocieté n’eſtoit

738.0 245.0 128.0 37.0 les fins des

61.0 278.0 661.0 50.0 point viciee on pourroit dire le monde eſtre vne cité.

732.0 272.0 128.0 52.0 biens & des

61.0 304.0 667.0 51.0 Mais il n’en reſte que la trace qui ſe voit encores aſſez

733.0 310.0 69.0 43.0 maux.

61.0 341.0 667.0 47.0 commode, ſi elle eſtoit bien ſuiuie, conſiſtant en plu¬

60.0 375.0 669.0 39.0 ſieurs degrez. Le premier eſt de la ſocieté commune &

58.0 404.0 670.0 47.0 naturelle, par le moyen de la raiſon & de la parole, la¬

61.0 436.0 669.0 43.0 quelle contient infinité d’hommes. Le plus prochain ſui

60.0 469.0 669.0 43.0 uant eſt de celle qui eſt entre gens de meſme nation &

60.0 501.0 669.0 43.0 entre ceux qui ſont de meſme langue, par laquelle les

60.0 531.0 667.0 42.0 hommes ont principalement communicatiõ enſemble.

61.0 564.0 666.0 41.0 Il y a de ceux de meſme ville qui ont temples, marchez,

61.0 595.0 670.0 41.0 rues, carfours, pourmenoirs, loix, droits, iugemens, fami

60.0 627.0 671.0 44.0 liaritez & contraux communs. On void encores auſſi la

61.0 657.0 669.0 45.0 liaiſon des lignages, laquelle deſcend ant de ceſte gran¬

60.0 688.0 671.0 46.0 de & infinie ſocieté de tous hommes eſt encloſe, redui¬

62.0 724.0 670.0 40.0 te & reſtrainte en peu de gens de meſme lignee. En icel

61.0 751.0 670.0 46.0 le y a pluſieurs degrez: premiere conionction & ſocieté

61.0 786.0 669.0 44.0 eſt entre le mary & lafemme, la prochaine d’apres auec

60.0 816.0 670.0 45.0 leurs enfans, l’autre entre ceux de meſme maiſon qui

61.0 850.0 668.0 38.0 ont tout à commun enti’eux. Apres il y a la conion¬

61.0 879.0 669.0 45.0 ction des freres & puis des autres degrez de conſangui¬

62.0 917.0 668.0 38.0 nité par ordre, qui ſe dilatent pour faire nouuelles mai¬

62.0 944.0 667.0 42.0 ſons, dont s’aquierent prochains en affinité & propaga¬

62.0 974.0 669.0 43.0 tion de lignee, qui a cauſé (cõme dit eſt) l’origine des re¬

62.0 1006.0 670.0 46.0 publiques par vne vie qui vnit les hommes, qui eſt chari

63.0 1038.0 243.0 42.0 té & bienueillance.

242.0 105.0 298.0 53.0 Sous Charles ix.

654.0 108.0 75.0 45.0 174

89.0 1076.0 636.0 35.0 De toutes ces ſocietez (dit Ciceron)aucune n’eſt plus

736.0 1062.0 131.0 58.0 Quelle ſocie¬

62.0 1100.0 665.0 41.0 digne ne plus ſtable que de deux hõmes vertueux, & de

733.0 1112.0 134.0 52.0 té eſt la plus

63.0 1133.0 660.0 39.0 ſemblables mœurs: car l’hõneſte aimera celuy en qui re¬

61.0 1164.0 669.0 41.0 ſide la meſme vertu qu’il porte, attendu qu’il n’eſt rien

63.0 1197.0 669.0 42.0 plus copulatif que ſimilitude de bõnes mœurs &accord

61.0 1228.0 671.0 40.0 de volontez. Mais ſi en faut il reuenir là que toures ſont

59.0 1263.0 672.0 39.0 ſous ceſte communication generale aſauoir la politique

63.0 1293.0 669.0 41.0 qui eſt entrerompue non par nature ains par le vice des

59.0 1321.0 673.0 46.0 hommes, en ce que l’amour defaillant il y a partialité des

61.0 1355.0 672.0 42.0 hõmes, tellement meſmes qu’ils conuertiſſent en occa¬

59.0 1386.0 673.0 53.0 ſion de diuiſiõ ce que Dieu a inſtitué pour cõcorde: c’eſt

736.0 1137.0 63.0 59.0 ferne.
