1000 1671
143.0 102.0 168.0 45.0 M. D. RXIIII.

278.0 158.0 667.0 39.0 Car droit naturel vient de droit entendement qui eſt co

277.0 186.0 668.0 43.0 rayon diuin dont l’homme a eſté faict participant. Tou

280.0 220.0 666.0 36.0 tes creatures ont ce droit naturel donc & en peuuenp

280.0 249.0 664.0 40.0 vſer pour la conſeruation de leur vie & pour la manutẽ

280.0 280.0 666.0 43.0 tion de leur eſpece. Voila quant à ce qui eſt commun à

279.0 312.0 665.0 42.0 toutes creatures: & l’homme eſtãt doué de la raiſon par

282.0 345.0 665.0 38.0 deſſus les autres pour en vſer honneſtement. Ce qui eſt

280.0 378.0 664.0 40.0 dit du droit des gens ne ſe change point, s’il n’ya iniure

280.0 408.0 666.0 43.0 faicte qui concerne la commune ſocieté. Et quant au

281.0 440.0 664.0 41.0 droit ciuil qui n’eſt pas choſe vniuerſelle il ſe peut ac¬

280.0 472.0 651.0 37.0 commoder aux mœurs & circonſtances par le prince.

470.0 101.0 288.0 57.0 Eſtat de France

138.0 550.0 105.0 46.0 Cic.1.off.

309.0 508.0 637.0 36.0 Là deſſus il y en a qui tiennent qu’au commencemẽt

279.0 533.0 666.0 42.0 il n’y auoit aucune choſe propre, & que ſelõ droit natu¬

278.0 568.0 668.0 39.0 rella proprieté n’eſt introduitte entre les hõmes: qu’el¬

277.0 595.0 668.0 45.0 le eſt venue à ceux qui ont la ſaiſie & iouiſſance & pour

278.0 629.0 663.0 43.0 punir les forfaicts. Les empereurs Romains ont droit,

284.0 662.0 661.0 41.0 ſelon les couſtumes humaines, d’eſtre ſeigneurs de tout

135.0 653.0 140.0 50.0 fad l. Rho¬

136.0 696.0 138.0 36.0 diam de ia¬

285.0 715.0 659.0 23.0 le mende,atendaque lepcupa ſaradamienteddte

137.0 728.0 140.0 44.0 ctu. l. depre¬

285.0 726.0 659.0 38.0 ceſte puiſſance qui eſtoit lors par deuers luy: mais ç’a

274.0 756.0 670.0 43.0 eſté apres auoir eſté matté & affoibli par les guerres ciui

278.0 788.0 665.0 40.0 les, & tant afoibli qu’il ne pouuoit plus reſiſter qu’il

278.0 821.0 667.0 42.0 ne receuſt le ioug. Mais ils ne pouuoyent obliger à l’hõ¬

281.0 854.0 663.0 39.0 me plus que ce qu’il peut accépter, & qui luy peut eſtre

279.0 884.0 665.0 44.0 deu, ne meſme plus que ce que ils peuuent payer ſelon

278.0 916.0 667.0 40.0 ce que la nature leur en auoit donné les moyẽs. Et peur

276.0 946.0 672.0 42.0 on reſpondre à cela auſſi que preſomption de droit eſt

277.0 979.0 667.0 37.0 contre celuy qui par violence eſt en poſſeſſion de quel¬

139.0 997.0 83.0 55.0 Cod. de

278.0 1008.0 663.0 43.0 que choſe. Or les empereurs en leurs ſoix confeſſent biẽ

135.0 1037.0 137.0 49.0 off. præfecti

284.0 1045.0 658.0 39.0 auoir acquis l’empire par violẽce. Ils ſont donc decheus

133.0 1075.0 139.0 37.0 l. in nomine

285.0 1070.0 659.0 44.0 de ce qu’ils y pretendent de droit par ce moyen là. Il ya

271.0 1105.0 673.0 42.0 auſſi que les ſucceſſeurs d’vn acqueſteur de male foy ne

279.0 1138.0 665.0 40.0 peuuent alleguer preſcription: car ils ſuccedent à la

285.0 1165.0 657.0 46.0 male foy de leur predeceſſeur. Toutesfois ces choſes

132.0 1172.0 143.0 52.0 f.l eum hera

133.0 1211.0 145.0 33.0 des de tempo

280.0 1231.0 665.0 45.0 que l’election du peuple, & puis apres le conſentement

279.0 1264.0 666.0 39.0 d’iceluy au gouuernemẽt de la perſonne eſleue, eſt mar¬

280.0 1296.0 665.0 40.0 que du ſouuerain droit des princes, qui eſt l’election de

279.0 1327.0 664.0 43.0 Dieu qui les donne aux peuples, & qui leur donne les

278.0 1360.0 265.0 43.0 peuples à gouuerner.

282.0 696.0 662.0 42.0 le flronde, dttendu que le peupdeleura flamporte toute

137.0 759.0 75.0 44.0 cato.

140.0 867.0 129.0 48.0 L.2. de orig

138.0 901.0 92.0 38.0 ne iuris.

140.0 1106.0 109.0 36.0 domini.

134.0 1241.0 126.0 43.0 ralibus &

134.0 1278.0 126.0 48.0 pre ſerptie.

309.0 1396.0 637.0 44.0 On dira là deſſus que le peuple Romain a conſtitué

836.0 1424.0 111.0 56.0 Auguſte
