1000 1671
81.0 154.0 660.0 40.0 (dit-il) ne ſont à ouir ſi lon veut diſputer d’amitié, car ils

79.0 182.0 662.0 45.0 n’en conoiſſent rien, ne par vſage, ne par raiſon. Ils n’ai¬

81.0 213.0 663.0 40.0 ment perſonne, & ne ſe fient en perſonne: & pourtant

81.0 244.0 663.0 40.0 eſtiment que lon ne ſe fie en eux, & qu’on ne les aime

81.0 275.0 663.0 45.0 point. Cela fait qu’ils ſe fortifient & entretiennent par

84.0 310.0 243.0 41.0 gardes d’eſtrangers.

220.0 101.0 296.0 53.0 Sous Charles Ix.

749.0 335.0 95.0 45.0 Marque

750.0 370.0 131.0 49.0 pour deſtin¬

747.0 410.0 134.0 38.0 guer vn roy

749.0 458.0 129.0 22.0 amet in iy

750.0 470.0 42.0 57.0 ran.

111.0 345.0 627.0 36.0 C’eſt vne des marques qui diſtingue le Roy d’auec le

82.0 374.0 658.0 39.0 tyran: car le Roy eſtgardé par les citoyens & le tyran

82.0 401.0 658.0 43.0 non, pource qu’il ſcait que ſes ſuiets, perſonnes liores,

79.0 430.0 799.0 47.0 ſont aſſuiettis à leur regret, ainſi que dit Lucain (parlant a'autt inij

82.0 470.0 658.0 36.0 de la guerre de Pompee & de Ceſar) que les Romains

83.0 496.0 660.0 40.0 diſoyent que la ſeruitude ne leur euſt eſté ſi dure s’ils

81.0 528.0 661.0 38.0 l’euſſent acouſtumee. Or les tyrans s’abuſent bienſcom¬

82.0 557.0 662.0 45.0 me dit Ciceron en ſa 2. Philippique) quand ils con¬

81.0 590.0 664.0 44.0 ſtituent ainſi leur ſeureté & conſeruation en gardes e¬

81.0 622.0 664.0 42.0 ſtrangeres, tandis qu’ils perdent le cœur des citoyens

82.0 653.0 663.0 42.0 en les oppreſſant. Ils ſe deſtituent des meilleures armes

82.0 682.0 662.0 44.0 & des plus ſeures gardes, qui eſt la charité & bienueil¬

81.0 714.0 664.0 45.0 lance des leurs pour ſe rendre ſerfs d’vne vie pire que la

79.0 748.0 663.0 42.0 mort. Car comme le roy a les armes ( ce dit Seneque)

81.0 780.0 663.0 43.0 pour conſeruer la paix publique, le tyran les a pour

81.0 812.0 663.0 42.0 oppreſſer ou bien pour ſe garder de ceux qu’il a ia of¬

81.0 843.0 663.0 39.0 fenſez, ou pour intimider ceux qu’il veut aſſeruir. Ce

81.0 874.0 663.0 41.0 qu’ils font donc n’eſt que par inimitié de iuſtice, afin de

82.0 910.0 662.0 35.0 de ne la point craindre. Ceux qui ne craignent point la

81.0 938.0 663.0 37.0 iuſtice il leur eſt honnorable ſi leur aſſeurance procede

81.0 969.0 663.0 38.0 d’innocence: mais s’ils s’appuyent ſur la force pour

81.0 998.0 661.0 41.0 abolir la iuſtice, & qu’ils ſe muniſſent contre icelle, en¬

82.0 1031.0 660.0 40.0 cores que tels ſe preſeruent des hommes de fait & ci¬

81.0 1062.0 659.0 42.0 toyens renommez, leſquels ſont eſpars & eſlongnez,

81.0 1094.0 663.0 37.0 leurs domeſtiques meſmes & ceux qu’ils auront obli¬

81.0 1124.0 662.0 41.0 gez ne les laiſſeront viure ſans deffiance. Car tous ne ſe

79.0 1159.0 661.0 40.0 propoſent pas de courir toutes fortunes auec le tyran.

80.0 1188.0 662.0 43.0 Ils ne ſont à luy que pour le pris de ſes bienfaits & au¬

80.0 1220.0 662.0 36.0 tant qu’ils dureront, car vn homme de bien & d’hon¬

79.0 1251.0 663.0 43.0 neur ne s’y addonnera pas: tellement que la chance

78.0 1282.0 661.0 43.0 venant à ſe tourner ils ſeront à celuy qui proſperera,

77.0 1316.0 663.0 45.0 en la main duquel les moyens de bien faire ſeront tranſ

79.0 1348.0 95.0 45.0 portez.

669.0 105.0 66.0 50.0 167
