1000 1671
118.0 107.0 165.0 46.0 M. D. LXXIIII

119.0 539.0 109.0 49.0 Gen. I.

118.0 1383.0 114.0 58.0 Heb. 12.

435.0 131.0 279.0 27.0 Eltatde Pranee

253.0 152.0 671.0 46.0 Et ne fait rien de dire qu’elle a eſté donnee depuis le pe¬

255.0 189.0 669.0 39.0 ché: car Dieu demande par icelle ce que l’homme luy

257.0 220.0 665.0 43.0 doit, & qu’il eſtoit capable d’accomplir quand il le

256.0 253.0 666.0 41.0 crea, ayant imprimé en ſa nature des qu’il le forma, vne

255.0 281.0 667.0 43.0 conoiſſance de ſon deuoir, & vne faculté d’y ſatiſfai¬

255.0 314.0 667.0 40.0 re: ce qu’il ne fit pas, & pourtant à falu auoir recours au

254.0 345.0 668.0 43.0 ſecond homme qui l’a acomply, & a ſatiffait pourAdam

255.0 377.0 671.0 44.0 & les ſiens. Les hõmes donc eſtoyent loy à euxmeſmes

256.0 408.0 666.0 45.0 par ceſte loy de nature, premiere & ſouueraine de tou¬

255.0 440.0 667.0 43.0 tes. Or la conſumation du mariage pouuoit eſtre acom¬

255.0 474.0 667.0 44.0 plie auant le peché, & pouuoyent Adam & Eue auoir des

255.0 505.0 670.0 41.0 enfans, ſuiuant la benediction de Dieu qui leur dit,

256.0 534.0 668.0 40.0 Croiſſez & multipliez: autrement comment s’acorde¬

257.0 568.0 665.0 41.0 roit cela de dire laiſſer pere & mere & qu’il n’y erſt

257.0 600.0 667.0 42.0 point deu auoir d’enfans. Le nom de pere preſuppoſe

256.0 632.0 669.0 41.0 enfans. A ce propos S.Auguſtin au 14.liure de la cité de

258.0 662.0 665.0 39.0 Dieu dit que la conionction du mary & de la femme

257.0 693.0 665.0 39.0 euſt eſté ſans difformité & la generation ſans concupiſ¬

258.0 727.0 667.0 42.0 cence immoderee: s’il n’y euſt peu auoir lignee auant le

258.0 757.0 667.0 46.0 peché, on conclurroit que le peché euſt eſté neceſſaire

257.0 789.0 666.0 43.0 pour la naiſſance de Chriſt ſelon la chair, & pour pro¬

256.0 821.0 666.0 39.0 duire en terre le nombre des ſaints, & que ſans le peché

255.0 852.0 668.0 41.0 Adam & Eue fuſſent demeurez ſeuls au iardin d’Eden:

256.0 882.0 666.0 42.0 ce qui ſeroit abſurde, car Dieu donna vne aide à l’hom¬

256.0 915.0 665.0 44.0 me auec ſexe different au ſien & apte à conceuoir. Que

256.0 947.0 666.0 42.0 ſi l’aide n’euſt eſté que pour la ſocieté, & non pour la

257.0 978.0 665.0 45.0 generation, Dieu luy pouuoit donner vn autre hom¬

256.0 1012.0 666.0 40.0 me pour aide plus vertueux & plus conſtant que ne

256.0 1044.0 666.0 39.0 ſe monſtra la femme, & qui euſt peu mieux accom¬

258.0 1072.0 665.0 45.0 plir les autres offices de ſocieté qu’elle. Or s’ils euſſent

257.0 1104.0 666.0 44.0 eu des enfans, ces enfans leur euſſent eſté ſuiets comme

257.0 1136.0 671.0 45.0 inferieurs & obeiſſans, comme à ceux deſquels ils a¬

257.0 1169.0 665.0 42.0 uoyent à receuoir les preceptes de Dieu & de nature.

257.0 1200.0 667.0 43.0 item pour le ſang & proximité: pour l’obligation de la

257.0 1236.0 666.0 33.0 nourriture & education & autres offices pies & chari¬

256.0 1263.0 669.0 42.0 tables. Dieu ſe declare comme cooperateur en la gene¬

256.0 1295.0 666.0 43.0 ration des enfans auec les peres charnels, par les propos

256.0 1331.0 668.0 34.0 de l’Apoſtre, quand il monſtre ce que lon fait enuers

256.0 1358.0 666.0 43.0 iceux pour leur obeir & de ce que lon doit par compa¬

252.0 1387.0 672.0 51.0 raiſon au pere des eſprits qui eſt Dieu.Item quãd Chriſt

880.0 1424.0 45.0 41.0 dit
