1000 1671
129.0 103.0 167.0 38.0 M.D. LXXIIII

126.0 228.0 107.0 43.0 Leuit.21.

264.0 146.0 666.0 44.0 ſtre deboutté, non par ſon prochain, mais par l’autori¬

264.0 173.0 668.0 47.0 té publique, qui n’eſt attachee à perſonne ſinguliere ſi¬

264.0 204.0 668.0 47.0 non entant que le bien d’icelle l’ordonne. La ſacrifica¬

263.0 236.0 669.0 48.0 ture eſtoit commiſe en la race de Leui, toutesfois les

263.0 268.0 667.0 45.0 maleficiez & tachez en eſtoyent exclus. Ainſi telle here

264.0 300.0 525.0 41.0 dité eſt coniointe à la capacité de l’homme.

128.0 375.0 114.0 38.0 Deut. 17.

295.0 338.0 637.0 40.0 Il y a des reigles poſitiues obſeruees en pluſieurs

267.0 362.0 665.0 47.0 lieux, qui ſont bonnes, comme cela a eſté pratiqué au

268.0 395.0 663.0 48.0 peuple de Dieu par loy expreſſe, c’eſt de n’auoir Roy e¬

127.0 434.0 139.0 43.0 Concil. 6. de

271.0 426.0 663.0 49.0 ſtranger, ains qu’il ſoit né de la commune parenté de la

270.0 458.0 662.0 47.0 patrie, pour en eſtre plus legitimement pere. Cela meſ¬

268.0 490.0 663.0 41.0 me a eſte decreté par vn Concile requerant aux Roys

267.0 520.0 665.0 46.0 chreſtiens ce que Dieu vouloit aux ſacrificateurs & Rois

267.0 553.0 666.0 45.0 d’Iſrael, aſauoir que nul ne s’ingere en l’autorité roya¬

268.0 582.0 663.0 47.0 le qui ſoit de bas lieu, maleficié en ſa perſonne, eſtrãger,

270.0 619.0 663.0 42.0 ou que luy & les ſiens n’ayent merité de la patrie. Il eſt

267.0 647.0 665.0 44.0 bon doncques que le Roy ſoit pris de la patrie, & meil¬

268.0 679.0 664.0 45.0 leur encores d’vn certain lignage, & d’iceluy encores

268.0 711.0 664.0 44.0 que le plus aparent & prochain en ſoit pourueu: ſauf le

268.0 742.0 664.0 44.0 droit naturel qui reſerue à la multitude de conoiſtre ſi la

268.0 775.0 389.0 43.0 choſe luy eſt eſt ainſi profitable.

128.0 470.0 100.0 41.0 Calcedo.

481.0 90.0 274.0 56.0 Eſtat de France

129.0 821.0 121.0 40.0 Pourquoy

129.0 945.0 114.0 39.0 reditaires.

295.0 814.0 636.0 34.0 Or ceux qui ont rendu les royaumes hereditaires, &

128.0 852.0 138.0 38.0 quelques roy

275.0 834.0 658.0 51.0 qui les ont reduit en vne certaine famille, ont eu eſgard

129.0 880.0 134.0 39.0 aumes ont e¬

273.0 868.0 660.0 48.0 à l’obligation enuers les predeceſſeurs, & en ce que ceux

127.0 906.0 143.0 44.0 ſté rendus he

276.0 898.0 655.0 49.0 de meſme race eſtans nourris royalement ſeroyent plus

270.0 934.0 662.0 43.0 propres à la royauté qu’vn nouueau eſleu, nourry en

269.0 961.0 662.0 49.0 plus baſſe qualité. Vn tel met plus de peine à bien entre¬

269.0 994.0 664.0 45.0 tenir ce qui regarde les ſiens, que ſi les eſtrangers luy de

269.0 1025.0 664.0 45.0 uoyent ſucceder. Vn nouueau eſleu n’oſeroit faire iuſti¬

269.0 1055.0 663.0 46.0 ce des grands du royaume, comme le Roy ſuccedant au

269.0 1087.0 663.0 50.0 pere feroit, craignant qu’il ne fiſſent faſcherie à ſes he¬

269.0 1121.0 666.0 45.0 ritiers qui ne ſeroyent pas Roys. Le peuple obeit mieux

269.0 1150.0 665.0 46.0 à vn Roy par ſucceſſion qu’à vn autre: attendu qu’eux &

267.0 1182.0 666.0 48.0 leurs peres ont obey aux predeceſſeurs repreſentez par

267.0 1217.0 668.0 44.0 iceux. Il y a cela auſſi que la mutation de prince ou de

269.0 1244.0 666.0 50.0 loy debilite la reuerence qui leur eſt deuë & l’autori¬

267.0 1277.0 668.0 43.0 té qu’ils doiuent auoir: & toute nouueauté ſe doit euiter

269.0 1307.0 666.0 44.0 en matiere d’affaires d’eſtat. Le Roy eſleu veut enrichir

269.0 1337.0 665.0 50.0 les ſiens des facultez publicques, & le ſuccedant de l’a¬

270.0 1371.0 665.0 56.0 mour des ſuiets & de ſcience ciuile, & ne remercie de ſa

870.0 1407.0 65.0 48.0 gran
