1000 1671
58.0 162.0 667.0 38.0 qu’vne chair, & que l’amour des mariez precede celuy

56.0 193.0 397.0 34.0 des peres & meres & des enfans.

83.0 228.0 643.0 33.0 Quelques vns veulent dire qu’en c’eſt endroit Moyſe

58.0 250.0 668.0 47.0 parle de ſoymeſme, & non cõme repetant les paroles de

55.0 279.0 667.0 45.0 Adã. Mais ſelon ce que recite S. Matthieu des paroles de

733.0 277.0 104.0 61.0 Math. 19.

58.0 313.0 668.0 44.0 Chriſt, il ſembleroit que ce fuſt Dieu meſmequi euſt dõ¬

59.0 345.0 668.0 45.0 né ces preceptes là. Tãt y a que ce Chriſt rẽuoye les luifs

59.0 378.0 669.0 42.0 au cõmencement & premiere inſtitution du mariage, il

59.0 408.0 670.0 44.0 eſt à croire qu’il denonça ſa volonté &ce qu’il ordõnoit

60.0 440.0 669.0 43.0 en ce ſainct eſtat par le premier miniſtre, duquel il ſe ſoit

60.0 470.0 668.0 41.0 ſeruy pour annõcer ſa parole qui fut Adã. Et faut biẽ no

61.0 503.0 668.0 41.0 ter que Chriſt dit que c’eſt des le cõmẽcemẽt: car l’ordre

60.0 533.0 668.0 40.0 fut eſtabli des la premiere inſtitution. Itẽ Dieu preſenta

61.0 566.0 665.0 40.0 tous les animaux à Adam pour leur impoſer desnoms &

61.0 595.0 661.0 42.0 Iuy preſenta auſſi la femme, laquelle il nõma d’vn nom

733.0 590.0 85.0 58.0 Gen. 2.

62.0 627.0 667.0 42.0 qui ſignifie la ſemẽce de l’hõme, aſſauoir hommeſſe, qui

62.0 662.0 666.0 38.0 eſt vne preeminẽce appartenãt au ſuperieur ſur ſon infe

62.0 689.0 667.0 44.0 rieur, cõme on void la couſtume auoir eſté que le pere

63.0 721.0 667.0 43.0 ait nõmé l’ẽfant, &que ce droit meſme eſt propre à Dieu

63.0 751.0 666.0 46.0 lequel il a cõmuniqué à Adam cõme il eſt eſcrit qu’il dõ

64.0 786.0 665.0 41.0 na le nom au ciel, à la terre, & à la mer, au tẽps de la crea

64.0 816.0 666.0 42.0 tion. Adam ne mõſtra dõc point mieux qu’il fut chef de

65.0 849.0 667.0 37.0 la femme en la nõmant Eue depuis le peché, qu’il fit la

64.0 880.0 670.0 37.0 nommãt hommeſſe auãt iceluy:car c’eſtoyẽt noms ſigni

65.0 909.0 665.0 40.0 fians les effects, aſauoir hõmeſſe femme de l’homme, cõ

66.0 944.0 665.0 40.0 me procedante de luy, & Eue mere des viuãs, pource que

68.0 975.0 664.0 40.0 quand ils ſe ſentirent mortels ils eurent recours pour la

66.0 1005.0 666.0 44.0 conſeruation de l’humaine eſpece à la propagation, qui

68.0 1037.0 438.0 38.0 deuoit enſuiure la fecondité d’Eue.

238.0 111.0 296.0 52.0 Sous Charles Ix.

657.0 116.0 61.0 40.0 150

88.0 1076.0 644.0 30.0 Ceux qui ont ceſte opiniõ de l’eſgalité entre leshõmes

65.0 1098.0 665.0 41.0 auãt le peché diſent que ſi lors ils euſſent eu des enfans,

67.0 1130.0 663.0 43.0 qu’il n’y euſt eu aucune difference de degrez &diſtinctiõ

66.0 1165.0 670.0 39.0 de dignité entre le pere, la mere & les enfans, & que ceux

66.0 1194.0 667.0 41.0 qui diſent du contraire cõſentiront à l’opinion d’Arius,

67.0 1224.0 670.0 44.0 lequel pour l’eſgard des noms de pere & de ſils vouloit

72.0 1256.0 665.0 37.0 faire Ieſus Chriſt inferieur à Dieu ſon Pere. Mais ſi ce

70.0 1289.0 668.0 37.0 que i’ay allegué a lieu en ce qui concerne l’authorité

70.0 1321.0 668.0 41.0 du mary enuers la femme, auec plus d’apparence le

71.0 1352.0 666.0 42.0 pourront elles auoir entre le pere, la mere & les en¬

70.0 1382.0 665.0 53.0 fans. Car la Loy de Dieu eſt expreſſe pour cela.
