1000 1671
466.0 89.0 270.0 56.0 Eſtat de France

108.0 97.0 162.0 45.0 M.D. LXXIIII

249.0 141.0 665.0 49.0 ſes politiques remarquant les naiſſances & fins de quel¬

249.0 170.0 666.0 48.0 ques tyrannies, le temps de leur duree, & les cauſes du

250.0 202.0 665.0 47.0 plus & du moins dit que la tyrãnie d’Orthagoras ſur les

249.0 233.0 667.0 47.0 Sicyoniens dura cent ans, à cauſe qu’il ſe gouuernoit

249.0 264.0 667.0 50.0 royalement, eſtoit belliqueux &liberal. celle de Cipſelus

250.0 297.0 665.0 48.0 en Corinthe dura plus de ſeptante ans. Celle de Perian¬

251.0 327.0 665.0 50.0 der au meſme lieu eut duree, pource qu’il eſtoit guerrier

252.0 358.0 665.0 50.0 Mais elle ne dura que trois ans ſous Pſamicus ſon fre¬

252.0 389.0 665.0 50.0 re qui eſtoit de peu d’effect. Piſiſtratus & ſes enfans ty¬

253.0 422.0 666.0 46.0 ranniſerent trente cinq ans en Athenes, auec tel fonde¬

253.0 453.0 666.0 53.0 ment, tel progres & telle fin auſſi. Hieron, Gelõ, & Thra

252.0 486.0 664.0 51.0 ſybule regnerent peu en Sicile, pour s’eſtre trop eſlon¬

253.0 517.0 665.0 48.0 gnez de l’adminiſtration de Roy, encores que nouuel¬

253.0 547.0 665.0 48.0 les tyrannies vinſſent à y renaiſtre ſoudain par la cor¬

253.0 580.0 666.0 48.0 ruption du peuple: ce qui a meu Oroſe d’appeler ceſte

255.0 614.0 663.0 47.0 terre la nourrice des tyrans. La tyrannie donc eſt rendue

255.0 643.0 664.0 50.0 durable tant plus elle retient l’apparence royale: c’eſt

256.0 673.0 663.0 53.0 que le tyran deſpende peu en ſes plaiſirs, qu’il perſuade

257.0 704.0 661.0 55.0 au peuple qu’il a ſoin de luy, & qu’il en monſtre les ef¬

256.0 738.0 660.0 46.0 fects, qu’il face que ſon accez ne ſoit point redoutable,

256.0 768.0 662.0 52.0 qu’il entẽde que c’eſt de la vertu politique en toutes ſes

256.0 799.0 662.0 55.0 parties, au moins qu’il l’a ſache contrefaire, qu’il ſe mõ¬

255.0 832.0 664.0 51.0 ſtre deuot, & qu’on luy attribue vne diſcretion de bien

256.0 870.0 413.0 46.0 iuger de la ſuffiſance des hommes.

122.0 898.0 132.0 53.0 Des tyrans

119.0 940.0 136.0 42.0 qui tyranni¬

120.0 971.0 134.0 42.0 jent les roy¬

118.0 1005.0 138.0 40.0 aumes à eux

256.0 1020.0 664.0 53.0 les graces de ſe diſſimuler ainſi: car ils ſont corrompus

258.0 1053.0 663.0 51.0 iuſques à la racine, & ſi comblez de mal qu’ils ne peuuẽt

258.0 1084.0 664.0 50.0 en rien contrefaire le bien. Ie ne ſay que dire de ceux la

258.0 1115.0 663.0 52.0 ſinon qu’ils ſont parricides de la patrie, miſerables en

258.0 1146.0 664.0 50.0 leur vie & en leur mort: & eſt loiſible à toutes perſon¬

258.0 1179.0 664.0 52.0 nes de leur courir ſus, cõme eſtans ia tout condãnez par

259.0 1212.0 663.0 47.0 vn iugement donné de Dieu & de nature. Si les hommes

259.0 1242.0 663.0 52.0 ne les tuent, la iuſtice de Dieu fait qu’ils ſe precipitent

259.0 1274.0 663.0 47.0 euxmeſmes. Ainſi firent Saul en Iudee & Neron à Ro¬

260.0 1305.0 661.0 47.0 ne: condamnez, l’vn par Samuel, & l’autre par le ſenat.

259.0 1338.0 666.0 44.0 Et comme dit Ciceron au3. liu. des offices, comment

260.0 1372.0 665.0 56.0 peut eſtre la vie de celuy à ſon vrilité, de laquelle eſt

296.0 903.0 621.0 43.0 Voyla quant aux tyrans ſuruenans aux republiques:

863.0 1401.0 62.0 43.0 treſ¬

118.0 1038.0 113.0 50.0 ia ſubmis.
