1000 1671
101.0 112.0 172.0 34.0 M.D. IXXIIIIE

103.0 220.0 85.0 33.0 tueux.

100.0 144.0 136.0 56.0 plus grãd de

246.0 168.0 655.0 29.0 c’eſt d’obuier aux calamitez de ſa patrie. Ciceron pour

100.0 190.0 133.0 45.0 ſir du ver¬

246.0 186.0 660.0 46.0 le ſouuerain & dernier de ſes ſouhaits requiert que mou

242.0 221.0 664.0 43.0 rant il puiſſe laiſſer ſon peuple libre & voir chaſcun biẽ

100.0 245.0 136.0 46.0 En ſa 2. Phi

242.0 253.0 666.0 39.0 affectiõné à bien meriterde la republique. Or le zele in¬

102.0 284.0 93.0 43.0 lippique.

238.0 315.0 668.0 44.0 bien public, qui en effect ne ſe trouue l’eſtre quand iltou

238.0 347.0 668.0 44.0 che l’hõneur de la republique, qui eſt le principal point

239.0 379.0 666.0 42.0 de ſon vtilité. Car rien ne peut eſtre vtile, s’il eſt iniuſte,

240.0 410.0 666.0 40.0 deſhõneſte & inhumain: cõme les Romains qui deſtrui¬

100.0 459.0 139.0 53.0 Cic. au 3 des

240.0 441.0 664.0 46.0 ſirent Corinthe qui leur nuiſoit, & les Atheniens qui fi¬

241.0 505.0 664.0 45.0 à tous les pouces pour les garder de nauiger, en quoy ils

240.0 536.0 663.0 45.0 leur oſtoyent la pratique de la vie, & ce d’autant qu’ils

241.0 569.0 663.0 40.0 leurs eſtoyent comme cõpetiteurs aux choſes de la mer.

240.0 601.0 667.0 42.0 Cruauté eſt ennemye de nature humaine, laquelle natu¬

241.0 632.0 664.0 42.0 re nous ſuiuons: parquoy cruauté n’eſt vtile ni honne¬

240.0 663.0 664.0 39.0 ſte. Le deſſein de Themiſtocles de bruſler les nauires de

241.0 696.0 663.0 42.0 Lacedemone fut appellé par Nicias auantageux & non

239.0 727.0 665.0 43.0 honneſte: parquoy l’aſſemblee des citoyens n’en permit

239.0 757.0 663.0 45.0 l’execution. Les amis & naturels du pays ont eſgard &

239.0 790.0 663.0 39.0 ſoin de ces choſes, & ſingulierement les anciens qui ont

240.0 822.0 662.0 43.0 experience, & deſquels la probité eſt conue. La ieuneſſe

239.0 854.0 663.0 39.0 a prou de volonté, mais elle tend pluſtoſt aux execu¬

101.0 887.0 122.0 38.0 Horace en

98.0 920.0 134.0 40.0 ſon art poeti

239.0 947.0 662.0 45.0 nouuelles, de laiſſer les preſentes & plus aimees pour

239.0 978.0 661.0 44.0 icelles, & ſuiure ce deſir de conoiſtre & changer de

239.0 1012.0 661.0 42.0 pays, ſuiuant ce qui eſt dit ailleurs que la prudence eſt

242.0 1040.0 658.0 46.0 vertu propre à la vieilleſſe, & l’inſtabilite & temerité

240.0 1071.0 660.0 48.0 peculiere à la ieuneſſe. La ſuſpicion n’eſt vicieuſe ſingu¬

238.0 1104.0 661.0 43.0 lierement en choſes ſi gliſſantes que celles de l’eſtat: &

236.0 1136.0 664.0 43.0 les accuſations pour la vie ſont touſiours à faire pour

236.0 1169.0 664.0 44.0 la republique, attendu que les ennemis d’i celle ſont tou

236.0 1206.0 663.0 39.0 ſiours à reprendre & reprimer: pourueu que ce ſoit par

236.0 1234.0 201.0 41.0 bonne maniere.

246.0 476.0 657.0 39.0 rent pis, car ayans ſubiugué les Æginetes, leur couperẽr

455.0 106.0 272.0 51.0 Eſtat de France

103.0 503.0 42.0 54.0 ef.

104.0 960.0 65.0 32.0 que.

99.0 1023.0 131.0 36.0 Ciceron au

97.0 1052.0 131.0 38.0 dial. de la

98.0 1085.0 97.0 45.0 vielleſſe.

97.0 1257.0 129.0 34.0 Calonies &

95.0 1290.0 130.0 33.0 condẽnatios

95.0 1317.0 135.0 46.0 ſoudaines co

94.0 1354.0 130.0 41.0 bien dange¬

96.0 1382.0 78.0 45.0 reuſes.

268.0 1270.0 632.0 37.0 Mais la ſondaineté à condamner les hommes ſans

237.0 1295.0 664.0 38.0 bonne diſcretion & iugement, & les calomnies ſont

238.0 1330.0 662.0 40.0 dautant plus vituperables: car cela procede d’homme

234.0 1360.0 666.0 42.0 inhumain, & celuy qui porte le nom d’accuſateur por¬

234.0 1390.0 665.0 52.0 tera en fin danger en ſa perſonne & ſouffrira detriment

833.0 1423.0 65.0 53.0 de ſa
