1000 1671
143.0 90.0 160.0 51.0 hxm

280.0 145.0 669.0 35.0 mais auſſi des differences en vue meſme eſpece. Les loix

280.0 174.0 669.0 42.0 qui eſtoyent de nature &donnees par tradition ont eſté

280.0 205.0 668.0 41.0 eſcrites pour les princes & pour les peuples. Le prince

280.0 236.0 668.0 41.0 eſt miniſtre ſous icelles pour y faire ioindre les rebelles:

280.0 272.0 669.0 37.0 & la multitude, vnie des nobles & du peuple, pour y fai

140.0 300.0 133.0 42.0 Plaion.au4.

287.0 298.0 661.0 45.0 re ranger les tyrans. Les Lacedemoniẽs donc retenoyẽt

139.0 333.0 134.0 38.0 dles loix,

287.0 332.0 662.0 42.0 l’apparence de la naïfue royauté, mais en effect elle e¬

140.0 365.0 133.0 43.0 Ariſt.2.pn¬

287.0 365.0 663.0 43.0 ſtoit trop Democratique, comme on voit par le rapport

278.0 394.0 670.0 47.0 des ſages touchant ce qui en auint, c’eſt qu’il y eut con¬

280.0 428.0 670.0 43.0 tention, parce que Lyſander eraignant la tyrannie mo¬

280.0 459.0 670.0 44.0 narchique eſſayoit tant qu’il pouuoit à diminuer l’auto¬

280.0 490.0 671.0 41.0 rité royale, & au contraire Pauſanias voyant vn vice deſ

280.0 521.0 668.0 46.0 ia tout né en ceſt eſtat, qui tenoit l’extremité oppoſite,

280.0 553.0 668.0 45.0 taſchoit d’y pouruoir en reiglant la puiſſance des Epho

280.0 583.0 668.0 45.0 res, qui vſoyent de l’autorité ſouueraine à leur plaiſir,

280.0 617.0 669.0 44.0 tyranniſans à leur plaiſir & le peuple & le Roy. Ainſi

280.0 648.0 668.0 43.0 auient il du mal & de l’indiſpoſition, quand le corps

280.0 679.0 668.0 41.0 de l’eſtat eſt mal temperé par l’ineſgalité des puiſſances.

139.0 395.0 68.0 47.0 litiq.

474.0 87.0 294.0 55.0 Eſtat de France

142.0 765.0 130.0 49.0 chie Romai¬

142.0 800.0 37.0 49.0 n6

311.0 722.0 638.0 34.0 Les Romains ont ſuiuy ceſte forme, & ſemble qu’ils

142.0 741.0 139.0 39.0 Dela monar

282.0 740.0 667.0 47.0 ayent vn peu mieux moderé leur police, comme le mõ¬

281.0 775.0 669.0 38.0 ſtre Dionyſius Halicarnaſſeus au 2. liure. Car du temps

281.0 807.0 669.0 43.0 que Romulus fonda la cité il eſleut cent ſenateurs. Tar¬

281.0 839.0 669.0 40.0 quin Priſque cinquieſme Royy en adiouſta cent autres.

282.0 870.0 670.0 45.0 Les Roys n’auoyent pleine puiſſance d’vſer du peuple à

281.0 902.0 671.0 43.0 leur diſſolu plaiſir, ains l’autorité du droit eſtoit vers

282.0 935.0 670.0 41.0 çeſte dignité Senatorienne, qui a duré au temps de la

282.0 964.0 670.0 44.0 domination royale, de la populaire, de la liberté, & en¬

283.0 997.0 669.0 42.0 cores de l’imperiale maieſté: & à la foy & prudence d’i¬

282.0 1028.0 670.0 39.0 ceux eſtoit commiſe l’adminiſtration de l’Empire. ainſi

283.0 1062.0 669.0 40.0 ils eſtoyent à l’Empire, & non à l’Empereur. Il eſt biẽ dit

283.0 1092.0 670.0 44.0 qu’à l’exemple de Lacedemone (où les deux principaux

284.0 1124.0 668.0 42.0 eſtats eſtoyent la royauté & l’Ephorie) qu’à Romme e¬

282.0 1155.0 669.0 43.0 ſtoyẽt le Conſulat & le Tribunat oppoſez l’vn à l’autre.

283.0 1187.0 668.0 39.0 Mais il ſemble qu’à Rome le ſenat eſtoit pour mitiguer

282.0 1218.0 668.0 43.0 les contrarietez de ces deux quand ils ſe vouloyent ban¬

282.0 1252.0 670.0 43.0 der. Or ſi les royaumes, où la puiſſance royale eſt trop

281.0 1282.0 673.0 43.0 bridee, ne ſont pas louables: on peut remarquer beâu¬

280.0 1315.0 671.0 42.0 coup plus de maux quand la puiſſance en eſt deſreiglee.

280.0 1347.0 674.0 43.0 Le Roy donc peut faire des loix militaires quãd il mar¬

278.0 1379.0 679.0 49.0 che pour la guerre, & les faire obſeruer de ſa propre au¬

142.0 1114.0 133.0 45.0 Cicer. 2. de¬

142.0 1147.0 55.0 45.0 loix.

859.0 1416.0 87.0 40.0 torité,
