1000 1671
66.0 166.0 671.0 39.0 ce n’eſt que ceſte là meſme de laquelle le magiſtrat eſt

65.0 192.0 671.0 39.0 creé miniſtre ordinaire: mais Dieu la remet bien en

65.0 223.0 671.0 46.0 main du naturel poſſeſſeur quand le deputé en abuſe par

66.0 259.0 123.0 36.0 iniuſtice.

236.0 112.0 296.0 51.0 Sous Charles Ix.

93 295 643 32 Les crimes & Toſfaicts feſettent & aneantliient tou¬

66.0 317.0 669.0 44.0 tes dignitez & tous priuileges. Si vne perſonne tant no

66.0 349.0 669.0 42.0 ble & illuſtre qu’elle ſoit commet quelque trahiſon no

66.0 380.0 671.0 42.0 table enuers la patrie, il faut qu’elle ſoit pendue au gi¬

67.0 413.0 670.0 43.0 bet, & meure de ceſte mort ignominieuſe. On me pour¬

66.0 444.0 667.0 41.0 ra reſpondre que cela ne touche point aux roys & ſou¬

67.0 477.0 660.0 41.0 uerains: car ce ſont perſonnes ſacrees. Cela eſt bien vray

66.0 507.0 663.0 42.0 lors qu’ils ſont aſſis auec les ornemens & les qualitez re

66.0 543.0 661.0 39.0 quiſes pour ſe dire tels: mais en tel cas ils en ſont deſ¬

66.0 571.0 662.0 45.0 pouillez & degradez, & rendus perſonnes priuees. Cai

68.0 604.0 659.0 43.0 vn roy n’eſt roy qu’en regnant. Au ſurplus il eſt dit que

67.0 634.0 662.0 44.0 les perſonnes de quelque dignité qu’elles ſoyent ſont

67.0 665.0 665.0 43.0 puniſſables quand elles conſpirent contre la patrie, ſoit

70.0 698.0 664.0 40.0 des ſenateurs qui ſont nommez peres d’icelle, ou autre.

66.0 725.0 668.0 41.0 Il eſt monſtré au meſme tiltre que l’empereur ſe met au

66.0 757.0 669.0 46.0 meſme rang auec eux, ſe diſant auſſi ſenateur comme ils

66.0 793.0 669.0 38.0 ſont. Commẽt vn roy deuenu tyran ſeroit il donc exẽpt

68.0 823.0 667.0 43.0 de punition quand il auroit perpetré des crimes, dõt le

68.0 854.0 666.0 40.0 ciel & la terre ſeroyent ofſencez? veu que le Pape qui ſe

68.0 887.0 665.0 43.0 met par deſſus toute iuriſdiction & puiſſance peut eſtre

65.0 917.0 660.0 46.0 iugé & puni? Il eſt dit que s’il eſt atteint & conuaincu

65.0 948.0 666.0 39.0 d’hereſie, magie, ou autre crime dont toute l’Egliſe re¬

68.0 979.0 664.0 44.0 çoine ſcandale: ou bien s’il eſt noté d’eſtre rauiſſeur du

65.0 1008.0 663.0 53.0 bien d’autruy, lon en peut faire iugement (car, dit la

65.0 1040.0 805.0 53.0 loy, pour cauſe de crime tout homme doit eſtre deſ-mivres, rtx

65.0 1072.0 663.0 53.0 pouillé de ſa dignité) lors il ſera, dit le decret, iugé

68.0 1107.0 654.0 46.0 par l’Eueſque du lieu comme perſonne priuee, at¬

67.0 1138.0 658.0 48.0 tendu que chaſcun doit reſpondre deuant le iuge du

67.0 1169.0 654.0 47.0 lieu où il a perpetré le forfaict: ou bien deuant les au¬

66.0 1200.0 660.0 44.0 tres Eueſques, ou en tout euenement par le Concile

68.0 1233.0 658.0 46.0 general. Les Roys ſe fortifient contre la ſuſtice, tenant

67.0 1265.0 658.0 45.0 Ieur iniuſtice armee, & conſiderant puiſque les hom¬

66.0 1303.0 664.0 38.0 mes par eux tourmentez ne peuuent auoir iuſtice de

67.0 1328.0 664.0 45.0 eux ils taſcheront par vne eſmeute les ſurprendre & at¬

67.0 1360.0 664.0 44.0 trapper: comme on dit que les Lydiens en firent à leur

68.0 1390.0 663.0 60.0 Roy Atheus, qui ſurchargeoit ſon peuple d’impoſitiens

738.0 912.0 129.0 53.0 40. diſtinct.

742.0 953.0 125.0 53.0 cap. ſi papa.

739.0 1008.0 131.0 60.0 Cod. vbiſe¬

735.0 1076.0 135.0 22.0 haicies, res

736.0 1084.0 133.0 46.0 clarißimi. l.1.

660.0 120.0 74.0 45.0 209

740.0 460.0 132.0 45.0 De la depoſi

738.0 499.0 135.0 38.0 tion & puni

737.0 525.0 138.0 43.0 tion des ty¬

736.0 558.0 60.0 37.0 rans.

738.0 591.0 137.0 37.0 Cod. l.I.12.

738.0 621.0 132.0 45.0 S. I.l. ius ſer¬

738.0 655.0 96.0 38.0 uatorum.

733.0 1156.0 137.0 43.0 ſſ. li. de oſfi¬

731.0 1190.0 130.0 40.0 cio præſidis.

732.0 1223.0 138.0 40.0 21. deſtinct.

732.0 1256.0 138.0 46.0 cap. ſunt au¬

734.0 1294.0 50.0 31.0 tem.

570.0 1432.0 56.0 37.0 DD
