1000 1671
68.0 158.0 666.0 37.0 here à la frenaiſie d’vn homme furieux, & que ciel & la

69.0 186.0 665.0 40.0 terre ſe meſlent pour luy complaire? cela ne tombaſt ia¬

68.0 216.0 666.0 38.0 mais en l’eſprit d’homme qui euſt le ſens raſſis. Bien eſt

71.0 250.0 664.0 42.0 vray que les hommes ſe rendent digues de cela quand

68.0 284.0 666.0 35.0 ils adherent aux commencemens de la tyrannie, les vns

67.0 312.0 666.0 40.0 malicieu ſement & pour leur particulier, & les autres cõ

66.0 345.0 668.0 39.0 me peu amis de leur liberté, qui comme ſtupides ſe laiſ¬

71.0 374.0 573.0 45.0 ſent aller au vent comme on dit par compagnie.

214.0 104.0 318.0 54.0 Sous Charles IX.

97.0 416.0 634.0 29.0 Ce ſont donc ſignes de police bien ordonnee, inſti¬

738.0 405.0 129.0 46.0 lice bien or¬

65.0 435.0 666.0 44.0 tuee & obſeruee, quand le peuple d’icelle demeure lon¬

739.0 435.0 78.0 52.0 donnee.

69.0 471.0 667.0 40.0 guement en paix, comme Ariſtote fait mention au 2. de

69.0 505.0 667.0 37.0 ſes politiques que lon a veu en la police de Crete & de

69.0 536.0 667.0 40.0 Calcedone, leſquelles ont eſté long temps paiſibles & a¬

68.0 565.0 665.0 44.0 pres quelques eſmotions (à quoy tous eſtats ſont ſuiets)

68.0 599.0 668.0 39.0 retournoyent touſiours en leur premiere forme. Les eſ¬

67.0 628.0 670.0 39.0 motions viennent couſtumierement par le prince ou

69.0 660.0 667.0 43.0 par quelqu’vn des principaux. Et de fait les petits ne s’en

68.0 692.0 669.0 43.0 peuuent gueres meſler, s’ils n’ont des gens entendus

69.0 724.0 669.0 42.0 pour chefs. C’eſt enquoy les baſſes gens retiennent en¬

70.0 756.0 667.0 36.0 cores mieux que les autres eſtats les marques de l’anti¬

68.0 793.0 670.0 36.0 que probité. A ce propos Virgile au 2. liure de ſes Geor¬

69.0 820.0 668.0 42.0 giques loue la vie de ceux qui demeinent vie paiſible en

67.0 850.0 670.0 42.0 l’agriculture, comme eſtans bien fortunez: car ils ſont ne

67.0 883.0 670.0 37.0 ceſſaires pour acomplir vne louable police. La vie & e¬

65.0 914.0 673.0 42.0 xercice politique tiẽt le premier lieu: & puis la ſpeculati

67.0 945.0 670.0 42.0 ue pour la philoſophie. Mais ces deux manieres de viure

66.0 977.0 670.0 40.0 ont beſoin des facultez de fortunes precedentes, plus

66.0 1009.0 671.0 38.0 que l’autre: & auſſi que chaſcun peut choiſir la vie ru¬

64.0 1039.0 672.0 41.0 ſtique, mais peu ſe treuuent bien capables à ſe con¬

66.0 1071.0 671.0 41.0 duire aux deux autres. Ceux-là ſont donc le plus puiſ¬

65.0 1103.0 670.0 40.0 ſant membre de la republique en multitude & en facul¬

64.0 1135.0 671.0 42.0 tez. Il eſt bien vray qu’ils ne ſont pas reputez le plus di¬

66.0 1166.0 669.0 42.0 gne, comme il ſe verra, ſi eſt ce qu’ils ſont comme nos

64.0 1197.0 671.0 42.0 nourriſſiers quant à l’aliment veu que c’eſt à leur labeur

63.0 1229.0 671.0 41.0 & ſolicitude que la terre mere cõmune de tous depoſe

63.0 1260.0 670.0 42.0 ſes fruicts & ſa ſubſtance pour la diſtribuer aux autres.

63.0 1291.0 669.0 43.0 Donc faut que reciproquement les autres eſtats veillẽt à

63.0 1322.0 668.0 48.0 leur tuition, afin que ſans crainte ils pratiquẽt la nourri¬

61.0 1360.0 195.0 35.0 ture commune.

90.0 1392.0 641.0 45.0 Il faut donc que chaſcun ſçache qu’il eſt redeuable

668.0 109.0 62.0 48.0 176

742.0 371.0 127.0 50.0 Signe de po¬
