848 1417
99.0 73.0 141.0 42.0 M.D. LXXIIE.

222.0 122.0 570.0 34.0 acomplis gentilshommes de la France. On trouua dans

222.0 142.0 569.0 39.0 ſon eſcarcelle apres ſa mort vn petit billet cõtenãt deux

226.0 171.0 564.0 42.0 vers latins & deux frãçois cõpoſez & eſcrits de ſa main,

248.0 203.0 399.0 31.0 Deſine migrant em lugere, viator & hoſpes,

273.0 229.0 515.0 32.0 Non careo patria, me caret illa magis. C’eſt adire en Frã¬

246.0 249.0 544.0 41.0 Ceſſe, amy, de pleurer mon depart qui me ſert: (çois

270.0 278.0 456.0 37.0 Ie ne pers mon pays, mais mon pays me pert.

248.0 310.0 543.0 31.0 Le chaſteau de Luſignen fut prins par les ſieurs de la

224.0 332.0 567.0 35.0 Baronniere & de Luché gentilhommes voiſins, qui (cõ¬

224.0 356.0 565.0 36.0 me aucũs diſent) ſoꝰ couleur d’vne maſcarade firent que

224.0 384.0 566.0 39.0 la porte du chaſteau leur fut ouuerte par vne femme qui

224.0 412.0 563.0 37.0 ſeruoit de portier, laquelle ils amuſerent à leur entree,

224.0 439.0 565.0 37.0 pendãt qu’vn lacquais enuoyé de leur part emmeneroit

224.0 464.0 566.0 38.0 comme il fit, ſept ou huit ſoldats, qui eſtoyent là pres, à

224.0 492.0 568.0 38.0 l’arriuee deſquels ces gentilhõmes ſe ſaiſirent des chefs

222.0 519.0 566.0 37.0 du chaſteau, & ayans fermé les portes d’iceluy, monte¬

222.0 544.0 566.0 40.0 rent ſoudain és tours, où eſtoyent les ſoldats de la garde

222.0 572.0 533.0 38.0 dudit chaſteau, deſquels pareillement ils ſe ſaiſirent.

394.0 73.0 242.0 55.0 Eſtat de France

248.0 608.0 541.0 28.0 Le lieutenãt de Poitou qui ne ſauoit pas le iour deſti¬

223.0 625.0 565.0 37.0 né pour la prinſe des armes (car ceux de la religion ne

224.0 654.0 564.0 34.0 s’oſoyent fier en luy, & le conſeil ſecret n’en ſauoit pas

222.0 680.0 566.0 37.0 auſſi toutes les circonſtãces particulierement) fut extre¬

221.0 707.0 567.0 37.0 memẽt marri quand il ſceut la prinſe du chaſteau de Lu¬

222.0 734.0 566.0 38.0 ſignen, iugcant que ceſte declaration ſeroit cauſe qu’on

222.0 760.0 566.0 38.0 prendroit plus d’eſgard à la conſeruation de la ville de

222.0 788.0 566.0 37.0 Poitiers: auſſi de ce que le gentilhomme qui auoit ad¬

222.0 813.0 566.0 35.0 uerti le ſieur de la Nouë du iour qu’il faloit s’armer &

222.0 839.0 565.0 38.0 prendre les villes, auoit paſſé par Poitiers ſans communi

222.0 867.0 565.0 37.0 quer auec luy cõme il s’attẽdoit pour luy faire au meſme

221.0 895.0 567.0 31.0 iour & à meſme heure executer ſon entrepriſe, attendãt

220.0 919.0 567.0 39.0 lequel il ne faiſoit que temporiſer, de peur de deſcouurir

219.0 947.0 568.0 33.0 ou empeſcher les deſſeins du ſieur de la Nouë, combien

220.0 974.0 568.0 39.0 qu’il fuſt long temps y auoit, preſt comme luy. Et enco¬

218.0 1001.0 565.0 37.0 re que par là il conuſt aſſez qu’on ne s’aſſeuroit de luy,

218.0 1030.0 563.0 33.0 ce neantmoins il ne voulut perdre cœur, ains teuta to'

218.0 1058.0 568.0 33.0 moyens à luy poſſibles pour paruenir à ſon intention, &

218.0 1083.0 568.0 36.0 aſſembla le plus qu’il peut des principaux de la ville, &

218.0 1109.0 568.0 37.0 de ceux notãment qui tenoient ſon party & dont ils s’aſ

217.0 1135.0 568.0 37.0 ſeuroit: Auſquels il remonſtra que s’eſtans ceux de la re¬

215.0 1161.0 570.0 57.0 ligion ſaiſis de Luſignen, ils auoyent pris les armes par

732.0 1195.0 54.0 30.0 tout
