1000 1671
249.0 102.0 296.0 49.0 Sous Charles ix.

671.0 113.0 71.0 37.0 201

77.0 155.0 664.0 39.0 interprete, que d’eſtre ſous ce bon Roy qui tendroit en

75.0 185.0 440.0 35.0 toutes choſes au compas de l’equité.

103.0 217.0 637.0 40.0 On replique là deſſus que la loy parls vniuerſellemẽt,

74.0 245.0 669.0 44.0 & le Roy, tel qu’il eſt, deſigne, ordonne par les circon¬

73.0 278.0 667.0 40.0 ſtances des choſes ſingulieres occurrentes & inopinees.

74.0 308.0 668.0 43.0 Mais ſi faut il en venirjlà que le gouuernemẽt publique

73.0 341.0 668.0 43.0 eſt plus decent ſous la choſe qui ne varie poït, & qui n’a

74.0 373.0 667.0 41.0 point de paſſiõ. Vray eſt que l’hõme vertueux moderera

73.0 403.0 667.0 40.0 ſes paſſions, & vſera de bon conſeil, ce qui eſt bien vray

73.0 435.0 669.0 44.0 conſiderãt les choſes ſingulieres: & pourtãt faut il qu’il

76.0 467.0 665.0 42.0 y aye des legiſlateurs & des interpretes: mais quelque

77.0 498.0 663.0 44.0 vertu qui puiſſe eſtre en eux, ſi n’ordonneront ils ia¬

73.0 531.0 667.0 43.0 mais auec telle autorité que la loy, à laquelle chacũ a cõ

73.0 564.0 667.0 40.0 ſenty: & moins encores ſeront ils ſeigneurs d'icelle, ne

74.0 594.0 666.0 41.0 meſme de ce qu’elle determine, ains ſeulemẽt des cho¬

73.0 624.0 667.0 44.0 ſes qui ne peuuẽt eſtre iugees par la loy, leſquelles ſe re¬

72.0 653.0 664.0 43.0 ferẽt en ce cas à l’ordonnãce des iuges. Or là ou les loix

71.0 685.0 665.0 44.0 n’õt la principauté, cela ne ſe peut dire police: car il faut

73.0 717.0 667.0 39.0 qu’elles ayẽt la ſouueraine autorité ſur toutes choſes vni

74.0 749.0 665.0 40.0 uerſelles par anciẽne occupation ou poſſeſſiõ. Comme

73.0 782.0 664.0 40.0 entre ceux qui trouuerẽt premierement les chãps & ter¬

72.0 813.0 665.0 44.0 res vuides, ſans propres poſſeſſeurs, qu’ils attribuerent à

73.0 844.0 664.0 42.0 eux faiſant ce qui eſtoit au parauãt cõmun leur propre

73.0 874.0 663.0 49.0 heritage: les autres par batailles & victoires ſe ſont appli

72.0 912.0 662.0 39.0 quez les biẽs des vaincus, ou biẽ par quelque loy ou cõ¬

70.0 940.0 664.0 39.0 ſtitution miſe en auãt, cõme quãd on donne des herita¬

74.0 971.0 659.0 43.0 ges à des eſtrãgers pour les edifier & cultiuer: ou biẽ par

71.0 1000.0 663.0 44.0 ventes & achats ou bien par diuiſion sfaictes au ſort que

68.0 1034.0 665.0 42.0 lon iette pour ceſt effect. De là eſt venu que les pays ont

68.0 1065.0 664.0 42.0 retenu les noms de leurs premiers poſſeſſeurs. Puis dõc

69.0 1096.0 662.0 44.0 (dit Ariſtote) que les choſes du monde, qui par droit na¬

70.0 1127.0 662.0 46.0 turel eſtoyẽt cõmunes, ſont faictes propres par accident

70.0 1160.0 662.0 44.0 & par couſtume, que chacũ ſe cõtẽte de ce que legitime¬

67.0 1191.0 666.0 44.0 mẽt il poſſede. Car celuy qui plus appette que ce que la

64.0 1222.0 669.0 48.0 loy de la raiſon luy ottroye il viole le droit d’humaine

65.0 1252.0 110.0 43.0 ſocieté.

747.0 651.0 124.0 61.0 Ariſt. pole¬

746.0 692.0 57.0 48.0 tiq.4.

92.0 1292.0 641.0 35.0 Or on void que le droit naturel eſt enuers le droit le¬

67.0 1319.0 667.0 44.0 gal & poſitif cõme vne choſe vniuerſelle au regard des

65.0 1349.0 667.0 49.0 ſingulieres, qui ſont cõme cõmentaires de ce droit ge¬

66.0 1380.0 667.0 56.0 nerai & vniuerſel. Le droit naturel cõmande en general

602.0 1422.0 48.0 30.0 CC

220.0 1421.0 137.0 45.0 HI volume
