1000 1671
81.0 162.0 666.0 38.0 la republique ſont ſituez dans icelles, faut qu’eſtant

80.0 188.0 666.0 43.0 eſtablies le prince meſmes y obeiſſe. Car comme en par¬

79.0 219.0 664.0 45.0 Ie Demoſthene en ſes philippiques, c’eſt vne inuentiõ &

79.0 251.0 667.0 44.0 don de Dieu, vn decret des prudẽs pour la repreſſiõ des

79.0 282.0 672.0 44.0 malefices, la ſponſion de la cité, au preſcrit de laquelle.

81.0 314.0 665.0 45.0 tous ceux de la republique doyuent dreſſer le cours de

79.0 344.0 665.0 47.0 leur vie. Si les bons roys ſont poſtpoſez & ſoumis à la

79.0 375.0 665.0 47.0 maieſté de ceſte ſaincte inuẽtion que Chriſippe dit eſtre

79.0 409.0 662.0 44.0 royne de toutes choſes tant diuines que humaines, qui

81.0 441.0 662.0 43.0 preſide aux choſes iuſtes & iniuſtes, & preſcrit la reigle

78.0 473.0 664.0 43.0 aux choſes honneſtes & vilaines, monſtrant ce que na¬

77.0 505.0 667.0 43.0 ture commande pour la ciuile ſocieté: que ſera-ce ſi lon

79.0 537.0 664.0 42.0 permet à vn monſtre corrompu de la ſuppediter? C’eſt

79.0 569.0 664.0 39.0 que ſi fureur, concupiſcence & brutalite ont la princi¬

79.0 598.0 662.0 44.0 pauté il n’y aura plus de lieu de concorde, & n’y aura fi

78.0 628.0 663.0 45.0 raſſis ne ſi vertueux qui ne s’eſmeuue par l’iniuſtice qui

78.0 660.0 664.0 41.0 en procedera. Et pourtãt la loy qui eſt ſans affection eſt

79.0 690.0 661.0 48.0 propre à reprimer l’erreur à quoy l’homme eſt ſuiect, &

78.0 724.0 317.0 39.0 par là ſe conſeruer la paix.

247.0 109.0 298.0 46.0 Sous Charles ix.

663.0 123.0 81.0 44.0 202

106.0 760.0 636.0 40.0 Or les legiſlateurs & autheurs de tout ordrę ont eu

76.0 786.0 664.0 45.0 leur but à communication politique, qui eſt vne confe¬

76.0 819.0 664.0 41.0 rence d’vtilité entre les hommes, laquelle faincte inten¬

76.0 850.0 663.0 44.0 tion eſt renuerſee par tels deffauts. Il faut donc enſuy¬

77.0 883.0 662.0 43.0 ure en cela la loy de nature qui contient & conſerue l’v¬

77.0 912.0 662.0 45.0 tilité des hommes, laquelle veut & iuge que les choſes

77.0 942.0 661.0 47.0 qui ſont meſme de neceſſité de vie ſoyẽt trãsferees de la

74.0 975.0 665.0 40.0 main d’vn hõme inutile à vn vtile. C’eſt donc obeir à ce

74.0 1009.0 666.0 42.0 precepte que de reprouuer vn tyran comme nuiſible au

73.0 1041.0 665.0 42.0 ſaines partiesdu corps. Et encores que les loix ne fuſſent

74.0 1069.0 660.0 46.0 formelles à ordonner de telles executions, ſi eſt ce que

72.0 1100.0 656.0 41.0 quãd tout le droit ciuil auroit obmis de deffendre quel¬

739.0 1097.0 127.0 61.0 Ciceron au;

72.0 1132.0 656.0 43.0 que choſe de ce qui reſide en la penſee, ou bien d’ẽ ordõ

739.0 1132.0 109.0 62.0 des offices.

73.0 1166.0 659.0 44.0 nner, la loy de natureſupplee à ce defaut & y pouruoit.

72.0 1196.0 661.0 43.0 Ie ne voudrois toutesfois ſous ceſte ombre introduire.

71.0 1226.0 662.0 43.0 confuſion, donnãt à chaſcun puiſſance de controller les

72.0 1257.0 666.0 46.0 deportemẽs du ſouuerain: mais ie parle touſiours quãd

70.0 1290.0 666.0 44.0 il eſt queſtiõ d’oppoſer vnſouuerain à vnpublic:car en ce

70.0 1322.0 665.0 42.0 cas laſouueraine puiſſance demeure vers la multitude, x

70.0 1353.0 666.0 45.0 par raiſon tous les membres d’icelles ſe doiuentſentir en

70.0 1384.0 664.0 61.0 leur eſgard du droit apartenãt en gneeralà tout le corps:

551.0 1429.0 91.0 38.0 CC 2
