1000 1671
64.0 159.0 663.0 35.0 defaut' & par l’abõdance & ſuperfluité d’icelles ſe trou¬

64.0 182.0 663.0 46.0 ueront aſſeichees & deſolees & ainſi le corps mal diſpo¬

63.0 214.0 667.0 46.0 ſé & languiſſant, ce qui eſt cauſe de la mort des eſtats ci¬

64.0 248.0 666.0 45.0 uils. Il faut donc que les membres pour ſe bien compor

64.0 280.0 667.0 45.0 ter ſe preuiennent par bienueillance &gratuité, conſide¬

64.0 313.0 665.0 42.0 rant que nous ne ſommes pas nez pour nous ſeulemẽt,

66.0 347.0 661.0 41.0 mais pour le ſang, les amis & la patrie, & (comme diſent

735.0 359.0 67.0 55.0 offices.

66.0 373.0 658.0 41.0 les Stoiciens) la terre & tout ſon contenu eſt faite pour

66.0 405.0 663.0 45.0 I’vſage des hommes: donc les hommes ſont faits & en¬

67.0 440.0 664.0 42.0 gendrez pour cauſe des hommes, afin qu’ils ſe conferẽt

66.0 470.0 664.0 39.0 mutuelle vtilité & ſecours. En ce deuons nous enſuiure

66.0 502.0 665.0 42.0 la nature, & faire nos profits tellement communs en

67.0 533.0 662.0 44.0 changeant enſemble nos arts, biens, labeurs & ſciences,

67.0 568.0 664.0 37.0 que l’amour s’entretienne en la ſocieté & frequentati on

67.0 598.0 663.0 41.0 des hommes. Cela a eu lieu au commencement, telle¬

66.0 628.0 666.0 45.0 ment que les facultez n’eſtoyent quaſi point reputees

67.0 659.0 665.0 44.0 propres à aucun, mais à meſure que la cupidité & falla¬

67.0 689.0 665.0 46.0 ce a augmenté au monde, il a falu faire les reiglemens

68.0 721.0 664.0 46.0 plus expres, afin que les ſimples & foibles ne fuſſent du

68.0 757.0 462.0 41.0 tout ſpoliez par cautelle ou par force.

214.0 104.0 301.0 50.0 Sous Charles IX.

94.0 793.0 634.0 35.0 Les canoniſtes 8. diſtinct. cap. quoiure, font vne diſtin¬

738.0 775.0 125.0 53.0 Diſtinction

64.0 816.0 663.0 43.0 ction des ſeigneuries aſauoir de ſpirituelle, c’eſtla papau

736.0 813.0 131.0 58.0 de ſeigneu¬

65.0 848.0 662.0 41.0 té qu’ils diſent (contre la parole de Dieu) eſtre ſouuerai¬

738.0 846.0 44.0 59.0 ries.

67.0 880.0 667.0 41.0 ne & maiſtreſſe de la iuriſdiction ciuile: & ceſte ſeconde

67.0 912.0 666.0 45.0 ils l’appellent ſeigneurie humaine. De ceſte matiere Cõ¬

69.0 944.0 665.0 42.0 poſtellanus fait quelque aſſez long diſcours. Les Iuriſtes

67.0 978.0 666.0 41.0 faiſant mention de ceſte ſeigneurie que les canoniſtes

67.0 1008.0 666.0 40.0 appellent humaine la nomment ſeigneurie legale, com

69.0 1039.0 665.0 43.0 me eſtant eſtablie & cõſtituee par les loix. Ceſte ſeigneu

67.0 1069.0 665.0 44.0 rie diſent ils eſt deſcendue du droit des gẽs: mais la ma¬

69.0 1101.0 664.0 43.0 niere de l’acquerir conſiſte au droit ciuil. L’opinion de

69.0 1134.0 664.0 39.0 Accurſe ſemble conuenir à la ſaincte eſcriture, qui dit

72.0 1165.0 661.0 43.0 Toutes choſes ſont creees pour l’vſage de l’hõme, donc

68.0 1198.0 661.0 42.0 la poſſeſſion deriue de droit naturel quant à l’vſage,

67.0 1230.0 665.0 37.0 mais les diuiſions ſont de droit des gens: comme ainſi

67.0 1267.0 659.0 36.0 ſoit que les premiers parens ordonnerent des limites.

67.0 1295.0 657.0 39.0 Les biens ſont donc introduits de droit naturel, & diui¬

67.0 1323.0 657.0 41.0 ſez de droit des gens, mais pour ſuiure la ſaincte & diui¬

66.0 1357.0 660.0 41.0 ne ſocieté toutes ſes proprietez là doiuent eſtre rappoi

67.0 1388.0 664.0 55.0 tees à la generale proprieté qui fait fleurir la patrie par la

735.0 329.0 132.0 44.0 Cic. au 1.des

733.0 1274.0 137.0 43.0 l. in rebus ff.

732.0 1309.0 137.0 37.0 de iuſtitia &

733.0 1340.0 137.0 46.0 re. l. ex hoc

730.0 1374.0 56.0 44.0 iure.
