1000 1671
71.0 143.0 665.0 43.0 que les fideles du temps de Moyſe, auſquels les loix

71.0 172.0 665.0 44.0 diuines conſeruoyent & l’vn & l’autre. Et pourtant ie

71.0 202.0 664.0 47.0 ne ſay ſurquoy ſe fõndent ceux qui attachent tellement

71.0 236.0 665.0 44.0 la maieſté & puiſſance à l’homme qu’ils ne permettent

71.0 266.0 663.0 46.0 qu’il en ſoit deſpouillé, encores qu’il n’ẽ exerce aucune¬

71.0 297.0 662.0 48.0 ment la charge: & plus encores de ceux qui par vne cõ¬

69.0 329.0 665.0 47.0 ſcience ſans reigle veulent oſter tous droits politiques

71.0 360.0 662.0 49.0 aux Chreſtiens: comme ſi pour l’eſtre ils eſtoyent plus

71.0 393.0 662.0 47.0 tenus aux rois, les rois moins à eux qu’à ceux d’autre re¬

72.0 423.0 663.0 49.0 ligion: & recommandent ſi fort la patience qu’ils laſ¬

71.0 457.0 665.0 46.0 chent entierement la bride à la ferocité des tyrans. La

71.0 486.0 665.0 45.0 ſentence du peuple oppreſſé eſt comme la voix de Dieu.

73.0 519.0 664.0 47.0 Pourtant ſi la voye ordinaire n’y peut rien, Ciceron en

72.0 549.0 665.0 50.0 ſa ſeconde Philippique dit que c’eſt vne choſe qui tour¬

73.0 582.0 667.0 48.0 ne au grand contentement des citoyens, quand ceux de

74.0 615.0 663.0 47.0 la cõmune parenté mettent la main à choſe ſi magna¬

74.0 647.0 664.0 45.0 nime, tant agreable pour le proufit que tous en reçoy¬

76.0 675.0 662.0 52.0 uent, & qui merite vne glorieuſe renommee que d’ex¬

75.0 717.0 225.0 39.0 terminer le tyran.

222.0 92.0 306.0 55.0 Sous Charles IX.

662.0 97.0 70.0 49.0 213

272.0 772.0 469.0 43.0 I deuant nous auons touché en vn mot

275.0 804.0 462.0 40.0 l’empriſonnement du mareſchal de

743.0 793.0 137.0 38.0 Diſcours ſur

277.0 837.0 459.0 43.0 Montmorency, tenu pour fort ſuſpect

744.0 824.0 135.0 42.0 l’empriſonne

275.0 868.0 459.0 46.0 par la royne mere, ce ſembloit à plu¬

743.0 858.0 136.0 36.0 ment du ma¬

275.0 901.0 459.0 38.0 ſieurs, & comme elle luy ioua de terri¬

743.0 884.0 106.0 42.0 reſchal de

90.0 938.0 16.0 36.0 L

275.0 932.0 460.0 43.0 bles tours. Mais dautant qu’il y a quel¬

743.0 921.0 114.0 45.0 Montmo¬

80.0 964.0 657.0 43.0 ques particularitez notables ſur ce fait, à l’auanture ne

743.0 958.0 66.0 44.0 ren.

79.0 998.0 660.0 41.0 ſera il pas mauuais d’en diſcourir vn peu plus ample¬

79.0 1026.0 664.0 43.0 ment. Au mois de Mars le duc de Lorraine & ſa femme

79.0 1059.0 664.0 42.0 acompagnez du Cardinal de Lorraine, auec leur train

80.0 1092.0 663.0 39.0 vindrent à Dammartin qui eſt vn bourg & fort chaſteau

79.0 1123.0 664.0 42.0 appartenant au mareſchal de Montmorency par la ſuc¬

82.0 1154.0 662.0 42.0 ceſſion du Conneſtable ſon pere, diſtant de ſix ou huit

80.0 1188.0 666.0 39.0 lieuës de Paris. Le mareſchal entendant qu’ils venoyent

79.0 1216.0 664.0 44.0 alla au deuãt d’eux iuſques à vne grand’lieuë & demie,

81.0 1249.0 663.0 40.0 & puis leur donna le plaiſir de la venerie & fauconne¬

82.0 1282.0 663.0 39.0 rie, & tout le paſſetemps dont il ſe peuſt auiſer. Puis les

81.0 1310.0 665.0 40.0 amena en ſon chaſteau de Dammartin où il leur fit les

80.0 1343.0 662.0 42.0 meilleures cheres qu’il fut poſlible. Le lendemain luy

79.0 1373.0 665.0 51.0 & le Cardinal furent l’eſpace de trois grandes heures
