1000 1671
48.0 133.0 801.0 56.0 royaume, oppoſé au Laconique, il faut premierement re-Des parties

47.0 170.0 784.0 48.0 querir les mœurs & conditions royales en la perſonne requiſes en

47.0 201.0 744.0 49.0 du Roy: à quoy les premiers inſtituteurs des Roys ont vu roy:

47.0 233.0 667.0 48.0 eu ſingulierement eſgard: &puis à ce qui eſt de la teneur

48.0 264.0 665.0 45.0 de ſa charge & deuoir. De là on viendra aux aides neceſ¬

49.0 296.0 664.0 44.0 ſaires pour luy eſtre collaterales au ſoin de l’vtilité pu¬

49.0 327.0 663.0 48.0 blique. Les premieres parties requiſes en la perſonne du

50.0 364.0 655.0 38.0 Roy, c’eſti ſcomme dit Salomon) de s’enquerir de la pa¬

51.0 390.0 659.0 44.0 role de Dieu, afin de regner (comme diſoit la Royne de

51.0 422.0 663.0 46.0 Saba au meſme Roy) en faiſant iugement & iuſtice, &

51.0 453.0 664.0 49.0 à ce qu’il ſoit aidé en ſa charge & ſoulagé des choſes

51.0 487.0 663.0 41.0 moindres & moyennes, qu’il ait des hommes vertueux,

51.0 517.0 667.0 48.0 craignans Dieu, veritables & haiſſans l’auarice. Voila en

52.0 547.0 665.0 45.0 ſomme ce qu’en dit la parole de Dieu, faiſant cela ſes a¬

52.0 582.0 667.0 42.0 ctions reſpondront à l’intention de ceux qui l’ont mis

55.0 614.0 664.0 40.0 en eminence: en quoy il n’eſt ſeulement obligé par les

54.0 645.0 668.0 43.0 conuenances, mais par nature & de droit: car comme le

55.0 674.0 667.0 43.0 droit porte les conuenances de l’obligation inſtituee

55.0 705.0 670.0 50.0 du conſentement des hommes, auſſi il ne vaut ſeule¬

54.0 738.0 668.0 49.0 ment par le droit qu’ils ont introduit, ains auſſi par la

55.0 769.0 668.0 44.0 raiſon inſpiratrice des ſon commẽcemẽt. Il ne faut dõc

56.0 801.0 666.0 47.0 ſeulement regarder à ce qui eſt venu de couſtume des

59.0 834.0 666.0 41.0 gens, ains auſſi à ce que l’equité commande. Partant il

56.0 864.0 670.0 45.0 faut que le Roy rende au peuple ce qu’il luy doit nõ ſeu

58.0 895.0 667.0 47.0 lement d’obligatiõ, mais d’equité naturelle, & qu’il poſt¬

60.0 928.0 667.0 47.0 poſe toutes choſes au public, & qu’il ne ſe reſſente d’au¬

59.0 959.0 668.0 46.0 cune iniure particuliere: car ayant en main la puiſſance

61.0 989.0 664.0 47.0 publicque il en pourroit abuſer. Il faut ( comme dit S.

58.0 1019.0 798.0 48.0 Ambroiſe) qu’il ſoit doux & pitoyable en ſes mœurs, & Exameron.

60.0 1050.0 748.0 47.0 ſelon vne raiſon priſe par ſimilitude des abeilles, deſquel 5.chap.

62.0 1084.0 665.0 46.0 les on dit que le Roy n’a pouuoir de s’aider de ſon eſ¬

63.0 1120.0 666.0 41.0 guillon, qu’il n’vſe d’aucune propre vengeance, mais de

61.0 1151.0 664.0 43.0 la force que requiert la iuſtice ſeulement. Qu’il ſoit cle¬

61.0 1178.0 660.0 41.0 ment, car ceſte vertu n’eſt ſi ſeante en homine qui ſoit

63.0 1211.0 665.0 45.0 qu’elle eſt au prince: car les hommes & peuples qui ſe

62.0 1243.0 667.0 45.0 ſont trouuez inuincibles par la force, ſe laiſſẽt facilemẽt

63.0 1276.0 668.0 43.0 vaincre par douceur. L’Empereur Alexandre Seuere eſt

61.0 1308.0 668.0 39.0 loué de cela & ſon empire nommé d’vn tiltre qui ſigni¬

61.0 1336.0 668.0 46.0 fie empire ſans ſang. Tant plus le vice contraire reſide

62.0 1371.0 666.0 54.0 en perſonnes eminentes & tant plus retient il claire &

191.0 89.0 319.0 55.0 Sous Charles Ix.

655.0 98.0 53.0 45.0 163

724.0 144.0 117.0 70.0 eqυſος en

722.0 203.0 63.0 58.0 buroy

716.0 342.0 129.0 47.0 Prouerb. 25.

716.0 377.0 122.0 42.0 1. Rois. 10.

725.0 524.0 104.0 36.0 Exod.18.

726.0 709.0 131.0 42.0 ff..l.26. de

722.0 743.0 131.0 40.0 praſcr. verb.

741.0 1150.0 122.0 41.0 Sęnecque. I.

736.0 1181.0 128.0 39.0 l. de clemẽce.

740.0 1303.0 133.0 40.0 Herodiã en

745.0 1334.0 125.0 39.0 a vie d’A¬

740.0 1367.0 112.0 47.0 ex.Senec.

568.0 1398.0 68.0 45.0 X 3
