1000 1671
110.0 112.0 162.0 34.0 EI. D. LXXIAII

111.0 157.0 111.0 43.0 Gen. 38.

249.0 192.0 671.0 42.0 ſa belle fille au feu, ce qu’il faiſoit en qualité de magi¬

250.0 228.0 674.0 35.0 ſtrat, ou bien concluant comme partie complaignante

250.0 257.0 673.0 40.0 à ce qu’elle fuſt punie, ſuiuant la couſtumee vſitee, pour

253.0 289.0 671.0 37.0 vn tel forfait que ceſtuy là. Il eſt bien donné à entendre

250.0 320.0 674.0 41.0 à Pharaon & Abimelech qu’ils pecheroyent s’ils pre¬

249.0 350.0 675.0 39.0 noyent la femme d’Abraham & qu’ils ſeroyent punis:

251.0 384.0 673.0 38.0 dont il n’y auoit loy eſcrite, & ceſte menace n’eſtoit re¬

250.0 414.0 673.0 45.0 putee non plus vne promulgation de loy pour auto¬

250.0 445.0 675.0 43.0 riſer le dire de Iuda que ce qui eſt dit de la reprehenſion

250.0 476.0 675.0 43.0 de l’homicide de Gain: tellement que le droit naturel

252.0 509.0 674.0 43.0 que l’homme conoit de ſoymeſmes eſtre equitable eſt

252.0 541.0 673.0 43.0 pour loy à chacun, & puniſſable l’homme qui le viole.

253.0 573.0 673.0 39.0 Il y a donc eu touſiours gens conſtituez en authorité

253.0 606.0 278.0 42.0 pour le faire enſuiure.

111.0 309.0 124.0 44.0 Gen.E, &

110.0 340.0 46.0 40.0 20.

464.0 111.0 278.0 51.0 Eſtat de France

281.0 647.0 645.0 29.0 Ils diſent plus, que Dieu ſeul donne les princes, & n’a

252.0 669.0 673.0 38.0 laiſſé autre voye d’en conſtituer que ſa pure election cõ

252.0 699.0 675.0 45.0 me celle de Moyſe:ou bien par le ſort comme l’election

253.0 732.0 669.0 38.0 de Mathias: ou ainſi que Darius fut eſleu Roy de Perſe.

252.0 764.0 675.0 39.0 Et quant aux princes infideles Dieu les ſuſcite par ſon

252.0 795.0 676.0 44.0 conſeil ſecret, & eſtans ainſi eſtablis il n’apartient qu’à

252.0 829.0 675.0 40.0 Dieu ſeul qui les a inſtituez de les punir, reprimer ou de¬

254.0 858.0 672.0 48.0 poſer. I’aduoue que Dieu inſtale les princes par ordon¬

254.0 891.0 672.0 43.0 nance de ſa bouche ou bien par ſa ſecrette prouidence.

254.0 922.0 670.0 45.0 Il les ſuſcite pour eſtre gardiens des loix & mainteneurs

255.0 953.0 672.0 39.0 de la ſocieté des hommes. Ainſi a il donné Saul & Da¬

256.0 985.0 673.0 43.0 uid à ſon peuple comme le declaira Samuel: & a ſuſcité

259.0 1016.0 669.0 46.0 (dit le Prophete Iſaie) Cyrus comme ſon oinct, pour

256.0 1049.0 672.0 45.0 eſtre vn grand Roy & pour deliurer ſon peuple. Mais on

256.0 1080.0 672.0 46.0 peut voir que nonobſtant la nomination que Dieu fit

256.0 1112.0 673.0 40.0 de Saul & de Dauid, le peuple les conſtitua ſur ſoy, ſui¬

256.0 1144.0 673.0 45.0 uant ce qui eſt declairé par Moyſe en la loy du Roy par¬

256.0 1176.0 672.0 45.0 lant du priuilege des peuples. Que ſi Dieu a voulu que

257.0 1208.0 671.0 43.0 cela euſt lieu lors qu’il apparoiſſoit & parloit ordinai¬

256.0 1242.0 674.0 38.0 rement & ſouuent en preſence viſible, qui pourra dire

257.0 1270.0 672.0 46.0 que les peuples auſquels Dieu ne ſe declairoit point ain¬

257.0 1306.0 673.0 39.0 ſi familierement pour les enſeigner, n’vſaſſent de ce

257.0 1334.0 673.0 43.0 droit d’eſlire & conſtituer princes ſur eux, ſelon ce qu’ils

257.0 1368.0 675.0 43.0 conoiſſoyent la perſonne capable & propre pourle bien

258.0 1399.0 672.0 51.0 public: ne meſmes en ces temps eſquels Dieu ne nous

118.0 1040.0 101.0 44.0 Iſai. 45.

117.0 1152.0 119.0 44.0 Deut. 17.

857.0 1435.0 73.0 41.0 auer¬
