1000 1671
129.0 99.0 163.0 50.0 M.D.IXXIIII

466.0 101.0 277.0 54.0 Eſtat de France

265.0 155.0 664.0 41.0 que par ſectes particulieres de lignage ou d’eſtats ( qui

265.0 185.0 665.0 41.0 doiuent eſtre parties de la generale ſocieté) ils rompent

265.0 216.0 665.0 40.0 les liens d’vnité & deſtruiſent la mere de toutes qui eſt

265.0 247.0 664.0 42.0 la politique, ainſi nommee pour ce qu’elle ne regarde

265.0 281.0 664.0 39.0 pas le profit preſent, ni le particulier ſeulement, mais le

264.0 313.0 664.0 38.0 bien perpetuel & commun pour touſiours & pour tous;

266.0 342.0 661.0 40.0 Ainſi c’eſt de droit que ceſte ſouueraine & vniuerſelle

267.0 392.0 507.0 22.0 lociete à dominationlul toures les autres.

299.0 405.0 628.0 36.0 Voicy donc commeut il faut proceder pour conoi¬

268.0 435.0 661.0 41.0 ſtre comment le tout doit ſubſiſter en icelle: c’eſt que l’a

268.0 474.0 663.0 38.0 mitié eſt par communicatiõ entre les hommes: que tou

267.0 501.0 664.0 41.0 te communication & toutes ſes parties ſont contenues

268.0 533.0 664.0 39.0 en la politique. Il s’enſuit donc que toute amitié fondee

268.0 564.0 665.0 41.0 en la communication humaine eſt compriſe en l’ami¬

267.0 596.0 665.0 42.0 tié Politique. C’eſt à cela que tous hommes doiuent ten

267.0 627.0 665.0 41.0 dre, autrement ce ſont monſtres qui effaçent les princi¬

268.0 665.0 665.0 34.0 pes naturels en euxmeſmes: & quant aux gens de bien

267.0 690.0 668.0 40.0 ils n’eſtiment point viure ſans ce bien. Il y a bien chan¬

268.0 722.0 664.0 42.0 gement en la volonté de tous hommes, mais celle des

270.0 754.0 662.0 40.0 gens de bien eſt reſolue quant à ſa fin, & pour ce regard,

267.0 786.0 667.0 37.0 & quant aux bons fondemens moraux: & tiẽdront touſ¬

268.0 816.0 667.0 43.0 iours ceſte ſentẽce ferme qu’il n’y a mal plus pernicieux

268.0 850.0 665.0 38.0 entre tous que de celuy qui met la cité en diuiſion & d’v

267.0 881.0 668.0 40.0 ne en fait deux ou pluſieurs: car c’eſt comme qui depar¬

270.0 911.0 665.0 41.0 tiroit vn corps qui ne peut ſubſiſter qu’en ſon integrité

271.0 945.0 664.0 39.0 pour eſtre dit vn vray corps, à quoy Plutarque, en vn li¬

272.0 972.0 665.0 39.0 ure qu’il a fait & adreſſé à Traian Empereur, compare la

272.0 1005.0 663.0 42.0 republique. C’eſt (dit il) vn corps animé & viuifié par dõ

271.0 1036.0 665.0 40.0 diuin, & demené par vn vouloir & plaiſir de ſouueraine

269.0 1073.0 669.0 38.0 equité, & gouuerné par vne moderatiõ & attrempance

271.0 1101.0 667.0 41.0 de la raiſon. Qu’en vn corps le prince tiẽt le lieu de chef,

269.0 1131.0 668.0 44.0 les magiſtrats ſubalternes, iuges & officiers le lieu des

271.0 1163.0 670.0 41.0 aureilles & des yeux, le conſeil & multitude des ſages eſ

270.0 1198.0 670.0 36.0 leus le lieu du cœur, la gendarmerie le lieu des bras &

271.0 1226.0 669.0 38.0 des mains, les marchans, artiſans & laboureursle lieu des

271.0 1258.0 671.0 44.0 iembes & des pieds, & qui pour maintenir ce corps vni

272.0 1290.0 667.0 42.0 uerſel en bonne diſpoſition il ne faut pas qu’vne de ſes

273.0 1321.0 667.0 44.0 parties attire à ſoy trop d’humeur & accroiſſement, au¬

272.0 1352.0 667.0 45.0 trement elles ſe feront grandes & enflees outre la pro¬

273.0 1386.0 670.0 51.0 portion conuenable dont les autres ſe ſentiront auoir

854.0 1417.0 89.0 44.0 defaut

132.0 873.0 132.0 41.0 Platon au 5.

130.0 903.0 88.0 54.0 les loix.
