<?xml version="1.0" encoding="UTF-8"?>
<alto xmlns:xsi="http://www.w3.org/2001/XMLSchema-instance"
      xmlns="http://www.loc.gov/standards/alto/ns-v4#"
      xsi:schemaLocation="http://www.loc.gov/standards/alto/ns-v4# http://www.loc.gov/standards/alto/v4/alto-4-2.xsd">
  <Description>
    <MeasurementUnit>pixel</MeasurementUnit>
    <sourceImageInformation>
      <fileName>1_Discours_politiques_des_diverses_puissances_138.jpg</fileName>
    </sourceImageInformation>
  </Description>
  <Tags>
    <OtherTag ID="BT7" LABEL="CustomZone" DESCRIPTION="block type CustomZone"/><OtherTag ID="BT8" LABEL="DamageZone" DESCRIPTION="block type DamageZone"/><OtherTag ID="BT9" LABEL="DigitizationArtefactZone" DESCRIPTION="block type DigitizationArtefactZone"/><OtherTag ID="BT10" LABEL="DropCapitalZone" DESCRIPTION="block type DropCapitalZone"/><OtherTag ID="BT11" LABEL="GraphicZone" DESCRIPTION="block type GraphicZone"/><OtherTag ID="BT12" LABEL="MainZone" DESCRIPTION="block type MainZone"/><OtherTag ID="BT13" LABEL="MarginTextZone" DESCRIPTION="block type MarginTextZone"/><OtherTag ID="BT14" LABEL="MusicZone" DESCRIPTION="block type MusicZone"/><OtherTag ID="BT15" LABEL="NumberingZone" DESCRIPTION="block type NumberingZone"/><OtherTag ID="BT17" LABEL="QuireMarksZone" DESCRIPTION="block type QuireMarksZone"/><OtherTag ID="BT18" LABEL="RunningTitleZone" DESCRIPTION="block type RunningTitleZone"/><OtherTag ID="BT19" LABEL="SealZone" DESCRIPTION="block type SealZone"/><OtherTag ID="BT20" LABEL="StampZone" DESCRIPTION="block type StampZone"/><OtherTag ID="BT21" LABEL="TableZone" DESCRIPTION="block type TableZone"/><OtherTag ID="BT22" LABEL="TitlePageZone" DESCRIPTION="block type TitlePageZone"/><OtherTag ID="BT100006" LABEL="MainZone-Continued" DESCRIPTION="block type MainZone-Continued"/><OtherTag ID="BT100009" LABEL="MarginTextZone-Notes" DESCRIPTION="block type MarginTextZone-Notes"/><OtherTag ID="BT100005" LABEL="MainZone-P" DESCRIPTION="block type MainZone-P"/><OtherTag ID="BT100002" LABEL="MainZone-Lg" DESCRIPTION="block type MainZone-Lg"/><OtherTag ID="BT100001" LABEL="MainZone-Head" DESCRIPTION="block type MainZone-Head"/>
    <OtherTag ID="LT7" LABEL="CustomLine" DESCRIPTION="line type CustomLine"/><OtherTag ID="LT8" LABEL="DefaultLine" DESCRIPTION="line type DefaultLine"/><OtherTag ID="LT9" LABEL="DropCapitalLine" DESCRIPTION="line type DropCapitalLine"/><OtherTag ID="LT10" LABEL="HeadingLine" DESCRIPTION="line type HeadingLine"/><OtherTag ID="LT11" LABEL="InterlinearLine" DESCRIPTION="line type InterlinearLine"/><OtherTag ID="LT12" LABEL="MusicLine" DESCRIPTION="line type MusicLine"/><OtherTag ID="LT951" LABEL="default" DESCRIPTION="line type default"/>
  </Tags>
  <Layout>
    <Page WIDTH="848"
          HEIGHT="1417"
          PHYSICAL_IMG_NR="6"
          ID="eSc_dummypage_">
      <PrintSpace HPOS="0"
                  VPOS="0"
                  WIDTH="848"
                  HEIGHT="1417">
        <TextBlock HPOS="100.0"
                   VPOS="90.0"
                   WIDTH="148.0"
                   HEIGHT="35.0"
                   ID="eSc_textblock_36bb87c7-836b-4d54-af53-5314f502a674"
                   TAGREFS="BT17">
          <Shape><Polygon POINTS="248 90 248 125 100 125 100 90"/></Shape>
          <TextLine ID="eSc_line_b2cab0c2-3d73-463d-947a-9034f5f665f5"
                    TAGREFS="LT8"
                    BASELINE="102 113 246 110" 
                    HPOS="101.0"
                    VPOS="90.0"
                    WIDTH="145.0"
                    HEIGHT="47.0">
            <Shape><Polygon POINTS="235 90 227 90 219 90 211 90 203 90 196 90 188 90 180 90 172 90 164 90 156 90 148 90 140 90 133 90 125 90 119 90 118 90 101 94 102 113 102 127 119 126 135 137 136 137 137 137 184 136 185 136 203 122 245 122 246 110 243 90 235 90"/></Shape>
            <String CONTENT="M D. IXXIIII"
                    HPOS="101.0"
                    VPOS="90.0"
                    WIDTH="145.0"
                    HEIGHT="47.0"
                    WC="0.9977276921272278"></String>
          </TextLine>
        </TextBlock>
        <TextBlock HPOS="214.0"
                   VPOS="144.0"
                   WIDTH="584.0"
                   HEIGHT="1079.0"
                   ID="eSc_textblock_06f3bea2-8c52-4087-8462-1231197cc767"
                   TAGREFS="BT100006">
          <Shape><Polygon POINTS="798 144 792 1207 214 1223 222 144"/></Shape>
          <TextLine ID="eSc_line_fdf16f93-d30c-4576-ada2-d0a85a2b36f6"
                    TAGREFS="LT8"
                    BASELINE="217 160 785 156" 
                    HPOS="216.0"
                    VPOS="141.0"
                    WIDTH="569.0"
                    HEIGHT="31.0">
            <Shape><Polygon POINTS="783 144 775 144 767 144 759 144 751 144 744 144 736 144 728 144 720 144 712 144 704 144 696 144 688 144 681 144 673 144 665 144 657 144 649 144 641 144 633 144 625 144 618 144 610 144 602 144 594 144 586 144 578 144 570 144 562 144 555 144 547 144 539 144 531 144 523 144 515 144 507 144 499 144 492 144 484 144 476 144 468 144 460 144 452 144 444 144 436 144 429 144 421 144 413 144 407 144 406 144 390 144 389 144 381 144 374 144 366 144 358 144 350 144 342 144 334 144 326 144 318 144 311 144 303 144 295 144 287 144 280 144 255 145 243 144 240 144 232 144 224 144 223 141 216 144 217 160 217 166 302 172 303 172 339 166 392 166 399 171 400 171 401 171 402 171 403 171 421 166 464 170 465 170 466 170 485 165 516 170 517 170 518 170 525 165 548 170 549 170 574 166 620 169 621 169 622 169 634 164 666 170 667 170 785 164 785 156 784 144 783 144"/></Shape>
            <String CONTENT="du royaume de l&#x27;exercice de la Religion: Ayant par cy"
                    HPOS="216.0"
                    VPOS="141.0"
                    WIDTH="569.0"
                    HEIGHT="31.0"
                    WC="0.9969839836066624"></String>
          </TextLine>
          <TextLine ID="eSc_line_42c976e0-9723-472c-978d-6765b0ac7b3e"
                    TAGREFS="LT8"
                    BASELINE="218 188 786 182" 
                    HPOS="217.0"
                    VPOS="161.0"
                    WIDTH="569.0"
                    HEIGHT="39.0">
            <Shape><Polygon POINTS="218 188 218 200 238 195 256 199 257 199 258 199 259 199 268 194 298 194 327 199 328 199 461 192 538 197 539 197 579 192 785 195 786 182 785 167 748 161 747 161 746 161 745 161 745 162 739 167 722 167 708 161 707 161 706 161 692 167 623 162 622 162 603 168 570 162 569 162 568 162 568 163 562 169 539 170 510 170 503 164 503 163 502 163 467 163 466 163 465 163 465 164 459 170 418 170 400 164 399 164 379 164 378 164 377 164 370 170 359 165 358 165 296 172 248 172 240 166 239 166 238 166 237 166 217 168 218 188"/></Shape>
            <String CONTENT="deuant employé pour l’obtenir les ſupplications des"
                    HPOS="217.0"
                    VPOS="161.0"
                    WIDTH="569.0"
                    HEIGHT="39.0"
                    WC="0.9995312748047022"></String>
          </TextLine>
          <TextLine ID="eSc_line_58f58b90-bfa7-4611-b36d-fa946df9ec74"
                    TAGREFS="LT8"
                    BASELINE="218 214 788 209" 
                    HPOS="217.0"
                    VPOS="188.0"
                    WIDTH="571.0"
                    HEIGHT="38.0">
            <Shape><Polygon POINTS="218 214 218 226 252 221 297 225 298 225 299 225 305 221 377 225 378 225 379 225 380 225 380 224 385 220 455 224 456 224 466 219 511 223 512 223 544 219 788 219 788 209 787 193 768 188 767 188 706 188 705 188 674 188 673 188 668 193 651 188 650 188 649 188 622 195 592 195 582 189 581 189 580 189 579 189 572 195 542 195 496 190 495 190 494 190 493 190 485 195 418 191 417 191 416 191 405 196 335 196 313 192 312 192 311 192 297 198 261 198 249 192 248 192 217 196 218 214"/></Shape>
            <String CONTENT="princes eſtrangers &amp; ſpecialement des ambaſſadeurs de"
                    HPOS="217.0"
                    VPOS="188.0"
                    WIDTH="571.0"
                    HEIGHT="38.0"
                    WC="0.9988508618102884"></String>
          </TextLine>
          <TextLine ID="eSc_line_14b416c9-b61c-4f3f-8593-d90bee9e9ed7"
                    TAGREFS="LT8"
                    BASELINE="218 242 374 238 787 236" 
                    HPOS="218.0"
                    VPOS="214.0"
                    WIDTH="569.0"
                    HEIGHT="40.0">
            <Shape><Polygon POINTS="218 242 218 253 244 248 266 253 267 254 345 254 345 253 346 253 347 253 347 252 353 247 391 253 392 253 420 247 481 247 502 252 503 252 504 252 519 246 531 251 532 251 533 251 547 245 605 245 648 245 670 251 671 251 672 251 673 251 692 245 713 250 714 250 725 244 742 250 743 250 744 250 770 245 785 250 787 236 785 218 738 214 737 214 736 214 718 219 643 216 642 216 641 216 640 216 635 221 581 221 572 216 571 216 570 216 569 216 568 216 559 221 536 221 508 216 507 216 429 221 412 217 411 217 364 222 333 218 332 218 288 223 248 218 218 224 218 242"/></Shape>
            <String CONTENT="Polongne, leſquelles on eſperoit deuoir auoir quelque"
                    HPOS="218.0"
                    VPOS="214.0"
                    WIDTH="569.0"
                    HEIGHT="40.0"
                    WC="0.9951952864538949"></String>
          </TextLine>
          <TextLine ID="eSc_line_309078c0-2281-428d-b2a4-d8f6a8a68d2b"
                    TAGREFS="LT8"
                    BASELINE="218 267 788 263" 
                    HPOS="218.0"
                    VPOS="242.0"
                    WIDTH="570.0"
                    HEIGHT="35.0">
            <Shape><Polygon POINTS="218 267 218 276 334 273 344 277 345 277 346 277 393 273 445 277 446 277 447 277 448 277 453 273 463 277 464 277 465 277 533 273 559 277 597 271 665 276 666 276 677 272 721 275 722 275 735 270 747 275 748 275 748 276 787 276 788 263 785 244 715 247 700 242 699 242 698 242 684 247 652 243 651 243 619 248 614 244 613 244 612 244 577 243 576 243 575 243 574 243 566 248 561 244 560 244 559 244 525 244 524 244 523 244 522 244 514 250 473 250 451 244 450 244 449 244 329 251 275 251 244 245 243 245 218 251 218 267"/></Shape>
            <String CONTENT="efficace en vne cauſe ſi equitable: Tant s’en faut que"
                    HPOS="218.0"
                    VPOS="242.0"
                    WIDTH="570.0"
                    HEIGHT="35.0"
                    WC="0.9982501996888055"></String>
          </TextLine>
          <TextLine ID="eSc_line_e5a10049-f365-4da2-939b-32909c7d1e9a"
                    TAGREFS="LT8"
                    BASELINE="219 295 788 288" 
                    HPOS="218.0"
                    VPOS="266.0"
                    WIDTH="570.0"
                    HEIGHT="43.0">
            <Shape><Polygon POINTS="219 295 219 309 282 301 345 301 351 306 351 307 352 307 353 307 354 307 395 307 396 307 411 300 446 306 447 306 448 306 470 300 488 304 489 304 534 299 553 303 554 303 588 299 596 304 597 304 598 304 649 303 650 303 663 297 678 302 679 302 680 302 724 297 732 302 733 302 734 302 787 299 788 288 786 273 767 268 766 268 752 272 730 266 729 266 728 266 716 272 699 267 698 267 697 267 696 267 686 273 659 273 628 269 627 269 626 269 625 269 620 274 551 274 539 268 538 268 537 268 519 269 518 269 508 276 469 277 397 277 387 270 386 270 385 270 288 271 277 275 218 273 219 295"/></Shape>
            <String CONTENT="leſdits de la Religion ayent obtenu quelque choſe par"
                    HPOS="218.0"
                    VPOS="266.0"
                    WIDTH="570.0"
                    HEIGHT="43.0"
                    WC="0.9846840253416097"></String>
          </TextLine>
          <TextLine ID="eSc_line_2a1470b2-b306-4c65-8903-bb8cf429d912"
                    TAGREFS="LT8"
                    BASELINE="219 320 788 316" 
                    HPOS="218.0"
                    VPOS="295.0"
                    WIDTH="570.0"
                    HEIGHT="38.0">
            <Shape><Polygon POINTS="219 320 219 330 277 328 290 333 291 333 292 333 302 328 309 333 310 333 311 333 386 329 402 332 403 332 414 327 440 331 441 331 442 331 460 326 481 332 482 332 483 332 484 332 502 326 656 331 657 331 707 325 786 328 788 316 786 302 751 302 733 295 713 295 712 295 711 295 710 295 704 301 686 295 685 295 684 295 670 302 661 296 660 296 659 296 621 302 560 296 559 296 538 301 506 297 505 297 504 297 484 302 462 297 433 303 398 299 397 299 396 299 390 304 331 305 261 305 242 299 241 299 240 299 218 305 219 320"/></Shape>
            <String CONTENT="telles voyes, qu’ils s’en ſont rendus plus odieux. Car au"
                    HPOS="218.0"
                    VPOS="295.0"
                    WIDTH="570.0"
                    HEIGHT="38.0"
                    WC="0.9970845967008356"></String>
          </TextLine>
          <TextLine ID="eSc_line_a2c413c1-4c3b-4c94-962f-0c991a42b351"
                    TAGREFS="LT8"
                    BASELINE="219 348 787 342" 
                    HPOS="218.0"
                    VPOS="321.0"
                    WIDTH="569.0"
                    HEIGHT="41.0">
            <Shape><Polygon POINTS="219 348 219 356 241 362 242 362 272 357 280 362 281 362 282 362 283 362 296 355 348 360 349 360 350 360 355 355 414 355 447 359 448 359 466 354 483 359 484 359 485 359 511 353 573 358 607 353 628 358 629 358 630 358 642 351 690 351 714 357 715 357 786 350 787 342 785 321 758 327 701 323 700 323 699 323 680 328 673 322 672 322 671 322 643 329 624 329 616 323 615 323 614 323 613 323 612 323 603 329 573 329 559 324 558 324 557 324 556 324 539 329 533 324 532 324 531 324 513 324 512 324 511 324 500 330 474 330 468 325 467 325 466 325 426 331 356 326 355 326 339 332 311 332 304 326 303 326 302 326 271 327 270 327 262 332 241 327 240 327 218 329 219 348"/></Shape>
            <String CONTENT="lieu de leur donner quelque ſoulagement &amp; repos aſ¬"
                    HPOS="218.0"
                    VPOS="321.0"
                    WIDTH="569.0"
                    HEIGHT="41.0"
                    WC="0.9981503147704929"></String>
          </TextLine>
          <TextLine ID="eSc_line_8f184355-e575-48da-855f-98bd1460f4d5"
                    TAGREFS="LT8"
                    BASELINE="220 375 788 369" 
                    HPOS="220.0"
                    VPOS="348.0"
                    WIDTH="568.0"
                    HEIGHT="37.0">
            <Shape><Polygon POINTS="220 375 220 382 390 385 391 385 392 385 403 381 408 384 409 384 410 384 459 385 460 385 461 385 467 380 487 384 488 384 511 380 533 384 534 384 535 384 550 379 588 379 623 384 624 384 722 379 766 382 767 382 768 382 788 377 788 369 785 348 762 355 746 348 745 348 744 348 728 355 713 350 712 350 711 350 688 353 661 349 660 349 659 349 646 355 618 352 617 352 616 352 615 352 611 357 570 357 546 350 545 350 544 350 543 350 543 351 536 357 518 357 482 357 466 351 465 351 464 351 463 351 456 358 429 351 403 351 402 351 401 351 395 356 385 351 384 351 383 351 382 351 381 351 376 355 351 352 292 359 271 353 270 353 269 353 257 359 224 359 220 375"/></Shape>
            <String CONTENT="ſeuté on a taſché de les ſurprendre, comme l’entreprin¬"
                    HPOS="220.0"
                    VPOS="348.0"
                    WIDTH="568.0"
                    HEIGHT="37.0"
                    WC="0.9941714562867817"></String>
          </TextLine>
          <TextLine ID="eSc_line_7c9bcd99-4348-4490-9b09-58791c548593"
                    TAGREFS="LT8"
                    BASELINE="220 403 788 396" 
                    HPOS="220.0"
                    VPOS="374.0"
                    WIDTH="568.0"
                    HEIGHT="40.0">
            <Shape><Polygon POINTS="220 403 220 409 301 408 345 414 346 414 347 414 365 407 378 413 379 413 380 413 411 407 428 413 429 413 472 406 486 412 487 412 488 412 507 406 573 411 574 411 575 411 588 406 644 410 645 410 692 410 693 410 704 404 739 409 740 409 741 409 749 403 775 409 776 409 777 409 788 403 788 396 786 377 736 380 722 374 721 374 688 381 660 377 659 377 612 381 585 376 584 376 583 376 582 376 573 383 548 383 511 377 510 377 509 377 494 383 488 377 487 377 486 377 464 377 463 377 462 377 455 384 432 384 362 378 361 378 325 384 318 379 317 379 316 379 291 379 290 379 224 385 220 403"/></Shape>
            <String CONTENT="ſe de la Rochelle en rend ſuffiſant reſmoignage. Ces cõ¬"
                    HPOS="220.0"
                    VPOS="374.0"
                    WIDTH="568.0"
                    HEIGHT="40.0"
                    WC="0.9961784053267094"></String>
          </TextLine>
          <TextLine ID="eSc_line_31624107-d836-40fe-9c9c-aaf1e1445436"
                    TAGREFS="LT8"
                    BASELINE="222 428 788 424" 
                    HPOS="222.0"
                    VPOS="403.0"
                    WIDTH="566.0"
                    HEIGHT="37.0">
            <Shape><Polygon POINTS="222 428 222 436 322 440 323 440 340 435 360 439 361 439 391 435 428 439 429 439 515 434 521 438 522 438 523 439 559 439 559 438 593 433 663 437 664 437 665 437 674 432 680 436 681 436 682 436 788 432 788 424 787 405 766 403 765 403 751 408 744 403 743 403 694 403 693 403 692 403 685 408 656 404 655 404 626 409 606 403 605 403 604 403 603 403 596 410 536 410 522 404 493 404 492 404 491 404 491 405 485 410 456 410 436 405 435 405 434 405 433 405 412 410 404 405 403 405 402 405 401 405 400 405 392 411 369 411 350 405 349 405 348 405 328 411 312 406 311 406 281 410 268 406 267 406 266 406 265 406 259 411 252 406 251 406 233 406 232 406 231 406 226 408 222 428"/></Shape>
            <String CONTENT="fiderations des choſes paſſees auec la conoiſſance du"
                    HPOS="222.0"
                    VPOS="403.0"
                    WIDTH="566.0"
                    HEIGHT="37.0"
                    WC="0.9957302583838409"></String>
          </TextLine>
          <TextLine ID="eSc_line_561c8f6b-cd42-4ce7-8fdd-b94d88bbe83b"
                    TAGREFS="LT8"
                    BASELINE="222 457 788 449" 
                    HPOS="222.0"
                    VPOS="428.0"
                    WIDTH="566.0"
                    HEIGHT="41.0">
            <Shape><Polygon POINTS="222 457 222 469 338 463 438 467 439 467 486 462 549 466 550 466 588 460 644 463 676 458 740 458 746 462 747 462 748 462 788 458 788 449 787 434 721 429 720 429 719 429 699 434 675 428 674 428 673 428 672 428 663 433 651 429 650 429 649 429 648 429 640 436 618 436 609 430 608 430 607 430 575 429 574 429 573 429 559 437 528 437 517 430 516 430 515 430 514 430 513 430 502 438 472 438 462 432 461 432 460 432 459 432 446 438 421 438 392 432 391 432 375 439 361 432 360 432 334 432 333 432 313 440 277 433 258 434 257 434 256 434 256 435 249 440 233 436 232 436 231 436 225 439 222 457"/></Shape>
            <String CONTENT="peril prochain: les preparatifs qui ſe font dedans le roy¬"
                    HPOS="222.0"
                    VPOS="428.0"
                    WIDTH="566.0"
                    HEIGHT="41.0"
                    WC="0.9955687790081419"></String>
          </TextLine>
          <TextLine ID="eSc_line_f20dcf98-5019-4a4c-84c4-be17c343d349"
                    TAGREFS="LT8"
                    BASELINE="221 483 788 477" 
                    HPOS="220.0"
                    VPOS="457.0"
                    WIDTH="568.0"
                    HEIGHT="38.0">
            <Shape><Polygon POINTS="221 483 221 491 292 495 293 495 316 490 390 494 391 494 392 494 399 489 420 489 438 494 439 494 440 494 441 494 447 490 479 493 480 493 481 493 488 488 506 492 507 492 561 488 569 492 570 492 571 492 572 492 585 488 622 492 623 492 674 488 681 492 682 492 683 492 709 486 766 491 767 491 788 486 788 477 786 458 711 461 661 457 660 457 614 462 596 458 595 458 594 458 576 462 552 458 551 458 550 458 541 464 462 464 447 459 446 459 445 459 422 464 415 459 414 459 386 459 385 459 369 464 341 460 340 460 339 460 333 466 220 466 221 483"/></Shape>
            <String CONTENT="aume pour leur faire la guerre: les leuees d’eſtrangers"
                    HPOS="220.0"
                    VPOS="457.0"
                    WIDTH="568.0"
                    HEIGHT="38.0"
                    WC="0.998821263963526"></String>
          </TextLine>
          <TextLine ID="eSc_line_882aa4a2-d1dc-4fb4-b1ed-fae809873ae8"
                    TAGREFS="LT8"
                    BASELINE="222 510 789 503" 
                    HPOS="222.0"
                    VPOS="484.0"
                    WIDTH="567.0"
                    HEIGHT="37.0">
            <Shape><Polygon POINTS="222 510 222 521 294 517 362 521 434 515 443 519 444 519 477 515 498 519 499 519 534 514 546 518 547 518 548 518 579 514 628 517 629 517 648 514 788 514 789 503 787 487 716 489 700 484 699 484 698 484 688 489 647 486 646 486 626 490 603 485 602 485 590 490 583 484 582 484 581 484 580 484 579 484 570 492 549 492 537 485 536 485 514 485 513 485 512 485 511 485 501 492 483 486 482 486 481 486 480 486 480 487 473 492 441 487 440 487 404 492 363 487 362 487 361 487 351 493 300 488 299 488 289 492 266 488 265 488 264 488 255 494 235 488 234 488 233 488 225 492 222 510"/></Shape>
            <String CONTENT="tant Suiſſes, Alemans, qu’Italiens: les menees ſe crettes"
                    HPOS="222.0"
                    VPOS="484.0"
                    WIDTH="567.0"
                    HEIGHT="37.0"
                    WC="0.9876580050117091"></String>
          </TextLine>
          <TextLine ID="eSc_line_60a2a5f0-931d-4bab-8717-08604bc663f7"
                    TAGREFS="LT8"
                    BASELINE="223 537 791 531" 
                    HPOS="222.0"
                    VPOS="510.0"
                    WIDTH="569.0"
                    HEIGHT="40.0">
            <Shape><Polygon POINTS="223 537 223 550 253 545 268 550 269 550 270 550 316 549 317 549 331 543 368 542 461 542 496 547 559 541 640 546 641 546 642 546 655 540 691 545 692 545 720 539 736 544 737 544 738 544 739 544 749 539 790 540 791 531 789 515 769 510 768 510 718 515 680 511 679 511 647 516 507 513 506 513 479 517 445 514 444 514 433 518 423 514 422 514 396 518 222 518 223 537"/></Shape>
            <String CONTENT="par le prouinces afin de maſſacrer ceux qui reſtent, ont"
                    HPOS="222.0"
                    VPOS="510.0"
                    WIDTH="569.0"
                    HEIGHT="40.0"
                    WC="0.9937374527965274"></String>
          </TextLine>
          <TextLine ID="eSc_line_e63bbdce-c926-46fb-bc87-4504164d0aea"
                    TAGREFS="LT8"
                    BASELINE="224 563 790 558" 
                    HPOS="223.0"
                    VPOS="537.0"
                    WIDTH="567.0"
                    HEIGHT="38.0">
            <Shape><Polygon POINTS="224 563 224 570 246 574 247 574 289 570 305 575 306 575 307 575 308 575 313 570 325 574 326 574 327 574 338 569 365 573 366 573 367 573 374 569 417 573 418 573 469 569 488 573 489 573 542 569 553 573 554 573 555 573 556 573 563 568 570 573 571 573 572 573 573 573 601 573 602 573 618 567 645 567 652 572 653 572 654 572 655 572 684 568 788 569 790 558 789 543 777 537 776 537 775 537 774 537 754 543 644 543 640 539 639 539 638 539 637 539 578 543 570 539 569 539 568 539 567 539 557 543 551 539 550 539 549 539 486 544 438 540 437 540 436 540 426 544 413 540 412 540 411 540 385 540 384 540 378 545 364 540 363 540 362 540 334 544 325 541 324 541 323 541 322 541 306 546 248 541 223 547 224 563"/></Shape>
            <String CONTENT="tellement forcé leur patience, &amp; les ont iettez en telle"
                    HPOS="223.0"
                    VPOS="537.0"
                    WIDTH="567.0"
                    HEIGHT="38.0"
                    WC="0.9963051342127616"></String>
          </TextLine>
          <TextLine ID="eSc_line_d0d2430c-6c79-45cd-a666-61440c803127"
                    TAGREFS="LT8"
                    BASELINE="225 590 791 584" 
                    HPOS="224.0"
                    VPOS="565.0"
                    WIDTH="567.0"
                    HEIGHT="38.0">
            <Shape><Polygon POINTS="225 590 225 603 237 599 303 602 304 602 790 593 791 584 789 569 710 569 697 565 696 565 672 569 630 565 629 565 628 565 621 570 574 566 573 566 547 571 540 567 539 567 538 567 537 567 525 571 507 567 427 572 388 567 387 567 386 567 375 573 326 573 304 568 303 568 224 574 225 590"/></Shape>
            <String CONTENT="neceſſité, que ne pouuans auoir recours à autre reme¬"
                    HPOS="224.0"
                    VPOS="565.0"
                    WIDTH="567.0"
                    HEIGHT="38.0"
                    WC="0.9905283017591997"></String>
          </TextLine>
          <TextLine ID="eSc_line_443863b4-a7d8-4cb4-887d-5bf8bdf88674"
                    TAGREFS="LT8"
                    BASELINE="225 617 791 611" 
                    HPOS="224.0"
                    VPOS="591.0"
                    WIDTH="567.0"
                    HEIGHT="37.0">
            <Shape><Polygon POINTS="225 617 225 628 240 624 294 628 295 628 296 628 313 623 437 626 438 626 470 621 520 625 521 625 541 621 611 625 612 625 613 625 629 620 671 624 672 624 673 624 685 620 790 620 791 611 788 592 680 596 628 591 627 591 597 597 591 592 590 592 589 592 548 592 547 592 535 598 475 598 469 593 468 593 467 593 466 593 450 599 407 599 393 594 392 594 391 594 374 599 345 595 344 595 295 600 279 595 278 595 234 595 233 595 232 595 224 599 225 617"/></Shape>
            <String CONTENT="de, ils ont eſté contraints venir à celuy des armes pour"
                    HPOS="224.0"
                    VPOS="591.0"
                    WIDTH="567.0"
                    HEIGHT="37.0"
                    WC="0.986799351100264"></String>
          </TextLine>
          <TextLine ID="eSc_line_50fc4a6e-8d02-45e2-91af-36db64209fd8"
                    TAGREFS="LT8"
                    BASELINE="225 645 790 638" 
                    HPOS="224.0"
                    VPOS="616.0"
                    WIDTH="566.0"
                    HEIGHT="38.0">
            <Shape><Polygon POINTS="225 645 225 654 789 647 790 638 786 617 780 622 715 622 681 616 680 616 679 616 670 623 599 625 552 625 544 617 543 617 542 617 541 617 540 617 525 625 466 619 465 619 464 619 448 625 434 619 433 619 391 620 390 620 389 620 385 624 377 620 376 620 332 621 331 621 330 621 325 625 320 621 319 621 318 621 287 621 286 621 285 621 277 628 224 624 225 645"/></Shape>
            <String CONTENT="leur treſiuſte defenſe. NoVS doncques gentilhommes"
                    HPOS="224.0"
                    VPOS="616.0"
                    WIDTH="566.0"
                    HEIGHT="38.0"
                    WC="0.9930650866031647"></String>
          </TextLine>
          <TextLine ID="eSc_line_8b569691-ae75-42ed-91e3-7971bd150cce"
                    TAGREFS="LT8"
                    BASELINE="225 670 791 665" 
                    HPOS="225.0"
                    VPOS="645.0"
                    WIDTH="566.0"
                    HEIGHT="32.0">
            <Shape><Polygon POINTS="225 670 225 677 790 676 791 665 788 649 692 651 685 647 684 647 683 647 682 647 670 651 651 645 650 645 649 645 637 651 587 651 562 646 561 646 543 652 511 647 510 647 509 647 504 651 495 648 494 648 493 648 460 653 437 647 436 647 391 651 325 648 324 648 323 648 322 648 322 649 316 654 292 654 225 650 225 670"/></Shape>
            <String CONTENT="&amp; autres de la Religion atteſtons deuant Dieu que nous"
                    HPOS="225.0"
                    VPOS="645.0"
                    WIDTH="566.0"
                    HEIGHT="32.0"
                    WC="0.9957790838347541"></String>
          </TextLine>
          <TextLine ID="eSc_line_42fc440b-e6f7-4786-acaa-5cbba714bb82"
                    TAGREFS="LT8"
                    BASELINE="225 698 791 692" 
                    HPOS="224.0"
                    VPOS="672.0"
                    WIDTH="567.0"
                    HEIGHT="40.0">
            <Shape><Polygon POINTS="225 698 225 705 256 712 257 712 258 712 259 712 270 705 306 705 322 705 330 711 331 711 332 711 333 712 364 712 364 711 365 711 366 711 366 710 373 705 394 710 395 710 396 710 397 710 406 704 430 704 444 710 445 710 446 710 447 710 455 704 474 710 475 710 476 710 506 709 507 709 518 703 530 703 539 710 540 710 541 710 567 709 568 709 569 709 578 702 599 702 608 709 609 709 610 709 611 709 644 708 645 708 646 708 657 701 714 701 729 707 730 708 751 708 751 707 752 707 753 707 761 701 790 704 791 692 788 672 707 677 670 677 665 673 664 673 663 673 662 673 592 673 581 678 565 674 564 674 563 674 562 674 543 680 422 680 402 675 401 675 400 675 399 675 392 680 356 677 355 677 340 680 314 677 313 677 312 677 302 681 259 677 258 677 224 682 225 698"/></Shape>
            <String CONTENT="ne les auons prinſes que par vne neceſſité extreme pour"
                    HPOS="224.0"
                    VPOS="672.0"
                    WIDTH="567.0"
                    HEIGHT="40.0"
                    WC="0.9899224521858352"></String>
          </TextLine>
          <TextLine ID="eSc_line_2e04b581-91b8-4fa8-a93c-ef7d5a0e3513"
                    TAGREFS="LT8"
                    BASELINE="225 725 789 719" 
                    HPOS="225.0"
                    VPOS="702.0"
                    WIDTH="564.0"
                    HEIGHT="34.0">
            <Shape><Polygon POINTS="225 725 225 733 257 736 258 736 287 732 303 736 304 736 305 736 306 736 322 730 421 730 427 735 428 735 429 735 429 736 466 736 466 735 467 735 468 735 468 734 473 729 490 734 491 734 492 734 504 729 544 734 572 728 617 733 618 733 646 728 653 732 654 732 655 732 655 733 702 733 702 732 729 727 739 731 740 731 788 726 789 719 787 706 587 706 570 702 569 702 568 702 540 707 509 702 508 702 465 707 406 703 405 703 302 709 261 705 260 705 259 705 254 709 248 705 247 705 246 705 245 705 225 710 225 725"/></Shape>
            <String CONTENT="conſeruer noſtre Religion dont on nous a priuez iniu¬"
                    HPOS="225.0"
                    VPOS="702.0"
                    WIDTH="564.0"
                    HEIGHT="34.0"
                    WC="0.9855205034309963"></String>
          </TextLine>
          <TextLine ID="eSc_line_eb3dc177-dc40-455e-a8d8-0a2eecc121b9"
                    TAGREFS="LT8"
                    BASELINE="225 751 790 745" 
                    HPOS="225.0"
                    VPOS="725.0"
                    WIDTH="565.0"
                    HEIGHT="39.0">
            <Shape><Polygon POINTS="225 751 225 758 295 764 296 764 325 760 365 763 366 763 379 757 470 757 485 761 486 761 519 756 562 761 563 761 599 755 684 759 685 759 703 755 717 758 718 758 719 758 720 758 726 754 753 758 754 758 790 754 790 745 787 725 768 730 723 725 722 725 721 725 714 732 648 732 610 727 609 727 577 732 561 728 560 728 559 728 540 732 466 728 465 728 464 728 455 733 385 731 384 731 365 735 329 730 328 730 285 736 225 732 225 751"/></Shape>
            <String CONTENT="ſtement, &amp; nos vies maſſacrees par tant de tueurs, &amp; nos"
                    HPOS="225.0"
                    VPOS="725.0"
                    WIDTH="565.0"
                    HEIGHT="39.0"
                    WC="0.9963508791157177"></String>
          </TextLine>
          <TextLine ID="eSc_line_b2f770a4-4b35-4d59-9208-67f58b470e21"
                    TAGREFS="LT8"
                    BASELINE="225 778 788 770" 
                    HPOS="225.0"
                    VPOS="752.0"
                    WIDTH="563.0"
                    HEIGHT="39.0">
            <Shape><Polygon POINTS="225 778 226 791 236 786 271 790 272 790 273 790 282 785 327 789 328 789 366 784 506 787 507 787 788 778 788 770 786 752 225 759 225 778"/></Shape>
            <String CONTENT="biens comme ia expoſez en proye. Declarons auſſi no¬"
                    HPOS="225.0"
                    VPOS="752.0"
                    WIDTH="563.0"
                    HEIGHT="39.0"
                    WC="0.9979725434229925"></String>
          </TextLine>
          <TextLine ID="eSc_line_aa7f1d80-c020-4d17-bef9-7613dc94e9bd"
                    TAGREFS="LT8"
                    BASELINE="225 806 791 799" 
                    HPOS="224.0"
                    VPOS="778.0"
                    WIDTH="567.0"
                    HEIGHT="39.0">
            <Shape><Polygon POINTS="225 806 225 817 425 811 537 814 538 814 612 809 621 813 622 813 667 808 726 812 727 812 791 806 791 799 789 778 756 778 755 778 754 778 747 783 728 778 727 778 726 778 681 779 662 784 607 780 606 780 605 780 604 780 597 785 411 782 410 782 398 788 347 788 334 784 333 784 271 789 258 784 257 784 256 784 224 784 225 806"/></Shape>
            <String CONTENT="ſtre intention n’eſt de faire la guerre ſinon aux maſſa¬"
                    HPOS="224.0"
                    VPOS="778.0"
                    WIDTH="567.0"
                    HEIGHT="39.0"
                    WC="0.9879557362624577"></String>
          </TextLine>
          <TextLine ID="eSc_line_39a2af08-648d-4aa4-adc7-44746c28fc9a"
                    TAGREFS="LT8"
                    BASELINE="225 831 790 825" 
                    HPOS="225.0"
                    VPOS="806.0"
                    WIDTH="565.0"
                    HEIGHT="37.0">
            <Shape><Polygon POINTS="225 831 225 839 233 843 234 843 235 843 236 843 251 838 350 843 351 843 377 836 433 836 447 842 448 842 473 836 503 842 504 842 505 842 505 841 511 836 528 841 529 841 530 841 540 836 567 840 568 840 592 835 611 840 612 840 613 840 614 840 625 835 718 839 790 833 790 825 788 806 762 810 736 806 735 806 734 806 718 811 685 807 593 812 579 807 578 807 577 807 551 813 470 810 434 814 397 810 396 810 395 810 389 814 325 810 324 810 323 810 312 816 276 816 250 811 249 811 225 816 225 831"/></Shape>
            <String CONTENT="creurs, perfides, &amp; autres qui parforce ouuerte, ou par"
                    HPOS="225.0"
                    VPOS="806.0"
                    WIDTH="565.0"
                    HEIGHT="37.0"
                    WC="0.9837907119230791"></String>
          </TextLine>
          <TextLine ID="eSc_line_b2216299-2052-48d6-bf91-519a5c9bc5a2"
                    TAGREFS="LT8"
                    BASELINE="227 858 793 853" 
                    HPOS="226.0"
                    VPOS="832.0"
                    WIDTH="567.0"
                    HEIGHT="37.0">
            <Shape><Polygon POINTS="227 858 227 863 320 869 321 869 362 863 408 869 409 869 410 869 423 862 450 866 451 866 482 862 509 868 510 868 511 868 521 862 551 867 585 863 591 867 592 867 593 868 593 867 594 867 595 867 600 863 607 866 608 866 609 866 661 861 698 866 699 866 732 860 777 864 778 864 793 858 793 853 792 836 781 832 780 832 779 832 770 836 747 836 737 832 736 832 661 837 624 832 623 832 622 832 616 838 553 838 534 833 533 833 532 833 531 833 523 838 506 835 505 835 473 839 467 834 466 834 415 834 414 834 399 839 373 835 372 835 371 835 370 835 366 839 299 840 292 836 291 836 256 836 255 836 226 841 227 858"/></Shape>
            <String CONTENT="trahiſon, pouſſez de haine &amp; d’appetit de vengeance ne"
                    HPOS="226.0"
                    VPOS="832.0"
                    WIDTH="567.0"
                    HEIGHT="37.0"
                    WC="0.9922977829421008"></String>
          </TextLine>
          <TextLine ID="eSc_line_38e8a8ec-b793-4038-9ef2-0e9c5ba76a0b"
                    TAGREFS="LT8"
                    BASELINE="227 884 790 878" 
                    HPOS="226.0"
                    VPOS="862.0"
                    WIDTH="564.0"
                    HEIGHT="37.0">
            <Shape><Polygon POINTS="227 884 227 899 277 898 278 898 300 892 336 897 337 897 338 897 339 897 344 891 373 891 400 891 407 896 408 896 409 896 410 896 439 891 789 891 790 878 788 862 226 868 227 884"/></Shape>
            <String CONTENT="tendent qu’à noſtre totale ruine. Et quant aux Catholi¬"
                    HPOS="226.0"
                    VPOS="862.0"
                    WIDTH="564.0"
                    HEIGHT="37.0"
                    WC="0.9916401069079127"></String>
          </TextLine>
          <TextLine ID="eSc_line_25aae382-8212-490f-9bea-2c71c7bc1f39"
                    TAGREFS="LT8"
                    BASELINE="227 912 790 906" 
                    HPOS="226.0"
                    VPOS="886.0"
                    WIDTH="564.0"
                    HEIGHT="38.0">
            <Shape><Polygon POINTS="227 912 227 923 304 924 305 924 306 924 307 924 312 920 336 920 341 924 342 924 343 924 344 924 387 924 388 924 403 919 432 923 433 923 469 918 517 922 518 922 553 917 576 921 577 921 606 917 671 921 672 921 710 916 788 919 790 906 788 891 728 886 727 886 703 891 646 887 645 887 608 892 551 888 550 888 549 888 548 888 540 894 508 894 501 888 500 888 499 888 468 888 467 888 433 894 364 890 363 890 362 890 348 895 226 895 227 912"/></Shape>
            <String CONTENT="ques qui voudront paiſiblement viure en leurs maiſons,"
                    HPOS="226.0"
                    VPOS="886.0"
                    WIDTH="564.0"
                    HEIGHT="38.0"
                    WC="0.9853662451108297"></String>
          </TextLine>
          <TextLine ID="eSc_line_be94208c-07c5-46c6-9961-54c725e49997"
                    TAGREFS="LT8"
                    BASELINE="225 938 790 932" 
                    HPOS="225.0"
                    VPOS="914.0"
                    WIDTH="565.0"
                    HEIGHT="36.0">
            <Shape><Polygon POINTS="225 938 225 948 354 950 355 950 393 944 431 949 432 949 433 949 433 948 438 944 503 947 504 947 522 943 632 947 633 947 665 941 706 941 713 945 714 945 715 945 716 945 717 945 723 940 765 945 766 945 789 939 790 932 788 914 225 919 225 938"/></Shape>
            <String CONTENT="nous ne les tenons pour ennemis, mais pour amis &amp; cõ¬"
                    HPOS="225.0"
                    VPOS="914.0"
                    WIDTH="565.0"
                    HEIGHT="36.0"
                    WC="0.9880533339800658"></String>
          </TextLine>
          <TextLine ID="eSc_line_740975d0-2475-438a-aa85-f4799a08f5e6"
                    TAGREFS="LT8"
                    BASELINE="226 966 792 960" 
                    HPOS="225.0"
                    VPOS="941.0"
                    WIDTH="567.0"
                    HEIGHT="36.0">
            <Shape><Polygon POINTS="226 966 227 977 244 973 791 969 792 960 789 941 225 948 226 966"/></Shape>
            <String CONTENT="patriottes: &amp; n’entendons aucunement les moleſter en"
                    HPOS="225.0"
                    VPOS="941.0"
                    WIDTH="567.0"
                    HEIGHT="36.0"
                    WC="0.9917493978371987"></String>
          </TextLine>
          <TextLine ID="eSc_line_2e2c7c90-cb98-45f0-ac82-c00d2493834a"
                    TAGREFS="LT8"
                    BASELINE="225 991 792 986" 
                    HPOS="225.0"
                    VPOS="967.0"
                    WIDTH="567.0"
                    HEIGHT="35.0">
            <Shape><Polygon POINTS="225 991 225 1002 791 995 792 986 789 971 656 971 636 967 635 967 634 967 628 972 623 968 622 968 621 968 587 972 549 968 548 968 515 973 468 969 467 969 440 973 414 969 413 969 412 969 404 973 317 970 316 970 315 970 303 975 225 975 225 991"/></Shape>
            <String CONTENT="leurs maiſons &amp; empeſcherons de noſtre pouuoir toute"
                    HPOS="225.0"
                    VPOS="967.0"
                    WIDTH="567.0"
                    HEIGHT="35.0"
                    WC="0.9908407170038956"></String>
          </TextLine>
          <TextLine ID="eSc_line_c910306a-8b7b-4b29-8c98-48e92595e812"
                    TAGREFS="LT8"
                    BASELINE="226 1019 792 1013" 
                    HPOS="225.0"
                    VPOS="993.0"
                    WIDTH="567.0"
                    HEIGHT="37.0">
            <Shape><Polygon POINTS="226 1019 226 1026 299 1025 330 1030 331 1030 332 1030 343 1025 482 1028 483 1028 484 1028 485 1028 490 1024 499 1028 500 1028 501 1028 502 1028 503 1028 510 1023 790 1024 792 1013 791 997 784 993 783 993 782 993 709 998 693 993 692 993 670 998 656 993 655 993 654 993 643 998 596 995 565 999 555 995 509 995 508 995 507 995 485 1000 399 996 295 1002 266 998 265 998 225 1003 226 1019"/></Shape>
            <String CONTENT="violence en leur endroit, ne deſirans rien plus ſinon que"
                    HPOS="225.0"
                    VPOS="993.0"
                    WIDTH="567.0"
                    HEIGHT="37.0"
                    WC="0.9937217162366498"></String>
          </TextLine>
          <TextLine ID="eSc_line_78365b7f-9eac-4f81-b4cc-6098df13b24d"
                    TAGREFS="LT8"
                    BASELINE="225 1046 792 1040" 
                    HPOS="225.0"
                    VPOS="1022.0"
                    WIDTH="567.0"
                    HEIGHT="36.0">
            <Shape><Polygon POINTS="225 1046 225 1058 252 1054 346 1057 347 1057 432 1052 466 1056 467 1056 536 1055 537 1055 549 1050 578 1054 579 1054 580 1054 589 1050 695 1054 696 1054 710 1049 740 1053 741 1053 791 1048 792 1040 789 1022 623 1027 611 1022 610 1022 609 1022 608 1022 594 1027 590 1023 589 1023 588 1023 549 1022 548 1022 519 1028 495 1023 494 1023 452 1028 416 1024 415 1024 368 1030 323 1030 313 1024 312 1024 311 1024 310 1024 303 1031 225 1031 225 1046"/></Shape>
            <String CONTENT="par vne legitime cõuocation d’eſtats de ce royaume où"
                    HPOS="225.0"
                    VPOS="1022.0"
                    WIDTH="567.0"
                    HEIGHT="36.0"
                    WC="0.9827272512696006"></String>
          </TextLine>
          <TextLine ID="eSc_line_4113bea0-4cea-4322-a317-f38e3edad10f"
                    TAGREFS="LT8"
                    BASELINE="225 1072 792 1067" 
                    HPOS="224.0"
                    VPOS="1047.0"
                    WIDTH="568.0"
                    HEIGHT="37.0">
            <Shape><Polygon POINTS="225 1072 225 1080 385 1084 386 1084 499 1077 548 1082 549 1082 566 1076 668 1076 705 1080 706 1080 707 1080 712 1076 792 1074 792 1067 790 1050 772 1051 758 1047 757 1047 756 1047 724 1051 710 1047 709 1047 677 1052 671 1047 670 1047 629 1047 628 1047 627 1047 612 1054 493 1054 425 1050 424 1050 423 1050 422 1050 415 1054 396 1050 395 1050 394 1050 393 1050 379 1055 307 1050 306 1050 305 1050 304 1050 299 1056 271 1056 261 1051 260 1051 259 1051 258 1051 252 1056 233 1052 232 1052 231 1052 224 1055 225 1072"/></Shape>
            <String CONTENT="les loix ſont renuerſees &amp; tout mis en cõfuſion, ſoit eſta¬"
                    HPOS="224.0"
                    VPOS="1047.0"
                    WIDTH="568.0"
                    HEIGHT="37.0"
                    WC="0.9860136012236277"></String>
          </TextLine>
          <TextLine ID="eSc_line_e710f826-9138-4bb5-be49-b8a638fcde8e"
                    TAGREFS="LT8"
                    BASELINE="225 1098 794 1094" 
                    HPOS="224.0"
                    VPOS="1073.0"
                    WIDTH="570.0"
                    HEIGHT="40.0">
            <Shape><Polygon POINTS="225 1098 225 1113 262 1113 263 1113 279 1107 295 1113 296 1113 340 1112 367 1106 382 1112 383 1112 384 1112 431 1107 480 1111 481 1111 509 1105 522 1109 523 1109 524 1109 544 1104 607 1104 687 1107 688 1107 725 1103 740 1109 741 1109 742 1109 743 1109 752 1103 781 1103 792 1107 794 1094 792 1079 662 1079 654 1073 653 1073 652 1073 651 1073 639 1079 578 1074 577 1074 576 1074 569 1080 533 1080 513 1074 512 1074 511 1074 510 1074 510 1075 503 1080 490 1075 489 1075 435 1075 434 1075 403 1081 386 1081 377 1076 376 1076 375 1076 374 1076 359 1081 336 1076 310 1082 295 1076 294 1076 293 1076 257 1082 250 1076 249 1076 248 1076 224 1076 225 1098"/></Shape>
            <String CONTENT="bly vn bon ordre, &amp; les choſes remiſes en leur ancienne"
                    HPOS="224.0"
                    VPOS="1073.0"
                    WIDTH="570.0"
                    HEIGHT="40.0"
                    WC="0.9941482262177901"></String>
          </TextLine>
          <TextLine ID="eSc_line_0cd1a946-0b6f-4956-a605-f5e7ccbb093d"
                    TAGREFS="LT8"
                    BASELINE="225 1127 787 1121" 
                    HPOS="225.0"
                    VPOS="1100.0"
                    WIDTH="562.0"
                    HEIGHT="41.0">
            <Shape><Polygon POINTS="786 1106 766 1100 765 1100 764 1100 763 1100 754 1106 714 1106 690 1101 689 1101 688 1101 681 1107 640 1108 574 1108 568 1103 568 1102 567 1102 566 1102 529 1102 528 1102 527 1102 503 1109 459 1103 458 1103 457 1103 456 1103 451 1107 436 1103 435 1103 434 1103 402 1107 365 1104 364 1104 363 1104 362 1104 352 1110 344 1106 343 1106 342 1106 334 1110 281 1106 241 1111 225 1107 225 1127 225 1141 248 1135 274 1135 280 1140 281 1140 282 1140 283 1140 296 1135 504 1138 505 1138 506 1138 516 1132 525 1137 526 1137 527 1137 551 1132 574 1137 575 1137 625 1136 626 1136 649 1131 696 1135 697 1135 698 1135 699 1135 704 1130 787 1128 787 1121 786 1106"/></Shape>
            <String CONTENT="grandeur &amp; digniré: que puiſſions par vne bonne&amp;c"
                    HPOS="225.0"
                    VPOS="1100.0"
                    WIDTH="562.0"
                    HEIGHT="41.0"
                    WC="0.9925103199481964"></String>
          </TextLine>
          <TextLine ID="eSc_line_7c20a4d8-384b-4066-a7db-3842bebb5f2e"
                    TAGREFS="LT8"
                    BASELINE="222 1151 785 1147" 
                    HPOS="222.0"
                    VPOS="1128.0"
                    WIDTH="563.0"
                    HEIGHT="37.0">
            <Shape><Polygon POINTS="222 1151 222 1162 244 1159 251 1165 252 1165 253 1165 254 1165 333 1165 367 1158 389 1164 390 1164 391 1164 392 1164 407 1158 420 1164 421 1164 422 1165 447 1165 447 1164 448 1164 464 1158 491 1158 513 1163 514 1163 565 1157 577 1162 578 1162 579 1163 636 1163 636 1162 637 1162 645 1157 670 1160 671 1160 680 1156 759 1156 783 1161 785 1147 783 1132 691 1128 690 1128 689 1128 676 1132 628 1129 627 1129 566 1133 556 1129 555 1129 554 1129 543 1134 422 1131 421 1131 420 1131 419 1131 414 1135 313 1135 244 1132 222 1135 222 1151"/></Shape>
            <String CONTENT="aſſeuree paix viure les vns auec les autres en toure con"
                    HPOS="222.0"
                    VPOS="1128.0"
                    WIDTH="563.0"
                    HEIGHT="37.0"
                    WC="0.9944913185068539"></String>
          </TextLine>
          <TextLine ID="eSc_line_75a82bf0-f781-488e-8eb2-864b47304a87"
                    TAGREFS="LT8"
                    BASELINE="222 1180 785 1175" 
                    HPOS="222.0"
                    VPOS="1154.0"
                    WIDTH="563.0"
                    HEIGHT="41.0">
            <Shape><Polygon POINTS="222 1180 222 1190 246 1195 247 1195 307 1188 315 1194 316 1194 317 1194 318 1195 340 1195 340 1194 341 1194 342 1194 351 1187 407 1187 418 1192 419 1192 420 1192 457 1187 470 1192 471 1193 539 1193 539 1192 540 1192 559 1186 567 1191 568 1191 569 1191 570 1192 611 1192 611 1191 632 1186 665 1191 666 1191 667 1191 677 1184 704 1184 722 1190 723 1190 724 1190 785 1189 785 1175 784 1159 735 1154 734 1154 702 1159 656 1156 655 1156 562 1160 552 1156 551 1156 550 1156 537 1161 517 1157 516 1157 471 1161 465 1157 464 1157 463 1157 462 1157 436 1161 406 1158 405 1158 343 1161 336 1158 335 1158 334 1158 333 1158 327 1162 234 1159 233 1159 222 1163 222 1180"/></Shape>
            <String CONTENT="corde &amp; amitié. Pour à quoy paruenir, nous employe"
                    HPOS="222.0"
                    VPOS="1154.0"
                    WIDTH="563.0"
                    HEIGHT="41.0"
                    WC="0.985189941066962"></String>
          </TextLine>
          <TextLine ID="eSc_line_b38a996b-6fab-4871-b677-48fdbb92f3ee"
                    TAGREFS="LT8"
                    BASELINE="222 1207 785 1202" 
                    HPOS="221.0"
                    VPOS="1182.0"
                    WIDTH="564.0"
                    HEIGHT="43.0">
            <Shape><Polygon POINTS="222 1207 222 1224 278 1217 309 1222 310 1222 311 1222 325 1217 359 1225 360 1225 361 1225 492 1224 623 1213 677 1222 678 1222 679 1222 692 1214 703 1217 704 1217 705 1217 720 1213 756 1213 782 1221 785 1202 783 1187 747 1182 746 1182 718 1187 702 1182 701 1182 700 1182 699 1182 692 1188 649 1188 622 1183 621 1183 620 1183 619 1183 613 1188 583 1184 582 1184 514 1189 489 1184 488 1184 477 1189 463 1185 462 1185 461 1185 460 1185 454 1190 377 1187 376 1187 367 1191 324 1191 316 1186 315 1186 314 1186 262 1190 221 1187 222 1207"/></Shape>
            <String CONTENT="rons volontairement nos vies, nos biens, &amp; autre"
                    HPOS="221.0"
                    VPOS="1182.0"
                    WIDTH="564.0"
                    HEIGHT="43.0"
                    WC="0.9968458699683348"></String>
          </TextLine>
        </TextBlock>
        <TextBlock HPOS="412.0"
                   VPOS="90.0"
                   WIDTH="241.0"
                   HEIGHT="45.0"
                   ID="eSc_textblock_b5002f1e-7c6b-4193-bb02-30913ba1a19e"
                   TAGREFS="BT18">
          <Shape><Polygon POINTS="653 90 653 135 412 135 412 90"/></Shape>
          <TextLine ID="eSc_line_e34cd766-b297-4d73-b6d4-0ca0dfcc5c5e"
                    TAGREFS="LT8"
                    BASELINE="411 124 649 122" 
                    HPOS="410.0"
                    VPOS="88.0"
                    WIDTH="239.0"
                    HEIGHT="45.0">
            <Shape><Polygon POINTS="512 89 504 89 496 89 467 93 462 89 457 89 449 89 441 89 433 89 425 89 418 89 415 88 410 88 411 124 411 131 648 133 649 122 647 95 577 97 561 90 560 90 559 90 527 98 518 89 512 89"/></Shape>
            <String CONTENT="Eſtat de France"
                    HPOS="410.0"
                    VPOS="88.0"
                    WIDTH="239.0"
                    HEIGHT="45.0"
                    WC="0.9980109850565593"></String>
          </TextLine>
        </TextBlock>
        <TextBlock HPOS="686.0"
                   VPOS="1212.0"
                   WIDTH="110.0"
                   HEIGHT="36.0"
                   ID="eSc_textblock_3da07d72-8a26-467e-9a0a-4cbc1cf196a2"
                   TAGREFS="BT17">
          <Shape><Polygon POINTS="796 1212 796 1248 686 1248 686 1213"/></Shape>
          <TextLine ID="eSc_line_104fd59e-8303-48ec-b7c8-613b32fee09d"
                    TAGREFS="LT8"
                    BASELINE="691 1228 784 1230" 
                    HPOS="690.0"
                    VPOS="1208.0"
                    WIDTH="94.0"
                    HEIGHT="38.0">
            <Shape><Polygon POINTS="690 1239 707 1245 708 1245 709 1245 755 1240 782 1246 784 1230 783 1213 703 1213 692 1208 691 1228 690 1239"/></Shape>
            <String CONTENT="moyens"
                    HPOS="690.0"
                    VPOS="1208.0"
                    WIDTH="94.0"
                    HEIGHT="38.0"
                    WC="0.9959635933240255"></String>
          </TextLine>
        </TextBlock>
      </PrintSpace>
    </Page>
  </Layout>
</alto>
