1000 1671
137.0 104.0 169.0 42.0 M. D. LXXIIII

276.0 157.0 669.0 42.0 quãd il plaira à vn homme. Quelle raiſon y auoit il que

276.0 181.0 669.0 48.0 Rome fuſt paree des deſpouilles du mõde? que lon y de¬

278.0 216.0 667.0 47.0 pẽdiſt en ſuperfluité ce dont on rẽdoit indigent vn peu

279.0 245.0 664.0 48.0 ple infini? Il n’y a droit qui en cela ne ſe trouuaſt violé,

278.0 275.0 665.0 49.0 & meſme ce qui eſt le pl9 fort, le plus anciẽ, & le pl9 che

276.0 307.0 668.0 50.0 ri de to9 les biens, & ſurquoy aucũ ne peut, ſelõ le droit

278.0 339.0 665.0 45.0 diuin & de nature, riẽ atenter, c’eſt la liberté, ſur laquel¬

278.0 371.0 666.0 46.0 le Dieu ſeul qui ſeul la dõnee a ſeul puiſſance. Le peuple

278.0 402.0 665.0 48.0 a iouy de cela deuãt qu’il y euſt prince creé. Dõc ſi l’on

280.0 436.0 663.0 47.0 venoit ſelon les reigles à diſputer qui a plus de droit ou

279.0 465.0 663.0 51.0 le prince de cõmãder à la republique, ou le peuple d’vſer

279.0 498.0 664.0 46.0 de ſa liberté, il ſe trouueroit que le peuple a plus de

279.0 532.0 663.0 48.0 droit à oſter la puiſſance du prince, que le prince n’en

280.0 562.0 661.0 46.0 a d’oſter la liberté du peuple: ſuiuant ce qui eſt dit que

285.0 594.0 559.0 52.0 plus fort & plus ancien droit doit eſtre preferé.

136.0 609.0 130.0 45.0 Eto Adria

504.0 99.0 280.0 56.0 Eſtat de France

134.0 579.0 136.0 41.0 Cod. de edi¬

136.0 646.0 126.0 39.0 ni tollend.l.

136.0 682.0 75.0 43.0 vnica.

312.0 633.0 629.0 39.0 C’eſt choſe reciproque, comme le ſuiet eſt tenu par

280.0 656.0 658.0 51.0 foy & hommage à ſon ſeigneur, auſſi auec pareille raiſõ

278.0 691.0 662.0 46.0 luy eſt tenu de le defendre d’oppreſſion, & ſi le ſeigneur

277.0 719.0 663.0 51.0 ne garde ſa foy à ſon ſuiet, & ne luy faict Iuſtice, il doit

276.0 751.0 665.0 48.0 eſtre priué de ſa ſeigneurie, & doit eſtre acquiſe à ſon

273.0 785.0 667.0 48.0 ſouueraĩ.22.queſt. vltima. S.1.cap.de forma extra de iure patro¬

273.0 817.0 666.0 47.0 natus. cap. peruenit de ſeudis. Dieu & la multitude du peu¬

274.0 846.0 666.0 52.0 ple qui ont eſleu & cõſtitué les princes ſont leurs ſouue

274.0 881.0 665.0 43.0 rains. Il eſt donc conuenable que en tel cas vn autre en

273.0 914.0 663.0 47.0 ſoit pourueu. Car toutes graces & priuileges ottroyees,

274.0 942.0 663.0 51.0 peuuent eſtre reuoquees, pour cauſes iuſtes, & raiſon¬

273.0 972.0 665.0 49.0 nables à qui que l’on les aye conferees. lxiü diſtinc. S ve¬

273.0 1006.0 665.0 47.0 rum. cap. Adrianus. La puiſſance eſtoit donnee grande

273.0 1037.0 665.0 50.0 aux maiſtres ſur les ſerfs, cõme l’on void par ce qui s’en

273.0 1068.0 664.0 53.0 eſt pratiqué: mais quoy qu’il ſoit dit par les loix que le

273.0 1101.0 664.0 49.0 maiſtre pouuoit exercer telle puiſſance qu’il vouloit ſus

273.0 1132.0 665.0 48.0 ſõ ſerf, ſi eſt ce que il luy eſtoit deffẽdu de le tuer ou mu

273.0 1164.0 661.0 50.0 tiler. ff. de his qui ſunt ſui vel alieni iuris. l. final. ff.l.1. ſedet ſi

272.0 1198.0 663.0 47.0 damnum. S.præterea. Et encores que la loy ne decerne pei¬

272.0 1227.0 662.0 48.0 ne ſur le tranſgreſſeur de ſon contenu ſi eſt-ce qu’elle y

272.0 1259.0 664.0 50.0 eſt entendue ſous l’arbitre du iuge, & arme celuy qui eſt

273.0 1292.0 662.0 45.0 violenté contre le droit naturel. Les princes ne ſe peu¬

272.0 1324.0 665.0 49.0 uent dire eſtre maiſtres des peuples ne ſuperieurs en tel¬

272.0 1355.0 665.0 45.0 le qualité & nonobſtant ils font pis: car ſans loy & ſans

272.0 1387.0 665.0 53.0 forme iudiciale ils font mourir les hommes, voire & re¬

838.0 1418.0 99.0 45.0 duiſent
