<?xml version="1.0" encoding="UTF-8"?>
<alto xmlns:xsi="http://www.w3.org/2001/XMLSchema-instance"
      xmlns="http://www.loc.gov/standards/alto/ns-v4#"
      xsi:schemaLocation="http://www.loc.gov/standards/alto/ns-v4# http://www.loc.gov/standards/alto/v4/alto-4-2.xsd">
  <Description>
    <MeasurementUnit>pixel</MeasurementUnit>
    <sourceImageInformation>
      <fileName>1_Discours_politiques_des_diverses_puissances_045.jpg</fileName>
    </sourceImageInformation>
  </Description>
  <Tags>
    <OtherTag ID="BT7" LABEL="CustomZone" DESCRIPTION="block type CustomZone"/><OtherTag ID="BT8" LABEL="DamageZone" DESCRIPTION="block type DamageZone"/><OtherTag ID="BT9" LABEL="DigitizationArtefactZone" DESCRIPTION="block type DigitizationArtefactZone"/><OtherTag ID="BT10" LABEL="DropCapitalZone" DESCRIPTION="block type DropCapitalZone"/><OtherTag ID="BT11" LABEL="GraphicZone" DESCRIPTION="block type GraphicZone"/><OtherTag ID="BT12" LABEL="MainZone" DESCRIPTION="block type MainZone"/><OtherTag ID="BT13" LABEL="MarginTextZone" DESCRIPTION="block type MarginTextZone"/><OtherTag ID="BT14" LABEL="MusicZone" DESCRIPTION="block type MusicZone"/><OtherTag ID="BT15" LABEL="NumberingZone" DESCRIPTION="block type NumberingZone"/><OtherTag ID="BT17" LABEL="QuireMarksZone" DESCRIPTION="block type QuireMarksZone"/><OtherTag ID="BT18" LABEL="RunningTitleZone" DESCRIPTION="block type RunningTitleZone"/><OtherTag ID="BT19" LABEL="SealZone" DESCRIPTION="block type SealZone"/><OtherTag ID="BT20" LABEL="StampZone" DESCRIPTION="block type StampZone"/><OtherTag ID="BT21" LABEL="TableZone" DESCRIPTION="block type TableZone"/><OtherTag ID="BT22" LABEL="TitlePageZone" DESCRIPTION="block type TitlePageZone"/><OtherTag ID="BT100006" LABEL="MainZone-Continued" DESCRIPTION="block type MainZone-Continued"/><OtherTag ID="BT100009" LABEL="MarginTextZone-Notes" DESCRIPTION="block type MarginTextZone-Notes"/><OtherTag ID="BT100005" LABEL="MainZone-P" DESCRIPTION="block type MainZone-P"/><OtherTag ID="BT100002" LABEL="MainZone-Lg" DESCRIPTION="block type MainZone-Lg"/><OtherTag ID="BT100001" LABEL="MainZone-Head" DESCRIPTION="block type MainZone-Head"/>
    <OtherTag ID="LT7" LABEL="CustomLine" DESCRIPTION="line type CustomLine"/><OtherTag ID="LT8" LABEL="DefaultLine" DESCRIPTION="line type DefaultLine"/><OtherTag ID="LT9" LABEL="DropCapitalLine" DESCRIPTION="line type DropCapitalLine"/><OtherTag ID="LT10" LABEL="HeadingLine" DESCRIPTION="line type HeadingLine"/><OtherTag ID="LT11" LABEL="InterlinearLine" DESCRIPTION="line type InterlinearLine"/><OtherTag ID="LT12" LABEL="MusicLine" DESCRIPTION="line type MusicLine"/><OtherTag ID="LT951" LABEL="default" DESCRIPTION="line type default"/>
  </Tags>
  <Layout>
    <Page WIDTH="1000"
          HEIGHT="1671"
          PHYSICAL_IMG_NR="60"
          ID="eSc_dummypage_">
      <PrintSpace HPOS="0"
                  VPOS="0"
                  WIDTH="1000"
                  HEIGHT="1671">
        <TextBlock HPOS="191.0"
                   VPOS="96.0"
                   WIDTH="302.0"
                   HEIGHT="49.0"
                   ID="eSc_textblock_9990fe8e-fc72-42f7-b249-3c381f51926c"
                   TAGREFS="BT18">
          <Shape><Polygon POINTS="493 96 493 145 191 145 191 96"/></Shape>
          <TextLine ID="eSc_line_828f14a4-b564-4435-ba11-4dc0567ec46f"
                    TAGREFS="LT8"
                    BASELINE="189 134 500 131" 
                    HPOS="189.0"
                    VPOS="90.0"
                    WIDTH="311.0"
                    HEIGHT="58.0">
            <Shape><Polygon POINTS="485 96 476 96 472 96 463 104 449 104 434 98 433 98 432 98 431 98 416 105 405 96 402 96 392 96 388 96 375 105 363 96 355 96 346 96 337 96 327 96 318 96 309 96 299 96 290 96 286 96 263 102 235 98 234 98 233 98 233 98 221 108 194 108 189 134 189 143 394 148 395 148 467 142 472 146 472 147 473 147 474 147 475 148 499 148 500 131 498 90 485 90 485 96"/></Shape>
            <String CONTENT="Sous Charles ix."
                    HPOS="189.0"
                    VPOS="90.0"
                    WIDTH="311.0"
                    HEIGHT="58.0"
                    WC="0.9992839768528938"></String>
          </TextLine>
        </TextBlock>
        <TextBlock HPOS="657.0"
                   VPOS="101.0"
                   WIDTH="81.0"
                   HEIGHT="44.0"
                   ID="eSc_textblock_419ebcaf-8e81-4aa5-ba47-15163b93f17f"
                   TAGREFS="BT15">
          <Shape><Polygon POINTS="738 101 738 145 657 145 657 101"/></Shape>
          <TextLine ID="eSc_line_47085f1d-d0ea-46eb-ad29-74d3586a6fd8"
                    TAGREFS="LT8"
                    BASELINE="659 130 729 130" 
                    HPOS="659.0"
                    VPOS="102.0"
                    WIDTH="70.0"
                    HEIGHT="47.0">
            <Shape><Polygon POINTS="724 102 714 102 705 102 696 102 687 102 677 102 675 102 659 102 659 130 659 143 697 149 698 149 699 149 700 149 700 148 705 142 729 142 729 130 728 102 724 102"/></Shape>
            <String CONTENT="170"
                    HPOS="659.0"
                    VPOS="102.0"
                    WIDTH="70.0"
                    HEIGHT="47.0"
                    WC="0.9999137918154398"></String>
          </TextLine>
        </TextBlock>
        <TextBlock HPOS="59.0"
                   VPOS="150.0"
                   WIDTH="675.0"
                   HEIGHT="1244.0"
                   ID="eSc_textblock_59831ceb-2491-4aa7-a00b-da98c449e497"
                   TAGREFS="BT100006">
          <Shape><Polygon POINTS="59 153 734 150 731 1380 59 1394 59 158"/></Shape>
          <TextLine ID="eSc_line_6b60cfa2-6116-4a56-b038-ed8d75609361"
                    TAGREFS="LT8"
                    BASELINE="62 173 730 168" 
                    HPOS="61.0"
                    VPOS="158.0"
                    WIDTH="669.0"
                    HEIGHT="31.0">
            <Shape><Polygon POINTS="720 158 711 158 701 158 692 158 683 158 674 158 664 158 655 158 646 158 636 158 627 158 618 158 609 158 599 158 590 158 581 158 571 158 562 158 553 158 544 158 534 158 525 158 516 158 506 158 497 158 488 158 479 158 469 158 460 158 451 158 441 158 432 158 423 158 414 158 404 158 395 158 386 158 376 158 367 158 358 158 349 158 339 158 330 158 321 158 311 158 302 158 293 158 284 158 274 158 265 158 256 158 246 158 237 158 228 158 219 158 209 158 200 158 193 158 61 158 62 173 62 184 76 189 77 189 77 189 207 183 253 188 254 188 255 188 272 183 327 188 328 188 329 188 342 182 360 187 361 187 362 187 462 181 493 186 493 186 525 181 532 186 533 186 534 186 535 186 730 181 730 168 727 158 720 158"/></Shape>
            <String CONTENT="à commander es monarchies? à la verité quand il n’y"
                    HPOS="61.0"
                    VPOS="158.0"
                    WIDTH="669.0"
                    HEIGHT="31.0"
                    WC="0.9816660803777201"></String>
          </TextLine>
          <TextLine ID="eSc_line_cb2d3d51-ba88-4afc-8bba-ec0791952b36"
                    TAGREFS="LT8"
                    BASELINE="60 205 728 200" 
                    HPOS="59.0"
                    VPOS="178.0"
                    WIDTH="669.0"
                    HEIGHT="42.0">
            <Shape><Polygon POINTS="60 205 60 215 73 220 74 220 75 220 76 220 95 215 168 220 168 220 169 220 194 214 200 220 201 220 202 220 203 220 234 220 234 220 235 220 236 220 246 214 306 220 307 220 308 220 309 220 313 215 324 220 325 220 326 220 378 213 441 219 442 219 469 214 509 218 510 218 556 213 570 218 571 218 571 218 597 212 669 216 670 216 727 210 728 200 726 183 583 183 572 178 571 178 571 178 512 178 511 178 475 183 462 178 461 178 460 178 459 178 445 184 335 179 334 179 333 179 318 185 269 180 268 180 227 185 196 180 195 180 194 180 175 186 169 181 168 181 168 181 167 181 166 181 155 185 59 181 60 205"/></Shape>
            <String CONTENT="auroit que la pratique, ſans autre loy, raiſon ne autori¬"
                    HPOS="59.0"
                    VPOS="178.0"
                    WIDTH="669.0"
                    HEIGHT="42.0"
                    WC="0.9975519891370807"></String>
          </TextLine>
          <TextLine ID="eSc_line_e2781406-8ef3-48a8-96c5-321ef0be6fe2"
                    TAGREFS="LT8"
                    BASELINE="60 236 729 233" 
                    HPOS="59.0"
                    VPOS="208.0"
                    WIDTH="670.0"
                    HEIGHT="43.0">
            <Shape><Polygon POINTS="60 236 60 246 72 251 73 251 74 251 102 246 160 249 161 249 268 245 275 250 276 250 277 250 278 250 279 250 298 245 309 249 310 249 311 249 343 246 349 250 350 250 350 250 351 250 416 245 553 249 554 249 555 249 573 243 727 246 729 233 727 216 683 216 666 208 665 208 664 208 663 208 650 216 622 216 613 208 612 208 611 208 580 208 579 208 543 216 529 209 528 209 527 209 482 216 474 209 473 209 472 209 448 209 447 209 416 216 395 209 394 209 393 209 392 209 391 209 382 218 293 218 285 210 284 210 283 210 243 210 242 210 241 210 215 218 83 211 82 211 81 211 59 219 60 236"/></Shape>
            <String CONTENT="té, ſi eſt-ce que les hommes ſont bien dignes du mal que"
                    HPOS="59.0"
                    VPOS="208.0"
                    WIDTH="670.0"
                    HEIGHT="43.0"
                    WC="0.9810075707602919"></String>
          </TextLine>
          <TextLine ID="eSc_line_d1bdcc2d-977b-4e8e-89d2-a81a22249ba6"
                    TAGREFS="LT8"
                    BASELINE="61 268 731 264" 
                    HPOS="60.0"
                    VPOS="241.0"
                    WIDTH="671.0"
                    HEIGHT="43.0">
            <Shape><Polygon POINTS="61 268 61 282 284 283 285 283 285 283 286 283 292 278 334 278 342 283 343 283 344 283 345 284 395 284 395 283 449 277 561 282 562 282 563 282 583 276 606 281 607 281 731 274 731 264 728 241 612 246 569 241 568 241 567 241 566 241 566 242 558 247 506 242 506 242 505 242 504 242 498 247 447 247 413 242 412 242 411 242 391 248 275 243 274 243 273 243 272 243 264 249 227 249 83 244 82 244 81 244 60 250 61 268"/></Shape>
            <String CONTENT="produit ce lexe quand la perſonne eſt employee contre"
                    HPOS="60.0"
                    VPOS="241.0"
                    WIDTH="671.0"
                    HEIGHT="43.0"
                    WC="0.9884956467826411"></String>
          </TextLine>
          <TextLine ID="eSc_line_947551c4-f709-4583-9617-e1f5e21e3c98"
                    TAGREFS="LT8"
                    BASELINE="61 300 730 297" 
                    HPOS="60.0"
                    VPOS="273.0"
                    WIDTH="670.0"
                    HEIGHT="39.0">
            <Shape><Polygon POINTS="61 300 61 312 729 309 730 297 728 275 706 273 705 273 704 273 703 273 694 280 685 273 684 273 683 273 682 273 681 273 658 279 650 273 649 273 649 273 609 273 608 273 607 273 588 279 573 273 572 273 571 273 571 273 570 273 570 274 562 281 514 281 467 274 466 274 465 274 464 274 455 281 392 276 391 276 363 281 319 274 318 274 317 274 316 274 316 275 309 282 263 282 250 275 249 275 248 275 247 275 233 283 209 283 202 276 202 275 201 275 200 275 199 275 172 280 128 275 127 275 60 281 61 300"/></Shape>
            <String CONTENT="ſon aptitude. Ie ne dy pas qu’es lieux, où les loix &amp;"
                    HPOS="60.0"
                    VPOS="273.0"
                    WIDTH="670.0"
                    HEIGHT="39.0"
                    WC="0.9945456109665058"></String>
          </TextLine>
          <TextLine ID="eSc_line_d0114510-1a4c-41fd-b72b-edb3de0c77bb"
                    TAGREFS="LT8"
                    BASELINE="61 331 729 328" 
                    HPOS="60.0"
                    VPOS="305.0"
                    WIDTH="669.0"
                    HEIGHT="41.0">
            <Shape><Polygon POINTS="61 331 61 340 123 340 142 346 142 346 143 346 200 340 239 346 240 346 241 346 264 340 281 346 282 346 283 346 284 346 285 346 294 340 307 345 308 345 309 346 341 346 341 345 342 345 343 345 352 339 367 345 368 345 369 346 503 346 503 345 504 345 505 345 505 344 510 339 648 344 649 344 728 337 729 328 727 310 597 305 596 305 595 305 594 305 588 310 534 310 506 305 506 305 470 310 371 306 370 306 369 306 368 306 363 310 195 307 194 307 159 311 148 307 147 307 146 307 145 307 144 307 138 311 105 307 104 307 60 311 61 331"/></Shape>
            <String CONTENT="couſtumes le portent ainſi, les peuples ne puiſſent l’en¬"
                    HPOS="60.0"
                    VPOS="305.0"
                    WIDTH="669.0"
                    HEIGHT="41.0"
                    WC="0.9979689142160248"></String>
          </TextLine>
          <TextLine ID="eSc_line_5a4fc83c-e963-4739-9233-54b1717c053b"
                    TAGREFS="LT8"
                    BASELINE="61 363 730 361" 
                    HPOS="60.0"
                    VPOS="336.0"
                    WIDTH="670.0"
                    HEIGHT="41.0">
            <Shape><Polygon POINTS="61 363 61 372 205 377 206 377 232 373 263 377 264 377 329 372 340 376 341 376 342 377 473 377 473 376 729 369 730 361 728 337 625 336 624 336 583 342 550 336 549 336 548 336 532 343 430 343 420 336 419 336 418 336 390 336 389 336 355 343 346 336 345 336 344 336 317 336 316 336 282 344 221 338 220 338 220 338 207 345 114 345 104 337 103 337 103 337 70 337 69 337 68 337 67 337 60 342 61 363"/></Shape>
            <String CONTENT="ſuiure: car tels peuples y a il de qui les mœurs ſe ſauent"
                    HPOS="60.0"
                    VPOS="336.0"
                    WIDTH="670.0"
                    HEIGHT="41.0"
                    WC="0.997046481946419"></String>
          </TextLine>
          <TextLine ID="eSc_line_3da5e121-ada7-401b-9003-3a1aa761f0da"
                    TAGREFS="LT8"
                    BASELINE="62 393 732 391" 
                    HPOS="61.0"
                    VPOS="368.0"
                    WIDTH="671.0"
                    HEIGHT="37.0">
            <Shape><Polygon POINTS="62 393 62 403 730 405 732 391 730 371 706 368 705 368 704 368 694 374 687 368 686 368 685 368 659 368 658 368 657 368 639 375 590 368 589 368 588 368 575 375 567 368 566 368 565 368 564 368 563 368 546 373 542 368 541 368 540 368 475 368 474 368 473 368 472 368 464 375 438 371 437 371 378 375 362 369 361 369 360 369 359 369 358 369 349 376 300 376 287 370 286 370 285 370 285 370 284 370 275 376 170 376 162 370 161 370 160 370 159 370 133 375 76 369 75 369 74 369 61 375 62 393"/></Shape>
            <String CONTENT="comporter ainſi, &amp; meſme quand les loix tiennent la"
                    HPOS="61.0"
                    VPOS="368.0"
                    WIDTH="671.0"
                    HEIGHT="37.0"
                    WC="0.9963050835272845"></String>
          </TextLine>
          <TextLine ID="eSc_line_c873776d-56f8-4435-b499-4c65c4680f40"
                    TAGREFS="LT8"
                    BASELINE="62 426 732 423" 
                    HPOS="61.0"
                    VPOS="399.0"
                    WIDTH="671.0"
                    HEIGHT="39.0">
            <Shape><Polygon POINTS="62 426 62 437 730 438 732 423 730 399 675 399 675 399 674 399 673 399 662 405 637 399 636 399 636 399 599 406 506 407 408 407 399 400 398 400 397 400 396 400 395 400 379 407 328 407 319 400 318 400 317 400 285 400 284 400 283 400 282 400 269 408 253 408 246 401 246 401 245 401 244 401 243 401 207 407 173 401 172 401 171 401 151 407 116 401 116 401 61 401 62 426"/></Shape>
            <String CONTENT="bride courte &amp; qu’elles ne ſont corrompues, &amp; ſur tout"
                    HPOS="61.0"
                    VPOS="399.0"
                    WIDTH="671.0"
                    HEIGHT="39.0"
                    WC="0.9743404388427734"></String>
          </TextLine>
          <TextLine ID="eSc_line_590bd5b1-6bcd-4ae3-a632-8ce6a6c504e7"
                    TAGREFS="LT8"
                    BASELINE="63 456 732 456" 
                    HPOS="63.0"
                    VPOS="432.0"
                    WIDTH="669.0"
                    HEIGHT="41.0">
            <Shape><Polygon POINTS="63 456 63 467 69 472 70 472 71 472 72 472 134 466 152 472 153 472 154 473 197 473 197 472 198 472 199 472 205 467 236 472 237 473 448 473 448 472 449 472 467 466 493 472 494 472 590 466 601 472 602 472 603 472 604 472 616 466 666 471 667 471 732 466 732 456 732 432 602 432 601 432 600 432 599 432 588 440 532 440 521 432 520 432 519 432 486 432 485 432 484 432 483 432 483 433 477 439 463 432 462 432 461 432 413 440 254 440 232 432 231 432 230 432 229 432 228 432 217 440 197 440 189 432 188 432 187 432 138 432 137 432 92 439 83 432 82 432 81 432 80 432 63 433 63 456"/></Shape>
            <String CONTENT="quand par tel gouuernement il n’eſt encores auenu"
                    HPOS="63.0"
                    VPOS="432.0"
                    WIDTH="669.0"
                    HEIGHT="41.0"
                    WC="0.9701817424929872"></String>
          </TextLine>
          <TextLine ID="eSc_line_f6efa925-1201-4f81-8ef5-5303b70e36d3"
                    TAGREFS="LT8"
                    BASELINE="60 490 730 486" 
                    HPOS="59.0"
                    VPOS="462.0"
                    WIDTH="671.0"
                    HEIGHT="40.0">
            <Shape><Polygon POINTS="60 490 60 499 561 502 562 502 606 496 655 501 656 501 729 495 730 486 728 467 619 462 618 462 561 467 551 463 550 463 549 463 452 467 419 463 418 463 385 468 347 464 346 464 345 464 329 468 323 464 322 464 321 464 320 464 319 464 301 469 247 469 237 464 236 464 235 464 173 469 151 465 150 465 59 467 60 490"/></Shape>
            <String CONTENT="ſcandale notable en l’eſtat. Mais s’il eſtoit queſtion d’e¬"
                    HPOS="59.0"
                    VPOS="462.0"
                    WIDTH="671.0"
                    HEIGHT="40.0"
                    WC="0.9935205942493374"></String>
          </TextLine>
          <TextLine ID="eSc_line_d485ee03-9b91-4f12-b903-0360c65d7406"
                    TAGREFS="LT8"
                    BASELINE="61 519 728 518" 
                    HPOS="60.0"
                    VPOS="492.0"
                    WIDTH="668.0"
                    HEIGHT="43.0">
            <Shape><Polygon POINTS="61 519 62 535 76 531 727 533 728 518 726 496 687 499 663 492 662 492 662 492 661 492 646 499 621 492 620 492 619 492 571 499 549 492 548 492 437 492 436 492 435 492 434 492 423 499 294 495 293 495 227 500 208 493 207 493 207 493 206 493 205 493 194 501 153 501 136 493 135 493 66 493 65 493 64 493 64 493 60 496 61 519"/></Shape>
            <String CONTENT="ſtablir vn eſtat nouueau il ne ſeroit raiſonnable de s’y"
                    HPOS="60.0"
                    VPOS="492.0"
                    WIDTH="668.0"
                    HEIGHT="43.0"
                    WC="0.9969120962279183"></String>
          </TextLine>
          <TextLine ID="eSc_line_1acfbf71-cb95-405a-93b1-b6c721fe5bdf"
                    TAGREFS="LT8"
                    BASELINE="62 553 730 550" 
                    HPOS="61.0"
                    VPOS="526.0"
                    WIDTH="669.0"
                    HEIGHT="43.0">
            <Shape><Polygon POINTS="62 553 62 564 158 563 169 568 170 568 171 568 229 563 258 569 259 569 336 562 374 568 375 568 376 568 391 562 441 568 441 568 442 568 460 563 587 567 588 567 589 567 605 562 681 567 682 567 683 567 684 567 693 561 729 561 730 550 729 532 706 526 705 526 704 526 703 526 691 531 611 526 610 526 610 526 609 526 603 531 586 527 585 527 584 527 584 527 583 527 575 531 547 528 546 528 389 532 347 527 346 527 345 527 344 527 338 532 283 533 249 528 248 528 151 533 61 529 62 553"/></Shape>
            <String CONTENT="ſoumettre. La femme regie &amp; retenue par quelque puiſ¬"
                    HPOS="61.0"
                    VPOS="526.0"
                    WIDTH="669.0"
                    HEIGHT="43.0"
                    WC="0.9868851416515854"></String>
          </TextLine>
          <TextLine ID="eSc_line_5acce95d-2562-41ff-8566-ae8338839bc7"
                    TAGREFS="LT8"
                    BASELINE="63 583 730 582" 
                    HPOS="62.0"
                    VPOS="557.0"
                    WIDTH="668.0"
                    HEIGHT="39.0">
            <Shape><Polygon POINTS="63 583 63 594 728 596 730 582 727 562 675 563 666 557 665 557 664 557 663 557 662 557 636 563 610 557 609 557 608 557 607 557 584 563 535 557 534 557 533 557 532 557 524 564 488 564 477 557 476 557 475 557 474 557 445 562 396 557 395 557 394 557 393 557 393 558 387 565 305 565 285 558 284 558 283 558 248 564 233 557 232 557 141 557 140 557 139 557 125 563 62 560 63 583"/></Shape>
            <String CONTENT="ſance prochaine eſt propre à manſuetude &amp; à conſeruer"
                    HPOS="62.0"
                    VPOS="557.0"
                    WIDTH="668.0"
                    HEIGHT="39.0"
                    WC="0.9977069995620034"></String>
          </TextLine>
          <TextLine ID="eSc_line_717e3827-c212-4811-bebf-b38c95ac88e2"
                    TAGREFS="LT8"
                    BASELINE="62 616 730 613" 
                    HPOS="61.0"
                    VPOS="588.0"
                    WIDTH="669.0"
                    HEIGHT="41.0">
            <Shape><Polygon POINTS="62 616 62 628 728 629 730 613 728 592 706 588 705 588 665 594 648 588 647 588 646 588 645 588 622 594 589 588 588 588 587 588 575 595 504 595 493 589 493 589 492 589 424 589 423 589 422 589 402 595 378 589 377 589 376 589 376 589 375 589 368 595 340 590 339 590 338 590 337 590 331 595 253 595 237 590 236 590 235 590 234 590 218 595 197 590 196 590 195 590 143 595 104 590 103 590 103 590 85 595 61 591 62 616"/></Shape>
            <String CONTENT="la paix: mais ſi contre le decret de nature elle eſt miſe"
                    HPOS="61.0"
                    VPOS="588.0"
                    WIDTH="669.0"
                    HEIGHT="41.0"
                    WC="0.9935308517071239"></String>
          </TextLine>
          <TextLine ID="eSc_line_ecd72bd0-c860-4828-bf6f-09a72af7d823"
                    TAGREFS="LT8"
                    BASELINE="63 647 730 644" 
                    HPOS="62.0"
                    VPOS="619.0"
                    WIDTH="668.0"
                    HEIGHT="41.0">
            <Shape><Polygon POINTS="63 647 63 660 729 659 730 644 728 626 695 619 694 619 655 623 619 619 618 619 589 626 493 626 467 620 466 620 465 620 464 620 455 626 373 621 372 621 296 627 273 621 272 621 272 621 238 627 207 623 206 623 205 623 204 623 198 629 168 629 157 621 156 621 155 621 108 621 107 621 106 621 105 621 99 627 76 622 75 622 74 622 62 628 63 647"/></Shape>
            <String CONTENT="en ſa propre &amp; pleine puiſſance, ſans autre reſtrinction"
                    HPOS="62.0"
                    VPOS="619.0"
                    WIDTH="668.0"
                    HEIGHT="41.0"
                    WC="0.9854344129562378"></String>
          </TextLine>
          <TextLine ID="eSc_line_4c4bdab6-47ac-45ee-a384-9bfa9acca464"
                    TAGREFS="LT8"
                    BASELINE="62 678 729 676" 
                    HPOS="61.0"
                    VPOS="653.0"
                    WIDTH="668.0"
                    HEIGHT="35.0">
            <Shape><Polygon POINTS="62 678 62 688 728 686 729 676 727 653 61 657 62 678"/></Shape>
            <String CONTENT="que de ſa vertu, iamais ne fut &amp; ne peut eſtre (ſi ce n’e¬"
                    HPOS="61.0"
                    VPOS="653.0"
                    WIDTH="668.0"
                    HEIGHT="35.0"
                    WC="0.9920343890272337"></String>
          </TextLine>
          <TextLine ID="eSc_line_8445ece8-6a02-41fe-acc2-994a44be1a02"
                    TAGREFS="LT8"
                    BASELINE="62 709 731 707" 
                    HPOS="61.0"
                    VPOS="683.0"
                    WIDTH="670.0"
                    HEIGHT="41.0">
            <Shape><Polygon POINTS="62 709 62 718 394 724 395 724 396 724 418 718 440 723 441 723 473 717 558 717 579 723 580 723 581 723 731 717 731 707 729 688 679 683 634 683 633 683 632 683 631 683 625 687 341 684 340 684 339 684 324 688 301 684 300 684 299 684 287 688 263 684 262 684 261 684 260 684 253 688 61 685 62 709"/></Shape>
            <String CONTENT="ſtoit que Dieu changeaſt l’ordre des choſes) qu’elle ne"
                    HPOS="61.0"
                    VPOS="683.0"
                    WIDTH="670.0"
                    HEIGHT="41.0"
                    WC="0.99104548367587"></String>
          </TextLine>
          <TextLine ID="eSc_line_8dd25e6f-7c81-4d73-b7f1-d3397ab3a734"
                    TAGREFS="LT8"
                    BASELINE="61 740 729 738" 
                    HPOS="60.0"
                    VPOS="712.0"
                    WIDTH="669.0"
                    HEIGHT="45.0">
            <Shape><Polygon POINTS="61 740 61 751 155 756 156 756 179 751 189 756 190 756 191 756 192 756 193 756 199 751 231 757 232 757 309 752 336 757 337 757 337 757 338 757 348 751 366 757 367 757 368 757 441 751 462 755 463 755 464 755 480 751 504 756 505 756 506 756 538 751 557 756 558 756 558 757 622 757 622 756 623 756 645 751 727 754 729 738 727 712 570 719 549 712 548 712 547 712 519 719 504 712 503 712 502 712 462 719 453 712 452 712 451 712 428 712 428 712 392 720 354 714 353 714 298 720 289 713 288 713 287 713 286 713 285 713 272 721 220 721 173 713 172 713 134 720 116 713 115 713 114 713 113 713 94 720 69 713 68 713 67 713 66 713 65 713 65 714 60 719 61 740"/></Shape>
            <String CONTENT="declinaſt à ce que ſon infirmité &amp; defaut la poulſe. On al"
                    HPOS="60.0"
                    VPOS="712.0"
                    WIDTH="669.0"
                    HEIGHT="45.0"
                    WC="0.9763617753982544"></String>
          </TextLine>
          <TextLine ID="eSc_line_00d3a5fe-b5ba-4d82-a3aa-3a241bb0b340"
                    TAGREFS="LT8"
                    BASELINE="61 772 729 770" 
                    HPOS="60.0"
                    VPOS="750.0"
                    WIDTH="669.0"
                    HEIGHT="38.0">
            <Shape><Polygon POINTS="61 772 61 784 365 788 366 788 424 783 454 787 455 787 456 787 457 787 465 781 500 787 501 787 540 781 728 781 729 770 727 752 60 750 61 772"/></Shape>
            <String CONTENT="leguera Debora en Iſrael, comme vn grain meur en vne"
                    HPOS="60.0"
                    VPOS="750.0"
                    WIDTH="669.0"
                    HEIGHT="38.0"
                    WC="0.9989600903712786"></String>
          </TextLine>
          <TextLine ID="eSc_line_5d2d5594-e40c-4ce8-9035-14b2c11a8db3"
                    TAGREFS="LT8"
                    BASELINE="62 805 728 802" 
                    HPOS="61.0"
                    VPOS="777.0"
                    WIDTH="667.0"
                    HEIGHT="46.0">
            <Shape><Polygon POINTS="62 805 62 817 75 822 76 822 77 822 77 822 96 816 104 822 105 822 106 822 107 823 130 823 130 822 131 822 132 822 141 816 147 821 148 821 149 821 227 822 228 822 229 822 257 815 277 821 278 821 279 821 324 816 362 821 363 821 396 814 430 820 431 820 477 814 521 820 522 820 523 820 524 820 533 814 576 819 577 820 609 820 609 819 610 819 610 819 610 818 618 813 647 819 648 820 674 820 674 819 675 819 675 819 686 813 727 816 728 802 727 781 622 777 621 777 593 783 561 777 560 777 559 777 533 784 519 779 518 779 517 779 516 779 515 779 509 785 452 785 412 778 411 778 410 778 387 786 342 786 316 779 315 779 314 779 313 779 304 786 216 786 204 780 203 780 202 780 201 780 189 785 168 780 167 780 166 780 165 780 155 787 96 787 61 781 62 805"/></Shape>
            <String CONTENT="grappe d’aigret: autant en dira-on de Tongris, Zeur¬"
                    HPOS="61.0"
                    VPOS="777.0"
                    WIDTH="667.0"
                    HEIGHT="46.0"
                    WC="0.9977854593442037"></String>
          </TextLine>
          <TextLine ID="eSc_line_7a83824b-3c38-4f01-aea5-6252e9e64ccc"
                    TAGREFS="LT8"
                    BASELINE="61 837 727 833" 
                    HPOS="60.0"
                    VPOS="810.0"
                    WIDTH="667.0"
                    HEIGHT="42.0">
            <Shape><Polygon POINTS="61 837 61 847 219 852 220 852 220 852 221 852 229 847 354 851 355 851 388 846 428 850 428 850 429 850 440 845 467 850 468 850 469 850 480 845 514 850 515 850 560 844 638 844 649 849 649 849 650 849 651 849 669 844 696 849 697 849 726 843 727 833 725 816 612 810 611 810 610 810 610 810 603 815 472 811 471 811 419 816 393 811 392 811 342 816 234 812 233 812 233 812 232 812 223 817 83 813 82 813 81 813 60 818 61 837"/></Shape>
            <String CONTENT="bie &amp; autres. Et quant à Debora, faut conſiderer que"
                    HPOS="60.0"
                    VPOS="810.0"
                    WIDTH="667.0"
                    HEIGHT="42.0"
                    WC="0.9812488128554147"></String>
          </TextLine>
          <TextLine ID="eSc_line_04d67b9a-057b-4823-a98a-b6784901b0c1"
                    TAGREFS="LT8"
                    BASELINE="61 867 727 865" 
                    HPOS="60.0"
                    VPOS="841.0"
                    WIDTH="667.0"
                    HEIGHT="41.0">
            <Shape><Polygon POINTS="61 867 61 877 88 881 89 881 116 877 126 882 127 882 128 882 129 882 180 877 200 882 201 882 202 882 262 877 356 881 357 881 358 881 370 876 386 881 387 881 388 881 504 876 580 880 581 880 582 880 583 880 589 875 726 879 727 865 727 846 708 841 707 841 706 841 705 841 693 845 643 841 642 841 564 845 60 845 61 867"/></Shape>
            <String CONTENT="elle eſtoit donee d’vn don ſpecial de prophetie qui la"
                    HPOS="60.0"
                    VPOS="841.0"
                    WIDTH="667.0"
                    HEIGHT="41.0"
                    WC="0.9869285954369439"></String>
          </TextLine>
          <TextLine ID="eSc_line_d3de876c-f87d-4724-b596-9054b188b9db"
                    TAGREFS="LT8"
                    BASELINE="61 898 419 900 726 894" 
                    HPOS="61.0"
                    VPOS="871.0"
                    WIDTH="665.0"
                    HEIGHT="42.0">
            <Shape><Polygon POINTS="61 909 446 913 447 913 448 913 466 907 581 907 594 912 595 912 596 912 597 912 609 906 725 906 726 894 724 874 681 871 680 871 679 871 656 877 619 872 618 872 617 872 603 877 590 872 589 872 588 872 587 872 586 872 576 879 511 879 456 872 455 872 421 873 420 873 419 873 412 880 253 880 218 874 217 874 216 874 205 880 183 874 182 874 181 874 155 880 143 874 142 874 61 874 61 898 61 909"/></Shape>
            <String CONTENT="rendoit capable, &amp; outre cela ſe desfiant de ſon inſir¬"
                    HPOS="61.0"
                    VPOS="871.0"
                    WIDTH="665.0"
                    HEIGHT="42.0"
                    WC="0.9988893909887834"></String>
          </TextLine>
          <TextLine ID="eSc_line_e9ab152d-c3f3-4165-a1f3-c2374346cdb6"
                    TAGREFS="LT8"
                    BASELINE="60 931 726 929" 
                    HPOS="59.0"
                    VPOS="904.0"
                    WIDTH="667.0"
                    HEIGHT="43.0">
            <Shape><Polygon POINTS="60 931 60 940 113 946 114 947 244 947 244 946 245 946 259 941 294 946 295 946 411 945 412 945 413 945 420 940 524 945 525 945 526 945 547 940 586 945 587 945 588 945 611 940 725 942 726 929 724 907 609 904 608 904 579 910 530 905 529 905 528 905 515 911 469 911 442 905 441 905 441 905 440 905 431 910 387 906 386 906 295 911 281 905 280 905 279 905 278 905 259 911 243 906 242 906 241 906 195 911 188 906 188 905 187 905 186 905 165 905 164 905 129 911 120 906 119 906 118 906 84 905 83 905 82 905 59 912 60 931"/></Shape>
            <String CONTENT="mité elle requit Barac de luy eſtre comme aſſeſſeur: la"
                    HPOS="59.0"
                    VPOS="904.0"
                    WIDTH="667.0"
                    HEIGHT="43.0"
                    WC="0.9899478214127677"></String>
          </TextLine>
          <TextLine ID="eSc_line_19ac24d2-3807-4e11-a76a-3c81f2354c9c"
                    TAGREFS="LT8"
                    BASELINE="60 961 721 958" 
                    HPOS="59.0"
                    VPOS="936.0"
                    WIDTH="662.0"
                    HEIGHT="39.0">
            <Shape><Polygon POINTS="60 961 60 975 720 972 721 958 719 938 691 936 690 936 689 936 674 943 626 936 625 936 624 936 607 943 592 936 591 936 590 936 589 936 588 936 577 944 529 944 513 936 512 936 511 936 474 942 441 937 441 937 440 937 439 937 439 938 432 944 421 937 420 937 419 937 418 937 397 945 301 945 289 939 288 939 287 939 286 939 271 945 222 945 215 939 215 938 214 938 213 938 212 938 185 943 168 938 168 938 167 938 166 938 165 938 155 945 59 939 60 961"/></Shape>
            <String CONTENT="nature n’enſeigne point que la femme commande aux"
                    HPOS="59.0"
                    VPOS="936.0"
                    WIDTH="662.0"
                    HEIGHT="39.0"
                    WC="0.9906325863332165"></String>
          </TextLine>
          <TextLine ID="eSc_line_4ffcd288-cb18-4baf-875b-f80c8506aca2"
                    TAGREFS="LT8"
                    BASELINE="59 994 724 991" 
                    HPOS="59.0"
                    VPOS="967.0"
                    WIDTH="665.0"
                    HEIGHT="43.0">
            <Shape><Polygon POINTS="59 994 59 1004 168 1004 194 1010 195 1010 279 1010 279 1010 280 1010 294 1004 318 1009 319 1009 347 1003 451 1009 452 1009 480 1004 499 1009 500 1009 501 1009 561 1003 612 1008 613 1008 614 1008 615 1008 624 1002 694 1008 695 1008 724 1000 724 991 721 967 666 972 635 967 634 967 633 967 617 973 588 967 537 967 536 967 535 967 512 973 481 968 480 968 480 968 479 968 479 969 472 974 461 969 460 969 459 969 458 969 446 975 365 975 354 968 353 968 352 968 351 968 350 968 350 968 342 972 297 968 296 968 295 968 278 976 227 976 212 970 211 970 210 970 209 970 208 970 202 976 123 976 97 969 96 969 95 969 64 975 59 994"/></Shape>
            <String CONTENT="hommes: &amp; la raiſon ne requiert point que le plus"
                    HPOS="59.0"
                    VPOS="967.0"
                    WIDTH="665.0"
                    HEIGHT="43.0"
                    WC="0.9988235393349005"></String>
          </TextLine>
          <TextLine ID="eSc_line_c292588e-fa54-4ed1-9d22-b4f73ed3ecc9"
                    TAGREFS="LT8"
                    BASELINE="59 1025 722 1023" 
                    HPOS="59.0"
                    VPOS="999.0"
                    WIDTH="663.0"
                    HEIGHT="42.0">
            <Shape><Polygon POINTS="59 1025 59 1036 214 1041 215 1041 216 1041 217 1041 224 1036 263 1041 264 1041 310 1036 316 1040 317 1040 318 1040 319 1040 376 1036 426 1040 427 1040 504 1035 565 1039 566 1039 721 1034 722 1023 721 1006 705 999 704 999 703 999 575 1005 567 999 566 999 565 999 531 999 530 999 529 999 528 999 520 1005 474 1000 473 1000 472 1000 471 1000 464 1007 434 1007 424 1000 423 1000 422 1000 421 1000 420 1000 419 1000 413 1007 392 1007 377 1000 376 1000 376 1000 295 1006 282 1000 281 1000 280 1000 279 1000 262 1007 240 1001 239 1001 238 1001 237 1001 224 1008 135 1008 128 1001 127 1001 126 1001 71 1001 70 1001 69 1001 68 1001 64 1003 59 1025"/></Shape>
            <String CONTENT="debile porte les charges du plus fort. Quant à l’œco¬"
                    HPOS="59.0"
                    VPOS="999.0"
                    WIDTH="663.0"
                    HEIGHT="42.0"
                    WC="0.9871965183152093"></String>
          </TextLine>
          <TextLine ID="eSc_line_a1835c01-1eaf-48c5-ab35-c11d08f05517"
                    TAGREFS="LT8"
                    BASELINE="58 1058 722 1053" 
                    HPOS="57.0"
                    VPOS="1030.0"
                    WIDTH="665.0"
                    HEIGHT="38.0">
            <Shape><Polygon POINTS="58 1058 58 1068 721 1063 722 1053 720 1030 615 1030 614 1030 613 1030 586 1037 515 1031 514 1031 513 1031 488 1037 479 1031 478 1031 477 1031 476 1031 475 1031 461 1037 429 1032 428 1032 428 1032 427 1032 427 1033 419 1039 356 1039 347 1033 346 1033 345 1033 344 1033 343 1033 321 1040 194 1040 184 1034 183 1034 182 1034 181 1034 146 1040 106 1040 94 1034 93 1034 92 1034 57 1038 58 1058"/></Shape>
            <String CONTENT="nomie elle y a autorité naturellement, comme aide"
                    HPOS="57.0"
                    VPOS="1030.0"
                    WIDTH="665.0"
                    HEIGHT="38.0"
                    WC="0.9975949287414551"></String>
          </TextLine>
          <TextLine ID="eSc_line_8f1cf9d6-5a80-4c1d-a26e-a5a4dcba5378"
                    TAGREFS="LT8"
                    BASELINE="58 1091 722 1085" 
                    HPOS="57.0"
                    VPOS="1060.0"
                    WIDTH="665.0"
                    HEIGHT="46.0">
            <Shape><Polygon POINTS="58 1091 58 1102 86 1101 110 1106 111 1106 112 1106 147 1101 159 1105 160 1105 161 1105 219 1100 270 1104 271 1104 272 1104 283 1100 298 1104 299 1104 300 1104 301 1104 302 1104 311 1099 332 1104 333 1104 334 1104 399 1099 436 1103 437 1103 468 1097 531 1102 532 1102 595 1096 603 1101 604 1101 605 1101 606 1101 695 1101 696 1101 722 1093 722 1085 720 1066 648 1060 647 1060 618 1066 555 1061 554 1061 553 1061 552 1061 545 1065 489 1062 488 1062 487 1062 474 1067 457 1062 456 1062 455 1062 454 1062 435 1068 405 1062 404 1062 354 1067 343 1062 342 1062 341 1062 302 1063 301 1063 300 1063 291 1069 101 1066 100 1066 57 1072 58 1091"/></Shape>
            <String CONTENT="au pere, &amp; le repreſentant: mais c’eſt principalement"
                    HPOS="57.0"
                    VPOS="1060.0"
                    WIDTH="665.0"
                    HEIGHT="46.0"
                    WC="0.9949568543794021"></String>
          </TextLine>
          <TextLine ID="eSc_line_b8bbf175-a7c2-466d-bfe4-292c178514b9"
                    TAGREFS="LT8"
                    BASELINE="59 1121 720 1117" 
                    HPOS="59.0"
                    VPOS="1093.0"
                    WIDTH="661.0"
                    HEIGHT="43.0">
            <Shape><Polygon POINTS="59 1121 59 1136 719 1128 720 1117 718 1099 695 1093 694 1093 693 1093 679 1100 653 1094 652 1094 622 1100 605 1093 604 1093 565 1093 564 1093 563 1093 545 1101 528 1094 527 1094 461 1094 460 1094 459 1094 450 1099 442 1094 441 1094 441 1094 440 1094 439 1094 438 1094 431 1100 424 1094 423 1094 422 1094 421 1094 420 1094 406 1101 386 1101 376 1095 375 1095 374 1095 373 1095 372 1095 349 1101 324 1095 323 1095 322 1095 321 1095 298 1101 275 1095 274 1095 273 1095 272 1095 272 1095 263 1102 163 1102 155 1097 155 1096 155 1096 154 1096 137 1096 136 1096 135 1096 134 1096 125 1103 64 1103 59 1121"/></Shape>
            <String CONTENT="pour l’honneur deu à la ſource d’où les enfans pren¬"
                    HPOS="59.0"
                    VPOS="1093.0"
                    WIDTH="661.0"
                    HEIGHT="43.0"
                    WC="0.9883556950975347"></String>
          </TextLine>
          <TextLine ID="eSc_line_9088de23-1c18-4582-a350-085d02e5a009"
                    TAGREFS="LT8"
                    BASELINE="59 1153 720 1147" 
                    HPOS="59.0"
                    VPOS="1124.0"
                    WIDTH="661.0"
                    HEIGHT="41.0">
            <Shape><Polygon POINTS="59 1153 59 1165 624 1165 624 1165 625 1165 639 1159 649 1164 649 1164 650 1164 719 1158 720 1147 719 1129 698 1124 697 1124 696 1124 666 1129 530 1125 529 1125 480 1131 440 1126 439 1126 376 1132 358 1126 357 1126 356 1126 355 1126 336 1134 282 1134 261 1127 260 1127 259 1127 221 1134 155 1128 155 1128 154 1128 153 1128 144 1134 84 1129 83 1129 82 1129 64 1134 59 1153"/></Shape>
            <String CONTENT="nent origine. Les premiers commencemens des prin¬"
                    HPOS="59.0"
                    VPOS="1124.0"
                    WIDTH="661.0"
                    HEIGHT="41.0"
                    WC="0.9902729136603219"></String>
          </TextLine>
          <TextLine ID="eSc_line_1c71c25e-bd0e-434f-80ff-eb763115d5ee"
                    TAGREFS="LT8"
                    BASELINE="58 1185 721 1180" 
                    HPOS="57.0"
                    VPOS="1159.0"
                    WIDTH="664.0"
                    HEIGHT="42.0">
            <Shape><Polygon POINTS="58 1185 58 1196 189 1201 190 1201 191 1201 192 1201 200 1195 205 1200 206 1200 207 1200 207 1200 208 1200 228 1195 316 1200 317 1200 318 1200 330 1194 350 1199 350 1199 351 1200 440 1200 440 1199 441 1199 458 1193 502 1198 503 1198 528 1193 545 1198 546 1198 547 1198 649 1192 719 1195 721 1180 718 1159 57 1163 58 1185"/></Shape>
            <String CONTENT="cipautez ne portent point d’eſtre defferez à femmes. Le"
                    HPOS="57.0"
                    VPOS="1159.0"
                    WIDTH="664.0"
                    HEIGHT="42.0"
                    WC="0.9752591890948159"></String>
          </TextLine>
          <TextLine ID="eSc_line_2bde4661-ac24-4d89-9f67-5c51922bf64b"
                    TAGREFS="LT8"
                    BASELINE="57 1217 722 1212" 
                    HPOS="57.0"
                    VPOS="1189.0"
                    WIDTH="665.0"
                    HEIGHT="39.0">
            <Shape><Polygon POINTS="57 1217 57 1228 721 1222 722 1212 719 1189 441 1193 415 1189 414 1189 383 1194 325 1190 324 1190 266 1195 201 1191 200 1191 199 1191 184 1195 170 1191 169 1191 168 1191 62 1196 57 1217"/></Shape>
            <String CONTENT="royaume eſtably de Dieu n’a iamais eſté en main des"
                    HPOS="57.0"
                    VPOS="1189.0"
                    WIDTH="665.0"
                    HEIGHT="39.0"
                    WC="0.9996290103747294"></String>
          </TextLine>
          <TextLine ID="eSc_line_bcf2cef4-ccac-458b-8b9a-3373b76797b6"
                    TAGREFS="LT8"
                    BASELINE="58 1248 722 1243" 
                    HPOS="57.0"
                    VPOS="1218.0"
                    WIDTH="665.0"
                    HEIGHT="44.0">
            <Shape><Polygon POINTS="58 1248 58 1259 372 1262 373 1262 374 1262 375 1262 380 1257 455 1261 456 1261 500 1256 510 1260 511 1260 512 1261 605 1261 605 1260 721 1254 722 1243 720 1225 630 1218 629 1218 628 1218 609 1225 535 1219 534 1219 474 1227 422 1227 408 1220 407 1220 406 1220 405 1220 388 1228 316 1228 297 1221 296 1221 295 1221 263 1228 237 1222 236 1222 235 1222 219 1227 201 1222 200 1222 199 1222 128 1227 111 1223 110 1223 109 1223 108 1223 97 1229 80 1223 79 1223 78 1223 57 1225 58 1248"/></Shape>
            <String CONTENT="femmes, ſi ce n’a eſté par pratiques &amp; meſchanceté, com"
                    HPOS="57.0"
                    VPOS="1218.0"
                    WIDTH="665.0"
                    HEIGHT="44.0"
                    WC="0.9986260198710257"></String>
          </TextLine>
          <TextLine ID="eSc_line_c0f5755c-b851-46c3-9353-03f5816404f0"
                    TAGREFS="LT8"
                    BASELINE="57 1281 721 1275" 
                    HPOS="57.0"
                    VPOS="1250.0"
                    WIDTH="664.0"
                    HEIGHT="46.0">
            <Shape><Polygon POINTS="57 1281 57 1296 88 1291 138 1295 139 1295 237 1290 273 1295 274 1295 314 1289 369 1294 370 1294 720 1285 721 1275 719 1253 610 1250 610 1250 609 1250 608 1250 608 1251 600 1257 570 1257 558 1251 557 1251 556 1251 555 1251 540 1256 526 1253 525 1253 524 1253 480 1257 466 1252 465 1252 464 1252 463 1252 462 1252 454 1257 394 1254 393 1254 392 1254 391 1254 386 1259 297 1259 285 1254 284 1254 283 1254 282 1254 281 1254 272 1259 228 1254 175 1254 174 1254 173 1254 172 1254 165 1258 77 1255 77 1255 76 1255 62 1258 57 1281"/></Shape>
            <String CONTENT="me l’eut Athalia, &amp; comme au parauant l’auoit euë Se¬"
                    HPOS="57.0"
                    VPOS="1250.0"
                    WIDTH="664.0"
                    HEIGHT="46.0"
                    WC="0.9955334232913123"></String>
          </TextLine>
          <TextLine ID="eSc_line_6cf2d070-a32d-4d6e-94bd-a1d648ffe9b5"
                    TAGREFS="LT8"
                    BASELINE="57 1312 722 1308" 
                    HPOS="57.0"
                    VPOS="1282.0"
                    WIDTH="665.0"
                    HEIGHT="41.0">
            <Shape><Polygon POINTS="57 1312 57 1323 721 1318 722 1308 721 1288 702 1282 701 1282 701 1282 630 1287 603 1282 602 1282 601 1282 586 1288 495 1283 494 1283 454 1289 362 1284 361 1284 321 1290 205 1285 204 1285 62 1291 57 1312"/></Shape>
            <String CONTENT="miramis en Babylone. Mais l’exemple de ces deux fait"
                    HPOS="57.0"
                    VPOS="1282.0"
                    WIDTH="665.0"
                    HEIGHT="41.0"
                    WC="0.9969876809762075"></String>
          </TextLine>
          <TextLine ID="eSc_line_64242912-f41e-48dc-ab5d-30488e651798"
                    TAGREFS="LT8"
                    BASELINE="58 1343 721 1337" 
                    HPOS="57.0"
                    VPOS="1314.0"
                    WIDTH="664.0"
                    HEIGHT="41.0">
            <Shape><Polygon POINTS="58 1343 58 1355 721 1350 721 1337 719 1321 658 1314 657 1314 656 1314 640 1320 624 1314 623 1314 623 1314 622 1314 608 1321 544 1315 543 1315 497 1321 436 1317 435 1317 388 1321 369 1317 368 1317 367 1317 366 1317 343 1322 312 1317 311 1317 311 1317 310 1317 303 1321 292 1318 291 1318 290 1318 253 1323 245 1318 244 1318 243 1318 242 1318 207 1323 184 1318 183 1318 182 1318 181 1318 164 1323 148 1319 147 1319 146 1319 67 1320 66 1320 65 1320 57 1323 58 1343"/></Shape>
            <String CONTENT="pour moy: car toutes deux ont porté la peine d’a¬"
                    HPOS="57.0"
                    VPOS="1314.0"
                    WIDTH="664.0"
                    HEIGHT="41.0"
                    WC="0.9916312885284424"></String>
          </TextLine>
          <TextLine ID="eSc_line_8fa2102d-57f7-4d32-bd43-d165367fb6ef"
                    TAGREFS="LT8"
                    BASELINE="60 1375 718 1370" 
                    HPOS="59.0"
                    VPOS="1345.0"
                    WIDTH="659.0"
                    HEIGHT="50.0">
            <Shape><Polygon POINTS="60 1375 60 1389 168 1395 169 1395 202 1387 298 1387 308 1392 309 1392 310 1392 350 1387 387 1393 388 1393 497 1392 498 1392 499 1392 499 1391 504 1387 538 1391 539 1391 540 1391 551 1386 681 1390 682 1390 717 1384 718 1370 715 1348 695 1350 681 1345 680 1345 679 1345 647 1350 610 1345 609 1345 608 1345 607 1345 607 1346 602 1349 521 1347 520 1347 471 1352 460 1347 459 1347 419 1347 418 1347 417 1347 416 1347 409 1353 360 1353 330 1347 329 1347 328 1347 316 1353 298 1347 298 1347 297 1347 244 1354 202 1348 201 1348 200 1348 187 1354 130 1349 129 1349 129 1349 116 1355 85 1351 84 1351 59 1356 60 1375"/></Shape>
            <String CONTENT="uoir vſurpé choſes indues, &amp; d’auoir violé l’vne par"
                    HPOS="59.0"
                    VPOS="1345.0"
                    WIDTH="659.0"
                    HEIGHT="50.0"
                    WC="0.991740138442428"></String>
          </TextLine>
        </TextBlock>
        <TextBlock HPOS="551.0"
                   VPOS="1382.0"
                   WIDTH="80.0"
                   HEIGHT="37.0"
                   ID="eSc_textblock_2e864abe-26bd-4f72-a00d-e797845c72b6"
                   TAGREFS="BT17">
          <Shape><Polygon POINTS="631 1382 631 1419 551 1419 551 1382"/></Shape>
          <TextLine ID="eSc_line_c04f2daa-da5a-404f-9cb6-dfe16a192fe9"
                    TAGREFS="LT8"
                    BASELINE="561 1404 623 1402" 
                    HPOS="560.0"
                    VPOS="1382.0"
                    WIDTH="63.0"
                    HEIGHT="37.0">
            <Shape><Polygon POINTS="579 1382 570 1382 560 1382 561 1404 561 1419 592 1414 623 1418 623 1402 621 1382 583 1385 579 1382 579 1382"/></Shape>
            <String CONTENT="Y a"
                    HPOS="560.0"
                    VPOS="1382.0"
                    WIDTH="63.0"
                    HEIGHT="37.0"
                    WC="0.9999240040779114"></String>
          </TextLine>
        </TextBlock>
      </PrintSpace>
    </Page>
  </Layout>
</alto>
