1000 1671
113.0 96.0 165.0 42.0 M.D. LXXIIII

252.0 155.0 672.0 39.0 brigans meſmes, afin qu’ils puiſſent plus ſeurement trou

252.0 182.0 671.0 41.0 bler la paix de tous les autres, l’entretienent auec leurs

250.0 213.0 672.0 44.0 ſemblables: mais l’ordre & le moyen de la vraye paix eſt

251.0 245.0 671.0 44.0 de ne nuire à perſonne & proufiter à autruy ce que lon

252.0 279.0 670.0 41.0 pourra. Le prince y peut le plus, & pour nourrir la paix

252.0 310.0 669.0 37.0 du public fait des executions ſur les particuliers. Mais

251.0 339.0 671.0 46.0 s’il veut troubler la paix publicque & ſe formaliſer pour

252.0 374.0 670.0 41.0 vne part contre la iuſtice, il n’eſt que particulier auec les

251.0 403.0 671.0 42.0 autres ſes partiſans. Cela meſme eſt dit du pere de famil¬

250.0 435.0 671.0 44.0 le, ſur le patron duquel le prince a eſté creé, qu’il doit in¬

250.0 467.0 670.0 40.0 terpoſer ſon authorité en la diſſention de la famille par

255.0 503.0 665.0 39.0 voye deuë & conuenable, de peur qu’il ne dechee d’icel¬

251.0 530.0 669.0 41.0 le en ſe monſtrant partiſan & partial. C’eſt ainſi que le

250.0 561.0 667.0 48.0 chef d’hoſtel à iuriſdiction & œconomie ſur ſes enfans

250.0 595.0 159.0 51.0 & ſeruiteurs.

422.0 99.0 280.0 53.0 Eſtat de France

108.0 512.0 135.0 44.0 Cod. de pri¬

108.0 550.0 133.0 38.0 ma poteſtat.

107.0 581.0 132.0 51.0 congruentiĩs.

111.0 715.0 226.0 53.0 Des moyens & &

103.0 763.0 140.0 43.0 par leſquels

103.0 798.0 138.0 39.0 les eſtats pu¬

103.0 826.0 137.0 36.0 blies s’entre¬

104.0 857.0 103.0 41.0 tiennent.

368.0 718.0 547.0 41.0 EAR le diſcours ci deſſus recité il a eſté

444.0 756.0 473.0 41.0 parle en general des principales choſes

438.0 787.0 476.0 40.0 de la ſocieté ciuile, comment elle eſt, &

439.0 818.0 478.0 42.0 comment elle conſiſte en gros. Mainte

441.0 851.0 476.0 39.0 nant il faut deduire les moyens & par¬

451.0 880.0 464.0 45.0 ties d’icelle plus particulierement, & les

248.0 912.0 668.0 39.0 voyes donnees de Dieu aux hommes à ce qu’ils ſe puiſ¬

245.0 941.0 670.0 45.0 ſent contenir ainſi aſſociez que nature l’enſeigne: par où

244.0 973.0 671.0 44.0 lon conoiſtra auſſi ce que les ſocietez bien ordonnees

243.0 1010.0 671.0 39.0 ont retenu en ſoy, & de quels membres & forces propor

103.0 1033.0 145.0 39.0 Cicerõ en ſa

252.0 1034.0 664.0 45.0 rionnees a eſté leur compoſition. Les anciens ont defini

103.0 1066.0 810.0 48.0 vepublique. ce nom de peuple eſtre vne aſſemblee de multitude aſ¬

244.0 1101.0 667.0 42.0 ſociee par vn conſentement de droit & communiõ d’v¬

244.0 1132.0 667.0 45.0 tilité: monſtrans par ce mot de droit, qui eſt choſe cõfe¬

242.0 1165.0 670.0 42.0 ree de iuſtice, qu’vne republique, c’eſt à dire vne aſſem¬

243.0 1197.0 666.0 41.0 blee de peuple, ne peut ſubſiſter ſans iuſtice, & que re¬

243.0 1230.0 670.0 42.0 gnant vne fauce iuſtice, ce nom de droit (lequel cõuient

241.0 1260.0 669.0 42.0 à toute la multitude) tombe bas. Republique c’eſt la cho

102.0 1291.0 135.0 43.0 Au 19. liur.

250.0 1291.0 660.0 45.0 ſe du peuple. Surquoy S.Auguſtin ſe fonde, pour prou¬

100.0 1321.0 137.0 42.0 de la cité de

252.0 1323.0 659.0 45.0 uer qu’il n’y a point eu de republique en tout l’empire

240.0 1358.0 670.0 36.0 des Romains:car, dit il, ce n’a iamais eſté la choſe publi¬

243.0 1393.0 668.0 43.0 que par exercice de iuſtice & adminiſtration de droit,

104.0 1058.0 120.0 57.0 republique.

102.0 1356.0 77.0 42.0 Dieu.

844.0 1424.0 61.0 40.0 ains
