1000 1671
125.0 69.0 160.0 39.0 M. D. LXXIIII

123.0 119.0 141.0 40.0 Ciceron en ſa

273.0 124.0 653.0 37.0 dont il auoit eſté inſtalé, eſtoit clandeſtine. Toutesfois

122.0 160.0 136.0 38.0 2 philipique.

275.0 152.0 651.0 45.0 cela ne l’en euſt debouté s’il y euſt eu bonne conduité

262.0 184.0 664.0 45.0 enſa charge dont depend toute dignité, & d’auoir obli¬

261.0 216.0 161.0 45.0 géle public.

289.0 250.0 637.0 39.0 Or celuy qui prẽd vne dignité dõt puiſapres il proſti¬

260.0 278.0 666.0 40.0 tue l’hõneur meiite d’en eſtre deſmis: cõme entre autres

260.0 309.0 666.0 39.0 choſes quant au lieu de la virilité & d’entretenir la ma¬

261.0 340.0 665.0 38.0 ieſté d’vne cour royale on la void effeminee & reduite

259.0 373.0 665.0 41.0 en puantiſe & de ſodomie & de bordeau, on peut bien

260.0 405.0 664.0 42.0 attendre que l’eſtat qui eſt mânié par icelle & en depẽd

260.0 438.0 664.0 41.0 ſera vn vray brigandage, au grand meſpris & diminutiõ

260.0 468.0 666.0 40.0 de l’honneur que portent les eſtrangers enuers toute la

261.0 499.0 663.0 43.0 natiõ qu’ils n’aurõt plus en eſtime. Faut il dõc que tout

261.0 534.0 662.0 40.0 periſſe ainſi pour rẽdre cõtent vn ſeul ou quelques ſiẽs

260.0 563.0 665.0 43.0 adhérans? Non:ains il faut que la patrie garde ſon droit

260.0 592.0 666.0 43.0 & ſe cõſerue. Ie ne deſire (ni toutes gẽs de biẽ auſſi) voir

260.0 625.0 663.0 42.0 changemẽt de police, veu le bien & la ſplendeur qui pa¬

260.0 657.0 663.0 39.0 roiſſent en la duree & reputation de ceſte ci: mais ie de¬

259.0 687.0 663.0 43.0 fire que Dieu ſuſcite quelcun ſous lequel les hõmes eſ¬

261.0 721.0 661.0 41.0 perẽt ſoulagemẽt pour ſa vertu conue par ſa prouidẽce

260.0 751.0 662.0 41.0 & iuſtice: car c’eſt ce qui fait auoir fiance en celuy qui

259.0 784.0 663.0 40.0 ſe demonſtre valeureux aux affaires, enuers lequel on

121.0 813.0 799.0 44.0 Cicers au z. n’a aucune ſuſpiciõ de malice. Tels ſont trouuez dignes

257.0 847.0 661.0 43.0 de la charge du ſalut du peuple, des biens & des parens.

260.0 878.0 660.0 41.0 Les hõmes s’aſſuiectiſſent par amitié, par bien vueillãce,

261.0 909.0 661.0 42.0 par benefices receus, par precellence de dignité ou no¬

261.0 941.0 661.0 43.0 bleſſe de la perſonne: quelquesfois auſſi eſperãt du pro¬

260.0 971.0 662.0 43.0 fit ou pour crainte. Mais ſe ſouuerain moyen ſur tous

262.0 1006.0 660.0 41.0 c’eſt que le peuple ſe perſuade la renommee du prince

261.0 1034.0 662.0 43.0 eſtre vraye pour ſa loyauté, liberté, & Iuſtice. C’eſt ce qui

254.0 1068.0 668.0 40.0 acquiert l’amour: & encorès que le moyẽ de liberalité

260.0 1099.0 663.0 41.0 deffaille, ſi eſt-ce que l’opinion de loyauté & Iuſtice de¬

259.0 1127.0 663.0 44.0 meurãt fermes c’eſt le principal. Et puis il ſuffit, les moy¬

259.0 1160.0 663.0 41.0 ens de liberalité deffaillans, ſi l’on faict paroir que l’on

259.0 1193.0 663.0 39.0 en a le courage & volonté monſtrant auoir en ſoy ce

258.0 1224.0 662.0 40.0 qui concerne vne vie gratieuſe & ciuile. Mais en cecy

258.0 1256.0 663.0 42.0 faut (ſuiuant ce qui a eſté dit) enſuyure le precepte de

259.0 1289.0 661.0 40.0 Socrates, qui eſt que la plus prochaine & courte voye

257.0 1318.0 664.0 42.0 de venir à honneur & reputation de vertu, c’eſt que

259.0 1349.0 659.0 62.0 l'homme ſoit tel à la verité qu’il veut qu’on le repute.

453.0 68.0 280.0 49.0 Eſtat de France

129.0 820.0 124.0 41.0 Cicerõ au 2

120.0 849.0 120.0 48.0 deroffices.

866.0 1387.0 54.0 49.0 Car
