1000 1671
53.0 156.0 663.0 43.0 que ce ne ſoit auec leur conſentement & volonté. Mais

51.0 184.0 664.0 45.0 ils ſont ſur les loix (dit-on) à cauſe qu’ils ne tiẽnent leur

53.0 218.0 661.0 46.0 puiſſance que de Dieu, de la nature, & de l’eſpee. s’ils

53.0 250.0 661.0 45.0 ont la puiſſance de Dieu, qu’ils l’excerçent doncques ſe¬

51.0 283.0 663.0 39.0 lon Dieu. S’ils l’ont de nature, qu’ils l’exercent humai¬

51.0 314.0 662.0 44.0 nement & ſelon nature. S’ils l’ont ſelon l’eſpee, il n’y en

51.0 346.0 662.0 44.0 a point qui vaille, que celle de la iuſtice:! & s’ils en pren¬

51.0 378.0 663.0 44.0 nent vn autre pour l’exercer, quelqu’vn prendra celle

52.0 411.0 662.0 41.0 qu’ils ont quittee pour en faire ſur euxmeſmes ce que

51.0 441.0 657.0 42.0 leur deuoir porteroit, en l’ayant, de faire ſur les autres,

51.0 474.0 563.0 43.0 comme cecy ſera plus aplain diſcouru cy apres.

220.0 106.0 295.0 53.0 Sous Charles IX.

721.0 661.0 114.0 42.0 Au prem.

718.0 692.0 124.0 50.0 liu, des polit.

725.0 724.0 39.0 50.0 ch.9

720.0 424.0 129.0 64.0 Source de le

717.0 511.0 88.0 62.0 nobleſſe.

711.0 481.0 120.0 43.0 royauté &

79.0 508.0 628.0 40.0 Il faut dõc tenir pour reſolu que la vertu & la iuſtice

51.0 537.0 660.0 37.0 des hommes, bien conues & experimentees, les ont faits

52.0 568.0 661.0 40.0 Roys & nobles: & que cela meſmes qui les a fait eſt le

53.0 602.0 659.0 35.0 ſeul moyen de les y retenir pour eſtre dits tels en verité,

52.0 630.0 661.0 39.0 comme il a eſté dit. Et pout en faire vn peu plus ample

48.0 660.0 663.0 41.0 deduction il faut venir à ce qu’ont dit les anciens tou¬

51.0 689.0 660.0 46.0 chant ceſt eſtat là. Ariſtote dit qu’il y a nobleſſe introdui

51.0 719.0 660.0 46.0 te de raiſon naturelle, que les legiſtes appellent prime¬

52.0 756.0 662.0 44.0 rain droit des gens. C’eſt ce que les philoſophes aſſi¬

52.0 789.0 662.0 41.0 gnent auſſi pour la certaine diſtinction entre vraye li¬

52.0 819.0 662.0 40.0 berté & vraye ſeruitude, entre les nobles & les ignobles

51.0 854.0 663.0 40.0 par la verru decoulante de ceſte ſource, ou pour la mali¬

52.0 884.0 662.0 41.0 ce contraire que lon void auoir regne parmy les hom¬

52.0 915.0 662.0 42.0 mes. Ceſte vertu s’entend principalement de celle qui

54.0 949.0 660.0 39.0 eſt requiſe en vn homme pour eſtre ſeigneur, & nõ ſeu¬

52.0 978.0 665.0 37.0 lement celle qui eſt requiſe à toutes ſortes d’hommes.

56.0 1009.0 658.0 40.0 Voila (l’opinion de ce ſage philiſophe. Or de ceſte no¬

52.0 1039.0 662.0 43.0 bleſſe naturelle prouient la nobleſſe politique qui eſt v¬

53.0 1075.0 661.0 38.0 ne ſouueraineté & ſeigneurie ſus aucuns par vne prec¬

54.0 1107.0 660.0 38.0 minence ou par priuilege du prince qui eſt le premier &

54.0 1135.0 661.0 38.0 ſouuerain noble. Il y a donc difference des nobles en¬

53.0 1166.0 661.0 39.0 uers le commun & diſtinction entre les nobles meſmes:

54.0 1197.0 661.0 43.0 car il n’y a ſeulement eſgard à la lignee & race, mais auſ¬

55.0 1231.0 659.0 38.0 ſi à la vertu coniointe, qui anoblit doublement, quand

55.0 1260.0 658.0 37.0 les deux font concurrence en la perſonne de ceſte no¬

54.0 1292.0 657.0 44.0 bleſſe de ſang & de preeminence. Les Roys ſont les pre¬

52.0 1329.0 659.0 32.0 miers, & meſmes anobliſſent ceux qui en ſont conus di¬

57.0 1357.0 660.0 42.0 gnes par vertu & actes genereux. Il a toutesfois quelque

55.0 1387.0 659.0 43.0 nobleſſe ſouuent requiſe aux Rovs qui eſt la premiere

54.0 1419.0 660.0 51.0 & principale: c’eſt pourquoy la ſaincte Eſctiture dit que

721.0 1260.0 127.0 55.0 E. l. ſen ua¬

721.0 1306.0 135.0 36.0 res. Cod. l. I.

721.0 1331.0 132.0 53.0 de dignitati¬

645.0 103.0 69.0 55.0 189
