1000 1671
52.0 142.0 661.0 41.0 qu’il dit eſtre des plus nobles de là. Il faut dire plus que

52.0 172.0 660.0 44.0 s’il y auoit cent nobles pour vu qui ſe retrouue au mon¬

51.0 203.0 659.0 42.0 de, il viendroit mieux à point que d’y en auoir ſi peu,

51.0 234.0 662.0 40.0 c’eſt à dire qui ayẽt les qualitez principales iointes auec

51.0 264.0 660.0 41.0 la nobleſſe de ſang, & qu’il n’y en euſt point tant de re¬

51.0 296.0 662.0 41.0 duits en ſeruitude que lon en void. Mais ceux ne laiſſent

52.0 325.0 659.0 50.0 pas d’eſtre nobles qui y ſont violentement reduits: cõ¬

51.0 361.0 660.0 42.0 me au contraire les vilains ne ſont nobles quoy qu’ils

51.0 393.0 661.0 38.0 ſoyent en liberté, conſiderant leurs mœurs & exercices

51.0 417.0 657.0 53.0 conuenables à ſerfs. Celuy qui exerce vraye nobleſſe la

720.0 417.0 128.0 53.0 God.le pre¬

51.0 451.0 660.0 48.0 peut preſcrire, comme le ſerf s’eſtant longuement porte

721.0 459.0 127.0 52.0 crip.log.tẽp.

51.0 487.0 659.0 46.0 pour franc peut preſcrire ſa liberté. La vié donc attribue

718.0 492.0 128.0 44.0 l.2. ff. de a¬

51.0 515.0 657.0 46.0 nobleſſe à qui par long temps l’a demenee noblement,

720.0 524.0 129.0 46.0 qua. quotie l'

51.0 550.0 659.0 44.0 comme au contraire elle oſte la nobleſſe à qui les prede

721.0 559.0 81.0 52.0 noc nare.

51.0 582.0 333.0 47.0 ceſſeurs l’auroyent acquiſe.

184.0 91.0 306.0 49.0 Sous Charles IX.

660.0 100.0 48.0 50.0 191

200.0 703.0 514.0 43.0 PRES auoir diſcouru des princes du

725.0 707.0 124.0 39.0 Des liẽs qui

249.0 740.0 466.0 45.0 peuple en general & puiſapres des parti

722.0 738.0 128.0 48.0 tieueut &to

249.0 774.0 464.0 37.0 culieres eſpeces d’iceluy, il viendra bien

722.0 774.0 127.0 42.0 ſeruent les e¬

249.0 804.0 468.0 42.0 à propos de parler des liens & conion¬

720.0 804.0 129.0 45.0 ſtats en leur

246.0 834.0 465.0 40.0 ctions qui les retiennent & les font tous

721.0 838.0 65.0 43.0 entier.

249.0 866.0 465.0 44.0 enſemble ſubſiſter. Il ſembleque le prin

724.0 864.0 69.0 68.0 Ineice

53.0 899.0 661.0 43.0 cipal & ſouuerain eſt celuy de la iuſtice, & puis les au¬

53.0 930.0 661.0 37.0 tres vertus dont s’en ſuiuent l’amitié & la paix. Ce n’eſt

53.0 965.0 661.0 37.0 donc ſans raiſon que les anciens ont eu eſgard de choi¬

53.0 995.0 662.0 40.0 ſir gens vertueux pour les conduire: car de la perſonne

54.0 1027.0 660.0 35.0 qui preſide s’enſuit la conſeruation ou ruine du public.

54.0 1055.0 661.0 40.0 Boëce dit que beatitude ou felicite conſiſte en eſtat par¬

54.0 1087.0 660.0 41.0 faict des biens de dehors qui ſont anais & cheuãces: des

53.0 1118.0 661.0 42.0 biens du corps, qui ſont ſanté & bonne habitude: & aux

54.0 1151.0 659.0 37.0 biens de l’ame, qui ſont vertu & ſcience, faiſans tous

55.0 1184.0 659.0 37.0 concurrence en vn meſme homme. Mais tel ne ſe dira

53.0 1213.0 661.0 40.0 heureux, ſi la fortune confere abondance aux deux pre¬

53.0 1244.0 659.0 44.0 mieres graces, s’il n’eſt amplement rẽdu participant des

54.0 1278.0 656.0 40.0 dernieres qui procedent du ciel. car ce l'ont biens per¬

53.0 1308.0 658.0 43.0 dus par faure de ſauoir les bien appliquer. Doncques il

52.0 1340.0 657.0 40.0 faut conſiderer que quand l’homme ſeroit parfaict en

54.0 1374.0 657.0 46.0 bien & en vertu, s’il le pouuoit eſtre, il ſeroit à bõ dreit
