<?xml version="1.0" encoding="UTF-8"?>
<alto xmlns:xsi="http://www.w3.org/2001/XMLSchema-instance"
      xmlns="http://www.loc.gov/standards/alto/ns-v4#"
      xsi:schemaLocation="http://www.loc.gov/standards/alto/ns-v4# http://www.loc.gov/standards/alto/v4/alto-4-2.xsd">
  <Description>
    <MeasurementUnit>pixel</MeasurementUnit>
    <sourceImageInformation>
      <fileName>1_Discours_politiques_des_diverses_puissances_126.jpg</fileName>
    </sourceImageInformation>
  </Description>
  <Tags>
    <OtherTag ID="BT7" LABEL="CustomZone" DESCRIPTION="block type CustomZone"/><OtherTag ID="BT8" LABEL="DamageZone" DESCRIPTION="block type DamageZone"/><OtherTag ID="BT9" LABEL="DigitizationArtefactZone" DESCRIPTION="block type DigitizationArtefactZone"/><OtherTag ID="BT10" LABEL="DropCapitalZone" DESCRIPTION="block type DropCapitalZone"/><OtherTag ID="BT11" LABEL="GraphicZone" DESCRIPTION="block type GraphicZone"/><OtherTag ID="BT12" LABEL="MainZone" DESCRIPTION="block type MainZone"/><OtherTag ID="BT13" LABEL="MarginTextZone" DESCRIPTION="block type MarginTextZone"/><OtherTag ID="BT14" LABEL="MusicZone" DESCRIPTION="block type MusicZone"/><OtherTag ID="BT15" LABEL="NumberingZone" DESCRIPTION="block type NumberingZone"/><OtherTag ID="BT17" LABEL="QuireMarksZone" DESCRIPTION="block type QuireMarksZone"/><OtherTag ID="BT18" LABEL="RunningTitleZone" DESCRIPTION="block type RunningTitleZone"/><OtherTag ID="BT19" LABEL="SealZone" DESCRIPTION="block type SealZone"/><OtherTag ID="BT20" LABEL="StampZone" DESCRIPTION="block type StampZone"/><OtherTag ID="BT21" LABEL="TableZone" DESCRIPTION="block type TableZone"/><OtherTag ID="BT22" LABEL="TitlePageZone" DESCRIPTION="block type TitlePageZone"/><OtherTag ID="BT100006" LABEL="MainZone-Continued" DESCRIPTION="block type MainZone-Continued"/><OtherTag ID="BT100009" LABEL="MarginTextZone-Notes" DESCRIPTION="block type MarginTextZone-Notes"/><OtherTag ID="BT100005" LABEL="MainZone-P" DESCRIPTION="block type MainZone-P"/><OtherTag ID="BT100002" LABEL="MainZone-Lg" DESCRIPTION="block type MainZone-Lg"/><OtherTag ID="BT100001" LABEL="MainZone-Head" DESCRIPTION="block type MainZone-Head"/>
    <OtherTag ID="LT7" LABEL="CustomLine" DESCRIPTION="line type CustomLine"/><OtherTag ID="LT8" LABEL="DefaultLine" DESCRIPTION="line type DefaultLine"/><OtherTag ID="LT9" LABEL="DropCapitalLine" DESCRIPTION="line type DropCapitalLine"/><OtherTag ID="LT10" LABEL="HeadingLine" DESCRIPTION="line type HeadingLine"/><OtherTag ID="LT11" LABEL="InterlinearLine" DESCRIPTION="line type InterlinearLine"/><OtherTag ID="LT12" LABEL="MusicLine" DESCRIPTION="line type MusicLine"/><OtherTag ID="LT951" LABEL="default" DESCRIPTION="line type default"/>
  </Tags>
  <Layout>
    <Page WIDTH="1000"
          HEIGHT="1671"
          PHYSICAL_IMG_NR="140"
          ID="eSc_dummypage_">
      <PrintSpace HPOS="0"
                  VPOS="0"
                  WIDTH="1000"
                  HEIGHT="1671">
        <TextBlock HPOS="118.0"
                   VPOS="126.0"
                   WIDTH="169.0"
                   HEIGHT="39.0"
                   ID="eSc_textblock_29cacc27-1c7f-4e26-8b9e-77f1797d5a86"
                   TAGREFS="BT17">
          <Shape><Polygon POINTS="287 126 287 165 118 165 118 126"/></Shape>
          <TextLine ID="eSc_line_61f09326-4759-4db9-8e93-8cc98a5e737c"
                    TAGREFS="LT8"
                    BASELINE="120 151 288 149" 
                    HPOS="119.0"
                    VPOS="125.0"
                    WIDTH="169.0"
                    HEIGHT="47.0">
            <Shape><Polygon POINTS="277 127 268 127 259 127 249 127 240 127 231 127 221 127 212 127 203 127 194 127 184 127 175 127 166 127 156 127 147 127 138 127 129 127 119 127 120 151 120 168 189 172 190 172 191 172 207 165 244 165 252 171 253 171 254 171 255 172 275 172 275 171 276 171 288 164 288 149 286 125 277 127"/></Shape>
            <String CONTENT="M.D. LXXIIII"
                    HPOS="119.0"
                    VPOS="125.0"
                    WIDTH="169.0"
                    HEIGHT="47.0"
                    WC="0.9446978271007538"></String>
          </TextLine>
        </TextBlock>
        <TextBlock HPOS="461.0"
                   VPOS="122.0"
                   WIDTH="283.0"
                   HEIGHT="59.0"
                   ID="eSc_textblock_7c49cc30-b5a4-45cd-b303-470876269c05"
                   TAGREFS="BT18">
          <Shape><Polygon POINTS="744 122 744 181 461 181 461 122"/></Shape>
          <TextLine ID="eSc_line_9e84fb95-7cab-4cd5-b53d-85d86cbd0931"
                    TAGREFS="LT8"
                    BASELINE="460 164 737 161" 
                    HPOS="459.0"
                    VPOS="122.0"
                    WIDTH="278.0"
                    HEIGHT="54.0">
            <Shape><Polygon POINTS="608 122 598 122 589 122 580 122 571 122 561 122 556 122 548 129 521 122 515 122 506 122 496 122 487 122 484 122 459 124 460 164 460 176 737 169 737 161 735 129 636 129 612 122 608 122"/></Shape>
            <String CONTENT="Eſtat de France"
                    HPOS="459.0"
                    VPOS="122.0"
                    WIDTH="278.0"
                    HEIGHT="54.0"
                    WC="0.9982399821281434"></String>
          </TextLine>
        </TextBlock>
        <TextBlock HPOS="260.0"
                   VPOS="181.0"
                   WIDTH="192.0"
                   HEIGHT="34.0"
                   ID="eSc_textblock_80e969ef-fab2-4fc7-9732-5499b5751690"
                   TAGREFS="BT100006">
          <Shape><Polygon POINTS="452 181 452 215 260 215 260 181"/></Shape>
          <TextLine ID="eSc_line_0223a74b-2d71-45b1-8808-810b6b70c356"
                    TAGREFS="LT8"
                    BASELINE="261 207 450 204" 
                    HPOS="260.0"
                    VPOS="181.0"
                    WIDTH="190.0"
                    HEIGHT="43.0">
            <Shape><Polygon POINTS="381 181 372 181 363 181 353 181 344 181 335 181 325 181 316 181 314 181 307 183 285 181 279 181 270 181 264 181 260 183 261 207 261 224 326 215 343 223 344 223 345 224 366 224 366 223 405 214 430 222 431 222 432 222 433 222 434 222 450 213 450 204 446 182 386 181 381 181"/></Shape>
            <String CONTENT="excellent titre."
                    HPOS="260.0"
                    VPOS="181.0"
                    WIDTH="190.0"
                    HEIGHT="43.0"
                    WC="0.9994186423718929"></String>
          </TextLine>
        </TextBlock>
        <TextBlock HPOS="262.0"
                   VPOS="211.0"
                   WIDTH="683.0"
                   HEIGHT="792.0"
                   ID="eSc_textblock_3a6bb7ad-4121-4a0f-ab8c-661248db5353"
                   TAGREFS="BT100005">
          <Shape><Polygon POINTS="945 211 945 1003 262 1003 262 215"/></Shape>
          <TextLine ID="eSc_line_06b44cd9-377d-489f-a7b4-d99357ec1000"
                    TAGREFS="LT8"
                    BASELINE="289 238 932 229" 
                    HPOS="288.0"
                    VPOS="210.0"
                    WIDTH="644.0"
                    HEIGHT="41.0">
            <Shape><Polygon POINTS="910 210 901 210 892 210 883 210 873 210 864 210 855 210 845 210 836 210 832 210 826 211 824 210 818 210 808 210 799 210 790 210 786 210 772 212 763 210 762 210 753 210 743 210 740 210 732 213 727 210 725 210 715 210 713 210 709 213 701 210 697 210 688 210 678 210 669 210 660 210 655 210 621 214 615 210 613 210 604 210 595 210 589 210 544 217 526 217 519 210 511 210 502 210 493 210 483 210 477 210 438 211 437 211 415 218 381 211 380 211 379 211 352 219 336 212 335 212 304 212 303 212 302 212 288 219 289 238 289 246 412 251 413 251 414 251 415 251 415 250 421 245 442 245 480 250 481 250 510 244 637 247 638 247 685 241 738 246 739 246 818 239 833 245 834 245 835 245 883 239 930 244 932 229 930 211 916 210 910 210"/></Shape>
            <String CONTENT="Or ne ſe peut il faire qu’il n’y ait de grandes fautes cõ"
                    HPOS="288.0"
                    VPOS="210.0"
                    WIDTH="644.0"
                    HEIGHT="41.0"
                    WC="0.9911926779253729"></String>
          </TextLine>
          <TextLine ID="eSc_line_e49e45f9-795e-4bac-ab9d-4a2fee3f77c1"
                    TAGREFS="LT8"
                    BASELINE="261 271 932 261" 
                    HPOS="260.0"
                    VPOS="236.0"
                    WIDTH="672.0"
                    HEIGHT="48.0">
            <Shape><Polygon POINTS="261 271 261 279 439 284 440 284 441 284 441 284 451 278 500 284 501 284 502 284 535 275 562 281 563 281 564 281 583 275 608 282 609 282 610 282 646 273 687 273 696 279 697 279 698 279 699 279 737 273 746 280 747 280 748 280 749 280 750 280 766 272 807 279 808 279 844 272 857 276 858 276 859 276 860 276 861 276 870 271 930 278 932 261 930 240 868 238 867 238 866 238 852 243 836 236 835 236 805 236 804 236 803 236 789 243 771 237 770 237 769 237 726 244 718 238 717 238 716 238 688 238 688 238 637 246 599 239 598 239 597 239 597 239 597 240 589 247 575 247 538 240 537 240 536 240 535 240 526 247 363 245 363 245 362 245 361 245 353 249 260 245 261 271"/></Shape>
            <String CONTENT="miſes aux guerres ciuiles d’auiourd’huy: car ſi les roys"
                    HPOS="260.0"
                    VPOS="236.0"
                    WIDTH="672.0"
                    HEIGHT="48.0"
                    WC="0.9973917869584901"></String>
          </TextLine>
          <TextLine ID="eSc_line_c0cb15f3-352d-48cd-b954-194a0ef7c1a0"
                    TAGREFS="LT8"
                    BASELINE="262 301 932 293" 
                    HPOS="262.0"
                    VPOS="271.0"
                    WIDTH="670.0"
                    HEIGHT="43.0">
            <Shape><Polygon POINTS="262 301 262 314 337 308 382 314 383 314 384 314 410 307 425 312 426 312 484 313 485 313 507 309 571 311 571 311 572 311 573 311 582 306 599 311 600 311 601 311 642 310 643 310 644 310 644 310 650 304 673 310 674 310 675 310 710 303 747 310 748 310 826 302 859 308 860 308 885 302 898 307 899 307 900 307 931 304 932 293 929 272 874 276 863 271 862 271 861 271 860 271 859 271 850 278 832 278 796 272 795 272 766 278 746 272 745 272 744 272 670 273 669 273 668 273 659 279 612 274 611 274 576 279 565 274 564 274 563 274 562 274 561 274 561 275 555 281 510 275 509 275 508 275 483 283 266 284 262 301"/></Shape>
            <String CONTENT="ſont vrays roys, les peuples qui s’arment contre"
                    HPOS="262.0"
                    VPOS="271.0"
                    WIDTH="670.0"
                    HEIGHT="43.0"
                    WC="0.9988167335589727"></String>
          </TextLine>
          <TextLine ID="eSc_line_7d9e7f54-2902-49d4-941b-08d09cea70aa"
                    TAGREFS="LT8"
                    BASELINE="263 334 934 323" 
                    HPOS="262.0"
                    VPOS="298.0"
                    WIDTH="672.0"
                    HEIGHT="51.0">
            <Shape><Polygon POINTS="263 334 263 341 296 349 297 349 298 349 311 343 383 349 384 349 385 349 386 349 400 340 416 346 417 346 418 346 450 339 470 346 471 346 472 346 473 346 474 346 485 338 514 338 528 346 529 346 530 346 531 346 550 340 565 346 566 346 567 346 639 344 688 336 703 343 704 343 705 343 750 335 781 341 782 341 822 334 844 341 845 341 846 341 847 341 872 333 893 338 894 338 895 338 934 336 934 323 931 306 870 306 857 298 857 298 856 298 811 298 810 298 779 304 774 300 773 300 772 300 771 300 770 300 753 308 643 306 642 306 601 310 586 304 585 304 584 304 584 304 583 304 571 311 538 311 515 303 514 303 513 303 512 303 488 312 460 312 448 304 447 304 446 304 445 304 403 305 402 305 379 314 360 314 350 306 349 306 348 306 347 306 262 312 263 334"/></Shape>
            <String CONTENT="eux ſont rebelles, voleurs &amp; pyrates: comme au contrai¬"
                    HPOS="262.0"
                    VPOS="298.0"
                    WIDTH="672.0"
                    HEIGHT="51.0"
                    WC="0.9975600448521701"></String>
          </TextLine>
          <TextLine ID="eSc_line_8d8e4f84-9531-4c40-a7ce-c7bfd2288330"
                    TAGREFS="LT8"
                    BASELINE="263 365 933 355" 
                    HPOS="262.0"
                    VPOS="331.0"
                    WIDTH="671.0"
                    HEIGHT="46.0">
            <Shape><Polygon POINTS="263 365 263 373 383 377 384 377 385 377 406 372 421 376 422 376 423 376 461 371 488 375 489 375 490 375 506 369 566 375 567 375 628 367 688 373 688 373 733 366 857 370 857 370 933 363 933 355 928 331 917 338 873 331 872 331 871 331 870 331 870 332 862 339 846 334 845 334 844 334 844 334 822 339 776 333 775 333 774 333 773 333 763 340 750 333 749 333 748 333 747 333 746 333 733 341 688 334 688 334 661 338 642 335 641 335 640 335 639 335 624 344 508 344 482 337 481 337 480 337 480 337 465 346 444 346 435 338 434 338 433 338 432 338 368 347 336 339 335 339 262 344 263 365"/></Shape>
            <String CONTENT="re s’ils ont afaire à vn tyran, ils ſont fondez au droit"
                    HPOS="262.0"
                    VPOS="331.0"
                    WIDTH="671.0"
                    HEIGHT="46.0"
                    WC="0.9918649709015562"></String>
          </TextLine>
          <TextLine ID="eSc_line_09e10530-1d8a-4515-a7e3-4cb7d6826344"
                    TAGREFS="LT8"
                    BASELINE="264 397 934 387" 
                    HPOS="263.0"
                    VPOS="362.0"
                    WIDTH="671.0"
                    HEIGHT="50.0">
            <Shape><Polygon POINTS="264 397 264 405 283 405 293 412 294 412 295 412 296 412 344 407 356 412 357 412 358 412 359 412 386 403 433 404 443 411 444 411 445 411 446 411 472 405 520 409 521 409 522 409 538 401 570 408 571 408 571 408 587 401 597 408 598 408 599 408 600 409 628 409 628 408 664 407 665 407 683 400 709 406 710 406 711 406 768 398 859 404 860 404 861 404 862 404 876 396 933 396 934 387 931 368 898 369 872 362 871 362 870 362 829 370 812 363 811 363 810 363 767 371 715 365 714 365 714 365 713 365 703 372 695 365 694 365 693 365 692 365 626 373 576 367 575 367 574 367 546 375 444 376 428 370 428 370 392 370 391 370 390 370 389 370 389 371 381 378 263 379 264 397"/></Shape>
            <String CONTENT="commun de la patrie. Or il y a deux ſortes de guerre:"
                    HPOS="263.0"
                    VPOS="362.0"
                    WIDTH="671.0"
                    HEIGHT="50.0"
                    WC="0.9970866003126468"></String>
          </TextLine>
          <TextLine ID="eSc_line_01d9f19d-eae6-41fd-8932-5c6f72f6a8ca"
                    TAGREFS="LT8"
                    BASELINE="265 428 934 419" 
                    HPOS="264.0"
                    VPOS="396.0"
                    WIDTH="670.0"
                    HEIGHT="46.0">
            <Shape><Polygon POINTS="265 428 265 441 317 438 327 442 328 442 329 442 330 442 331 442 337 437 345 441 346 441 347 441 348 441 367 437 436 441 437 441 438 441 439 441 446 436 582 440 583 440 584 440 605 433 663 439 664 439 665 439 666 439 675 432 718 438 719 438 720 438 739 431 788 437 789 437 790 437 810 430 848 436 849 436 850 436 851 436 857 429 933 428 934 419 932 403 891 399 890 399 833 403 799 396 798 396 762 397 761 397 760 397 751 404 697 399 696 399 695 399 694 399 685 405 666 400 665 400 664 400 663 400 649 407 596 407 573 401 572 401 571 401 531 407 515 401 514 401 513 401 512 401 493 408 469 401 468 401 467 401 467 401 466 401 455 409 400 405 399 405 398 405 388 411 315 411 301 403 300 403 299 403 264 403 265 428"/></Shape>
            <String CONTENT="l’vne entre par duels, comme princes eſgaux qui ont"
                    HPOS="264.0"
                    VPOS="396.0"
                    WIDTH="670.0"
                    HEIGHT="46.0"
                    WC="0.998956561088562"></String>
          </TextLine>
          <TextLine ID="eSc_line_a7594bda-1085-4280-ba2e-d02621f52606"
                    TAGREFS="LT8"
                    BASELINE="264 461 934 450" 
                    HPOS="263.0"
                    VPOS="427.0"
                    WIDTH="671.0"
                    HEIGHT="52.0">
            <Shape><Polygon POINTS="264 461 264 479 319 479 319 478 320 478 339 471 355 476 356 476 357 476 358 476 376 469 482 472 483 472 484 472 504 467 515 472 516 472 517 472 571 466 580 472 581 472 582 472 583 472 584 472 600 466 653 472 654 472 792 465 820 469 821 469 879 461 916 466 917 466 918 466 934 460 934 450 932 433 894 427 893 427 892 427 861 434 821 427 820 427 751 436 736 430 735 430 734 430 703 437 675 430 674 430 673 430 656 437 602 431 601 431 600 431 599 431 599 432 592 440 558 440 544 432 543 432 542 432 541 432 540 432 540 433 532 440 508 433 507 433 506 433 506 433 479 441 385 441 347 436 346 436 345 436 328 443 263 443 264 461"/></Shape>
            <String CONTENT="particuliere inimitié, &amp; ainſi de deux republiques: l’au¬"
                    HPOS="263.0"
                    VPOS="427.0"
                    WIDTH="671.0"
                    HEIGHT="52.0"
                    WC="0.9974709821158442"></String>
          </TextLine>
          <TextLine ID="eSc_line_b903eaa9-23a3-4fd0-acc6-d5ab77c57a0e"
                    TAGREFS="LT8"
                    BASELINE="265 491 931 482" 
                    HPOS="264.0"
                    VPOS="462.0"
                    WIDTH="667.0"
                    HEIGHT="46.0">
            <Shape><Polygon POINTS="265 491 265 508 321 507 322 507 342 500 395 500 410 506 411 506 412 506 413 506 430 499 474 499 483 505 484 505 485 505 486 505 555 505 556 505 557 505 568 497 622 497 630 503 631 503 632 503 633 503 634 503 652 496 674 501 675 501 753 497 778 502 779 502 815 495 861 500 862 500 863 500 878 493 930 493 931 482 928 466 843 467 795 462 794 462 793 462 777 468 722 463 721 463 720 463 719 463 714 467 678 464 677 464 676 464 652 469 619 466 618 466 617 466 616 466 610 471 490 471 471 466 470 466 469 466 430 472 413 466 412 466 411 466 410 466 385 473 376 467 376 467 375 467 374 467 336 473 264 472 265 491"/></Shape>
            <String CONTENT="tre contre les violateurs, tyrans, voleurs &amp; pyrates, en¬"
                    HPOS="264.0"
                    VPOS="462.0"
                    WIDTH="667.0"
                    HEIGHT="46.0"
                    WC="0.9828934836805913"></String>
          </TextLine>
          <TextLine ID="eSc_line_f30e5e64-02e9-4aa3-975b-b69d29cf1b66"
                    TAGREFS="LT8"
                    BASELINE="265 523 935 512" 
                    HPOS="264.0"
                    VPOS="494.0"
                    WIDTH="671.0"
                    HEIGHT="45.0">
            <Shape><Polygon POINTS="265 523 265 533 294 539 295 539 326 532 385 536 386 536 387 536 388 536 393 531 428 535 429 535 430 535 431 535 436 531 442 536 443 536 444 536 477 537 478 537 479 537 494 530 508 536 509 536 510 537 544 537 544 536 623 528 654 534 655 534 681 529 688 533 688 533 689 533 690 533 714 529 747 531 748 531 749 531 768 525 792 525 805 531 806 531 807 531 808 531 829 524 878 531 879 531 935 521 935 512 933 494 264 505 265 523"/></Shape>
            <String CONTENT="nemis de tous roys, peuples &amp; nations. Auec les pre¬"
                    HPOS="264.0"
                    VPOS="494.0"
                    WIDTH="671.0"
                    HEIGHT="45.0"
                    WC="0.9969638929917262"></String>
          </TextLine>
          <TextLine ID="eSc_line_68fb7f95-3807-4ba9-bcb5-82084b900672"
                    TAGREFS="LT8"
                    BASELINE="265 556 935 545" 
                    HPOS="264.0"
                    VPOS="521.0"
                    WIDTH="671.0"
                    HEIGHT="50.0">
            <Shape><Polygon POINTS="265 556 265 565 294 571 295 571 296 571 326 564 367 568 368 568 402 563 426 569 427 569 428 569 532 561 541 568 542 568 543 568 544 569 570 569 570 568 571 568 586 560 601 566 602 566 603 566 604 566 616 560 628 567 629 567 630 567 690 566 691 566 705 558 749 565 750 565 784 557 814 563 815 563 816 563 833 557 867 557 877 562 878 562 879 562 880 562 935 557 935 545 934 521 896 521 896 521 895 521 894 521 883 528 875 522 874 522 873 522 872 522 871 522 851 527 813 522 812 522 811 522 810 522 797 531 755 523 754 523 753 523 753 523 740 531 696 524 695 524 694 524 672 532 599 526 598 526 597 526 568 534 532 527 531 527 530 527 529 527 519 533 501 528 500 528 499 528 498 528 497 528 486 535 411 529 410 529 409 529 385 537 359 533 358 533 298 538 289 531 288 531 287 531 286 531 285 531 264 536 265 556"/></Shape>
            <String CONTENT="miers on obſerue le droit des gens comme d’ambaſſa¬"
                    HPOS="264.0"
                    VPOS="521.0"
                    WIDTH="671.0"
                    HEIGHT="50.0"
                    WC="0.9881688379773906"></String>
          </TextLine>
          <TextLine ID="eSc_line_dc789435-90b7-4893-b99c-54e5a3edd98d"
                    TAGREFS="LT8"
                    BASELINE="266 587 935 576" 
                    HPOS="265.0"
                    VPOS="553.0"
                    WIDTH="670.0"
                    HEIGHT="51.0">
            <Shape><Polygon POINTS="266 587 266 595 320 604 321 604 375 603 376 603 376 603 376 602 387 594 431 602 432 602 488 592 499 600 500 600 501 600 502 601 520 601 520 600 521 600 522 600 533 593 586 598 587 598 588 598 589 598 601 590 615 590 625 598 626 598 627 598 628 598 629 598 649 593 710 597 711 597 712 597 733 588 782 587 792 595 793 595 794 595 816 595 817 595 818 595 818 595 818 595 829 585 890 585 914 592 915 592 916 592 917 592 935 584 935 576 934 557 922 553 922 553 921 553 886 560 877 554 876 554 875 554 848 554 847 554 846 554 818 562 790 555 789 555 788 555 787 555 765 563 736 557 735 557 734 557 733 557 724 564 654 565 621 557 620 557 619 557 598 566 586 559 585 559 584 559 551 566 524 559 523 559 522 559 486 568 453 560 452 560 451 560 430 569 341 562 340 562 339 562 319 570 265 564 266 587"/></Shape>
            <String CONTENT="des, de paix, de trefues &amp; de rançons. Auec les au¬"
                    HPOS="265.0"
                    VPOS="553.0"
                    WIDTH="670.0"
                    HEIGHT="51.0"
                    WC="0.9983050318864676"></String>
          </TextLine>
          <TextLine ID="eSc_line_8e385a24-56b4-48c2-b75c-6e7d9ee937a3"
                    TAGREFS="LT8"
                    BASELINE="265 620 935 609" 
                    HPOS="264.0"
                    VPOS="585.0"
                    WIDTH="671.0"
                    HEIGHT="53.0">
            <Shape><Polygon POINTS="265 620 265 630 311 638 312 638 313 638 314 638 329 629 395 634 396 634 397 634 413 628 430 636 431 636 432 636 433 636 434 636 449 627 484 627 506 635 506 635 507 635 656 633 701 625 727 632 727 632 728 632 789 631 790 631 791 631 800 622 818 628 819 628 820 628 857 622 877 628 878 628 879 628 880 628 901 621 933 624 935 609 933 590 899 585 898 585 861 592 853 586 852 586 851 586 818 586 818 586 772 592 752 587 751 587 750 587 749 587 732 595 669 595 643 589 642 589 641 589 626 596 506 597 499 592 498 592 497 592 496 592 467 597 451 592 450 592 449 592 448 592 447 592 439 598 386 593 385 593 384 593 383 593 373 600 319 600 264 596 265 620"/></Shape>
            <String CONTENT="tres rien du tout: &amp; en ce rang ſont mis les proſcripts &amp;"
                    HPOS="264.0"
                    VPOS="585.0"
                    WIDTH="671.0"
                    HEIGHT="53.0"
                    WC="0.984984578793509"></String>
          </TextLine>
          <TextLine ID="eSc_line_3be54278-d77a-48ea-930a-2db8d81f2917"
                    TAGREFS="LT8"
                    BASELINE="266 649 935 639" 
                    HPOS="265.0"
                    VPOS="618.0"
                    WIDTH="670.0"
                    HEIGHT="47.0">
            <Shape><Polygon POINTS="266 649 266 663 322 663 322 662 323 662 332 658 358 662 359 662 360 662 361 662 365 659 379 665 380 665 381 665 382 665 383 665 393 659 437 665 438 665 439 665 467 657 505 662 506 662 506 662 507 662 518 656 529 662 530 662 531 662 532 662 532 662 537 658 547 663 548 663 549 663 627 662 628 662 629 662 645 653 750 660 751 660 752 660 772 651 792 651 810 660 811 660 812 660 813 660 837 650 883 658 883 659 922 659 922 658 923 658 935 651 935 639 933 618 891 618 890 618 889 618 888 618 879 623 813 619 812 619 811 619 785 626 752 622 751 622 714 627 704 622 703 622 702 622 701 622 688 628 567 626 566 626 508 631 498 624 497 624 496 624 495 624 436 632 399 625 398 625 397 625 396 625 385 633 325 626 324 626 265 633 266 649"/></Shape>
            <String CONTENT="condamnez par iuſte iugement, ceux qui ſont declai¬"
                    HPOS="265.0"
                    VPOS="618.0"
                    WIDTH="670.0"
                    HEIGHT="47.0"
                    WC="0.9990525070358726"></String>
          </TextLine>
          <TextLine ID="eSc_line_a904f6e2-7686-4af3-aaca-ceb3d1aec632"
                    TAGREFS="LT8"
                    BASELINE="266 683 935 671" 
                    HPOS="265.0"
                    VPOS="648.0"
                    WIDTH="670.0"
                    HEIGHT="49.0">
            <Shape><Polygon POINTS="266 683 266 695 296 690 305 697 306 697 307 697 308 697 352 696 422 687 446 694 447 694 448 694 449 694 476 686 513 693 514 693 515 693 526 687 564 691 565 691 602 685 634 690 635 690 687 683 722 687 723 687 780 681 804 687 805 687 805 687 838 681 849 686 850 686 851 686 852 686 871 681 885 686 886 686 887 686 935 683 935 671 932 648 881 655 831 649 831 649 830 649 829 649 829 650 822 656 780 650 779 650 779 650 759 657 735 652 734 652 733 652 732 652 725 658 676 652 675 652 629 653 628 653 627 653 627 654 621 660 582 656 581 656 553 660 532 655 532 655 531 655 530 655 529 655 520 661 492 658 491 658 408 663 388 659 387 659 386 659 385 659 384 659 379 663 371 658 370 658 369 658 368 658 317 660 316 660 315 660 315 661 311 665 265 664 266 683"/></Shape>
            <String CONTENT="rez ennemis par vn ſenat. Ainſi toutes les fois que"
                    HPOS="265.0"
                    VPOS="648.0"
                    WIDTH="670.0"
                    HEIGHT="49.0"
                    WC="0.9968594639909034"></String>
          </TextLine>
          <TextLine ID="eSc_line_c0d30530-5820-4887-8f9f-8e09e39a0fdc"
                    TAGREFS="LT8"
                    BASELINE="267 713 935 705" 
                    HPOS="266.0"
                    VPOS="682.0"
                    WIDTH="669.0"
                    HEIGHT="45.0">
            <Shape><Polygon POINTS="267 713 267 722 381 727 382 727 424 720 561 725 562 725 636 717 651 724 652 724 653 724 684 717 692 723 693 723 694 723 695 723 696 723 713 716 741 716 756 723 757 723 758 723 759 723 775 717 784 721 785 721 786 721 787 721 788 721 788 720 793 715 832 722 833 722 834 722 860 714 870 721 870 721 871 721 872 721 873 721 888 714 933 721 935 705 933 686 894 683 893 683 857 688 835 682 834 682 833 682 832 682 831 682 822 690 798 690 779 683 779 683 712 683 711 683 689 684 688 684 688 684 677 691 668 684 667 684 666 684 644 684 643 684 642 684 641 684 631 693 579 693 569 685 568 685 567 685 566 685 565 685 564 685 551 694 529 694 517 686 516 686 515 686 514 686 513 686 480 695 438 695 422 686 421 686 420 686 419 686 393 695 382 687 381 687 380 687 379 687 378 687 356 695 266 692 267 713"/></Shape>
            <String CONTENT="lon void obſeruer les droits d’ambaſſades, de paix,"
                    HPOS="266.0"
                    VPOS="682.0"
                    WIDTH="669.0"
                    HEIGHT="45.0"
                    WC="0.9940890716571434"></String>
          </TextLine>
          <TextLine ID="eSc_line_28f29b16-6303-4308-9f68-19222548510e"
                    TAGREFS="LT8"
                    BASELINE="267 745 935 735" 
                    HPOS="266.0"
                    VPOS="712.0"
                    WIDTH="669.0"
                    HEIGHT="50.0">
            <Shape><Polygon POINTS="267 745 268 760 282 755 377 762 378 762 379 762 380 762 389 755 427 761 428 761 428 761 462 751 520 751 530 759 531 759 532 759 532 760 566 760 566 759 608 758 609 758 610 758 618 751 638 757 639 757 640 758 678 758 678 757 752 748 763 755 764 755 765 755 766 755 797 748 813 752 814 752 815 752 844 747 934 748 935 735 933 716 883 712 883 712 882 712 857 719 843 713 842 713 841 713 840 713 817 719 799 713 798 713 797 713 796 713 784 720 772 715 771 715 770 715 737 721 729 715 729 714 728 714 727 714 691 714 690 714 659 722 651 716 651 715 650 715 649 715 630 715 629 715 628 715 627 715 627 716 619 723 594 718 593 718 592 718 569 725 532 725 520 717 519 717 519 717 518 717 517 717 516 717 506 725 386 726 326 720 325 720 324 720 296 727 266 726 267 745"/></Shape>
            <String CONTENT="treſues, rançons, oſtages &amp; ſemblables pactions mili¬"
                    HPOS="266.0"
                    VPOS="712.0"
                    WIDTH="669.0"
                    HEIGHT="50.0"
                    WC="0.9927783089655416"></String>
          </TextLine>
          <TextLine ID="eSc_line_b7cd54c1-d6b3-49c3-afba-7219e6473c7a"
                    TAGREFS="LT8"
                    BASELINE="268 777 936 766" 
                    HPOS="267.0"
                    VPOS="745.0"
                    WIDTH="669.0"
                    HEIGHT="46.0">
            <Shape><Polygon POINTS="268 777 268 791 936 780 936 766 934 746 865 750 818 745 817 745 816 745 815 745 805 752 753 752 716 747 715 747 714 747 714 747 704 753 632 754 623 749 622 749 621 749 620 749 588 754 572 749 571 749 571 749 570 749 569 749 561 754 521 751 520 751 519 751 508 756 470 751 469 751 436 757 393 751 392 751 391 751 390 751 390 752 384 759 267 760 268 777"/></Shape>
            <String CONTENT="taires: ceſte çonſequence eſt vne euidente preuue de"
                    HPOS="267.0"
                    VPOS="745.0"
                    WIDTH="669.0"
                    HEIGHT="46.0"
                    WC="0.9891384705057684"></String>
          </TextLine>
          <TextLine ID="eSc_line_1fe43b34-8c70-4cc3-bf6e-0665076fca8f"
                    TAGREFS="LT8"
                    BASELINE="268 810 936 800" 
                    HPOS="267.0"
                    VPOS="775.0"
                    WIDTH="669.0"
                    HEIGHT="46.0">
            <Shape><Polygon POINTS="268 810 268 821 505 821 505 820 506 820 519 816 557 819 558 819 558 819 559 819 567 815 631 818 632 818 633 818 645 813 673 817 674 817 675 817 694 812 734 816 735 816 774 811 813 816 814 816 815 816 828 810 873 815 874 815 900 809 935 814 936 800 934 777 885 781 878 776 878 775 877 775 876 775 875 775 825 777 788 783 753 777 753 777 752 777 751 777 739 784 693 777 692 777 631 786 619 779 618 779 617 779 616 779 599 786 571 779 571 779 508 788 451 781 450 781 449 781 448 781 448 782 440 789 389 782 388 782 387 782 363 790 344 786 343 786 316 790 298 784 297 784 296 784 267 784 268 810"/></Shape>
            <String CONTENT="l’antecedent, aſauoir de droite &amp; legitime guerre, &amp;"
                    HPOS="267.0"
                    VPOS="775.0"
                    WIDTH="669.0"
                    HEIGHT="46.0"
                    WC="0.9895044645437827"></String>
          </TextLine>
          <TextLine ID="eSc_line_d82e8e5c-6b0b-449b-8c8f-9feda22ffad8"
                    TAGREFS="LT8"
                    BASELINE="269 841 936 829" 
                    HPOS="268.0"
                    VPOS="807.0"
                    WIDTH="668.0"
                    HEIGHT="47.0">
            <Shape><Polygon POINTS="269 841 269 850 424 854 425 854 426 854 439 847 450 853 451 853 452 854 491 854 491 853 535 846 601 851 602 851 655 849 656 849 657 849 657 848 662 843 704 849 705 849 706 849 707 849 717 842 754 847 755 847 756 847 774 841 793 847 794 847 795 847 796 847 797 847 804 841 830 841 870 846 871 846 872 846 873 846 882 840 913 844 914 844 915 844 936 838 936 829 934 807 799 812 779 807 778 807 777 807 776 807 757 813 738 808 737 808 736 808 735 808 734 808 727 814 657 815 602 810 601 810 600 810 584 816 546 811 545 811 429 818 379 814 378 814 322 820 277 816 276 816 275 816 274 816 268 819 269 841"/></Shape>
            <String CONTENT="non d’vſurpateurs de iniuſtes armes. Voila le dire des"
                    HPOS="268.0"
                    VPOS="807.0"
                    WIDTH="668.0"
                    HEIGHT="47.0"
                    WC="0.9816065265072716"></String>
          </TextLine>
          <TextLine ID="eSc_line_9fb8ddbb-d8c6-46d8-b1d0-9698633a1f61"
                    TAGREFS="LT8"
                    BASELINE="269 872 936 860" 
                    HPOS="268.0"
                    VPOS="836.0"
                    WIDTH="668.0"
                    HEIGHT="47.0">
            <Shape><Polygon POINTS="269 872 269 883 768 879 769 879 782 873 831 878 832 878 884 871 935 875 936 860 934 836 883 845 851 837 850 837 849 837 848 837 847 837 831 847 804 847 784 838 783 838 782 838 725 849 687 849 671 841 670 841 669 841 625 851 497 852 477 844 476 844 475 844 474 844 454 852 446 844 445 844 444 844 428 844 427 844 426 844 425 844 414 853 392 845 391 845 390 845 340 853 324 846 323 846 322 846 321 846 306 852 301 847 300 847 299 847 298 847 268 847 269 872"/></Shape>
            <String CONTENT="docteurs en droit: mais on void toutesfois qu’on eſt"
                    HPOS="268.0"
                    VPOS="836.0"
                    WIDTH="668.0"
                    HEIGHT="47.0"
                    WC="0.9919876444798249"></String>
          </TextLine>
          <TextLine ID="eSc_line_7ff8a648-24e1-4bf1-af31-e9cd7a0181df"
                    TAGREFS="LT8"
                    BASELINE="271 904 575 902 938 893" 
                    HPOS="270.0"
                    VPOS="869.0"
                    WIDTH="668.0"
                    HEIGHT="52.0">
            <Shape><Polygon POINTS="271 904 272 921 298 913 428 919 428 919 429 919 451 911 470 918 471 918 472 918 588 916 623 909 638 913 639 913 640 913 641 913 658 907 688 914 689 914 690 914 704 906 716 911 717 911 718 911 816 904 835 911 836 911 837 911 838 911 854 903 885 907 886 907 887 907 888 907 894 903 937 904 938 893 936 869 906 869 905 869 904 869 889 877 800 871 799 871 798 871 768 879 751 872 750 872 749 872 748 872 747 872 747 873 739 880 676 880 668 874 667 874 666 874 640 874 639 874 638 874 610 882 558 882 536 876 535 876 534 876 493 877 493 877 473 884 407 879 406 879 405 879 391 886 270 886 271 904"/></Shape>
            <String CONTENT="contraint d’en venir là quand les contendans ou les"
                    HPOS="270.0"
                    VPOS="869.0"
                    WIDTH="668.0"
                    HEIGHT="52.0"
                    WC="0.9918352892765632"></String>
          </TextLine>
          <TextLine ID="eSc_line_df780955-0ca4-4231-a272-baf9fdcc2a42"
                    TAGREFS="LT8"
                    BASELINE="271 934 584 932 935 922" 
                    HPOS="270.0"
                    VPOS="901.0"
                    WIDTH="665.0"
                    HEIGHT="52.0">
            <Shape><Polygon POINTS="271 934 271 953 330 945 339 952 340 952 341 952 342 952 343 952 361 945 374 951 375 951 376 952 415 952 415 951 517 941 565 948 566 948 609 940 694 945 695 945 696 945 717 937 728 945 729 945 730 945 731 945 753 945 753 945 753 945 754 945 764 938 785 944 786 944 787 944 788 944 821 935 935 935 935 922 934 904 889 901 888 901 887 901 886 901 879 907 870 904 870 904 869 904 840 908 818 903 818 903 817 903 816 903 815 903 815 904 808 910 796 910 788 903 787 903 786 903 767 903 766 903 709 911 624 906 623 906 586 913 567 906 566 906 565 906 564 906 563 906 552 914 528 907 527 907 526 907 525 907 511 915 451 909 450 909 449 909 427 916 410 911 409 911 408 911 363 918 280 915 279 915 278 915 270 919 271 934"/></Shape>
            <String CONTENT="parties approchent d’eſgalité &amp; que par la force l’v¬"
                    HPOS="270.0"
                    VPOS="901.0"
                    WIDTH="665.0"
                    HEIGHT="52.0"
                    WC="0.9836881238001364"></String>
          </TextLine>
          <TextLine ID="eSc_line_3ae04bb1-7e28-4d83-80e0-a7d4a3e57953"
                    TAGREFS="LT8"
                    BASELINE="272 966 935 955" 
                    HPOS="271.0"
                    VPOS="933.0"
                    WIDTH="664.0"
                    HEIGHT="54.0">
            <Shape><Polygon POINTS="272 966 272 985 539 987 540 987 541 987 553 981 655 985 656 985 657 985 678 979 698 984 699 984 700 984 731 978 753 984 754 984 755 984 879 982 880 982 907 975 935 981 935 955 933 933 907 938 881 933 880 933 879 933 878 933 878 934 870 941 769 935 768 935 767 935 766 935 755 943 714 936 713 936 712 936 711 936 701 944 659 937 658 937 657 937 637 945 608 938 607 938 606 938 605 938 605 939 597 946 546 946 509 940 508 940 507 940 491 947 460 944 459 944 430 948 417 944 416 944 415 944 348 949 327 943 326 943 325 943 324 943 324 943 313 950 280 946 279 946 278 946 277 946 271 949 272 966"/></Shape>
            <String CONTENT="ne ne peut pas obtenir de faire le proçes à l’au¬"
                    HPOS="271.0"
                    VPOS="933.0"
                    WIDTH="664.0"
                    HEIGHT="54.0"
                    WC="0.9891668254253911"></String>
          </TextLine>
          <TextLine ID="eSc_line_58960d64-420c-43a3-8a9c-bbf9a1c28d93"
                    TAGREFS="LT8"
                    BASELINE="272 998 324 998" 
                    HPOS="272.0"
                    VPOS="974.0"
                    WIDTH="52.0"
                    HEIGHT="48.0">
            <Shape><Polygon POINTS="272 998 272 1020 294 1022 295 1022 296 1022 324 1009 324 998 324 982 300 974 299 974 298 974 272 979 272 998"/></Shape>
            <String CONTENT="tre."
                    HPOS="272.0"
                    VPOS="974.0"
                    WIDTH="52.0"
                    HEIGHT="48.0"
                    WC="0.9992606043815613"></String>
          </TextLine>
        </TextBlock>
        <TextBlock HPOS="273.0"
                   VPOS="1001.0"
                   WIDTH="676.0"
                   HEIGHT="458.0"
                   ID="eSc_textblock_f4e95607-7f96-41cd-a38f-72d881031c31"
                   TAGREFS="BT100005">
          <Shape><Polygon POINTS="948 1001 949 1440 273 1459 273 1001"/></Shape>
          <TextLine ID="eSc_line_ad8cc69c-1e62-42af-9caa-fe8cfcadcee8"
                    TAGREFS="LT8"
                    BASELINE="314 1029 939 1018" 
                    HPOS="313.0"
                    VPOS="1001.0"
                    WIDTH="626.0"
                    HEIGHT="37.0">
            <Shape><Polygon POINTS="935 1001 926 1001 917 1001 908 1001 898 1001 891 1001 845 1002 844 1001 843 1001 833 1001 829 1001 824 1004 783 1004 757 1001 750 1001 740 1001 731 1001 727 1001 724 1005 705 1001 703 1001 694 1001 689 1001 676 1006 599 1003 598 1003 572 1008 543 1002 542 1002 541 1002 520 1009 491 1003 490 1003 489 1003 464 1010 441 1004 441 1004 440 1004 410 1010 313 1008 314 1029 314 1038 678 1038 678 1037 715 1030 769 1036 770 1036 771 1036 772 1036 783 1028 792 1033 793 1033 794 1033 833 1029 841 1034 842 1034 843 1034 844 1034 844 1034 845 1034 857 1026 939 1024 939 1018 936 1001 935 1001"/></Shape>
            <String CONTENT="Pour reuenir donc au propos il faut touſiours a¬"
                    HPOS="313.0"
                    VPOS="1001.0"
                    WIDTH="626.0"
                    HEIGHT="37.0"
                    WC="0.9935457855463028"></String>
          </TextLine>
          <TextLine ID="eSc_line_6fef5506-b523-446f-82fb-98657d40ab3e"
                    TAGREFS="LT8"
                    BASELINE="272 1061 940 1050" 
                    HPOS="272.0"
                    VPOS="1025.0"
                    WIDTH="668.0"
                    HEIGHT="58.0">
            <Shape><Polygon POINTS="272 1061 272 1083 384 1080 385 1080 412 1070 455 1070 493 1070 512 1078 513 1078 514 1079 536 1079 536 1078 537 1078 538 1078 551 1069 570 1077 571 1077 571 1077 653 1076 654 1076 655 1076 664 1070 678 1076 679 1076 680 1076 736 1075 737 1075 763 1067 785 1075 786 1075 787 1075 818 1075 818 1075 819 1075 844 1063 940 1062 940 1050 939 1033 912 1025 911 1025 910 1025 909 1025 909 1025 909 1026 900 1034 853 1034 827 1026 826 1026 825 1026 824 1026 823 1026 823 1027 814 1036 766 1036 759 1029 759 1028 758 1028 757 1028 756 1028 690 1036 623 1031 623 1031 622 1031 602 1037 586 1030 585 1030 584 1030 584 1030 561 1039 500 1039 491 1032 490 1032 489 1032 488 1032 394 1033 393 1033 376 1040 351 1034 350 1034 350 1034 349 1034 348 1034 336 1042 294 1042 283 1036 282 1036 281 1036 280 1036 279 1036 274 1039 272 1061"/></Shape>
            <String CONTENT="uoir eſgard à la charge pluſtoſt que à la perſonne du"
                    HPOS="272.0"
                    VPOS="1025.0"
                    WIDTH="668.0"
                    HEIGHT="58.0"
                    WC="0.9821325085379861"></String>
          </TextLine>
          <TextLine ID="eSc_line_e9ed7e57-1c86-499f-b80b-4b68293b4750"
                    TAGREFS="LT8"
                    BASELINE="273 1093 940 1084" 
                    HPOS="272.0"
                    VPOS="1061.0"
                    WIDTH="668.0"
                    HEIGHT="49.0">
            <Shape><Polygon POINTS="273 1093 274 1110 289 1105 298 1110 299 1110 300 1110 301 1110 324 1104 338 1107 339 1107 340 1107 341 1107 348 1102 466 1108 467 1108 467 1108 468 1108 480 1101 538 1107 539 1107 624 1098 692 1098 701 1104 701 1104 702 1104 703 1105 739 1105 739 1104 770 1098 786 1103 787 1103 788 1103 789 1103 806 1096 856 1100 857 1100 888 1095 898 1101 899 1101 900 1101 901 1101 940 1096 940 1084 937 1061 857 1062 857 1062 841 1068 833 1063 832 1063 831 1063 831 1063 805 1069 741 1064 740 1064 740 1064 723 1070 683 1070 675 1063 675 1063 674 1063 673 1063 672 1063 648 1072 538 1074 500 1074 484 1066 483 1066 482 1066 481 1066 480 1066 470 1074 428 1067 428 1067 427 1067 426 1067 420 1073 413 1069 412 1069 411 1069 380 1075 272 1076 273 1093"/></Shape>
            <String CONTENT="prince: car les comportemens &amp; exercice en icelle le"
                    HPOS="272.0"
                    VPOS="1061.0"
                    WIDTH="668.0"
                    HEIGHT="49.0"
                    WC="0.9948284476995468"></String>
          </TextLine>
          <TextLine ID="eSc_line_ccc8066d-afc8-41df-8cfd-04c1d0de1fb4"
                    TAGREFS="LT8"
                    BASELINE="274 1124 937 1114" 
                    HPOS="273.0"
                    VPOS="1092.0"
                    WIDTH="664.0"
                    HEIGHT="49.0">
            <Shape><Polygon POINTS="274 1124 274 1136 386 1141 387 1141 475 1134 497 1139 498 1139 499 1139 500 1139 501 1139 511 1133 550 1139 551 1139 552 1139 572 1133 588 1139 589 1139 590 1139 658 1131 686 1137 687 1137 688 1137 702 1130 744 1130 754 1136 755 1136 756 1136 757 1136 783 1130 802 1136 803 1136 804 1136 840 1135 841 1135 842 1135 842 1134 848 1128 865 1135 866 1135 867 1135 905 1128 927 1134 928 1134 929 1134 930 1134 931 1134 937 1128 937 1114 935 1094 849 1092 848 1092 847 1092 830 1098 805 1092 804 1092 803 1092 782 1100 735 1100 725 1094 724 1094 723 1094 722 1094 670 1101 578 1096 577 1096 576 1096 575 1096 566 1102 470 1103 407 1098 406 1098 405 1098 385 1104 341 1099 340 1099 339 1099 312 1105 289 1100 288 1100 287 1100 286 1100 273 1105 274 1124"/></Shape>
            <String CONTENT="declairent digne &amp; capable du titre &amp; qualité de Roy"
                    HPOS="273.0"
                    VPOS="1092.0"
                    WIDTH="664.0"
                    HEIGHT="49.0"
                    WC="0.9797967998486645"></String>
          </TextLine>
          <TextLine ID="eSc_line_e702b1ce-48ba-47c1-a8a9-467a610c5fa1"
                    TAGREFS="LT8"
                    BASELINE="275 1154 941 1147" 
                    HPOS="274.0"
                    VPOS="1126.0"
                    WIDTH="667.0"
                    HEIGHT="47.0">
            <Shape><Polygon POINTS="275 1154 275 1172 299 1173 300 1173 301 1173 302 1173 314 1165 393 1172 394 1172 395 1172 415 1165 461 1168 462 1168 486 1164 498 1171 499 1171 500 1171 501 1172 524 1172 524 1171 560 1170 561 1170 562 1170 571 1164 604 1167 605 1167 606 1167 626 1162 678 1165 679 1165 726 1161 743 1165 744 1165 745 1165 775 1160 794 1160 807 1167 808 1167 809 1167 810 1167 941 1165 941 1147 938 1126 773 1133 699 1127 698 1127 668 1135 596 1135 569 1129 568 1129 523 1136 506 1130 505 1130 504 1130 503 1130 502 1130 495 1137 441 1137 324 1132 323 1132 322 1132 321 1132 314 1139 274 1139 275 1154"/></Shape>
            <String CONTENT="ou de tyran. Les eſtats donc ont creé les roys, les ont"
                    HPOS="274.0"
                    VPOS="1126.0"
                    WIDTH="667.0"
                    HEIGHT="47.0"
                    WC="0.9848157667687961"></String>
          </TextLine>
          <TextLine ID="eSc_line_c5bc75ac-5eb2-45e5-a5ff-e73e71a4742d"
                    TAGREFS="LT8"
                    BASELINE="275 1188 940 1178" 
                    HPOS="274.0"
                    VPOS="1160.0"
                    WIDTH="666.0"
                    HEIGHT="47.0">
            <Shape><Polygon POINTS="275 1188 275 1200 313 1200 330 1207 331 1207 332 1207 333 1207 334 1207 334 1206 342 1200 350 1206 350 1206 351 1206 352 1207 400 1207 400 1206 401 1206 415 1200 445 1205 446 1205 447 1205 448 1205 457 1198 506 1197 540 1204 541 1204 584 1195 650 1195 672 1203 673 1203 674 1203 724 1202 725 1202 741 1195 754 1201 755 1201 756 1201 834 1200 835 1200 836 1200 846 1192 871 1200 872 1200 873 1200 919 1199 920 1199 940 1191 940 1178 937 1160 453 1168 426 1164 425 1164 424 1164 406 1169 341 1165 340 1165 274 1171 275 1188"/></Shape>
            <String CONTENT="conſeruez, les ont reprimez &amp; punis, tellement que"
                    HPOS="274.0"
                    VPOS="1160.0"
                    WIDTH="666.0"
                    HEIGHT="47.0"
                    WC="0.9719568693637848"></String>
          </TextLine>
          <TextLine ID="eSc_line_07582800-3648-4f38-a9d2-3d1dca385a0a"
                    TAGREFS="LT8"
                    BASELINE="275 1219 941 1209" 
                    HPOS="274.0"
                    VPOS="1188.0"
                    WIDTH="667.0"
                    HEIGHT="49.0">
            <Shape><Polygon POINTS="275 1219 275 1229 392 1228 403 1236 404 1236 405 1236 406 1237 456 1237 456 1236 501 1235 502 1235 532 1225 544 1233 545 1233 545 1233 576 1234 577 1234 620 1233 621 1233 644 1223 657 1231 658 1231 659 1231 660 1232 683 1232 683 1231 684 1231 685 1231 685 1230 692 1224 717 1222 729 1231 730 1231 731 1231 732 1231 819 1230 820 1230 848 1219 940 1218 941 1209 938 1192 879 1194 841 1188 840 1188 839 1188 813 1195 794 1191 793 1191 792 1191 792 1191 791 1191 783 1195 727 1191 727 1191 668 1197 637 1191 636 1191 576 1199 481 1193 480 1193 480 1193 479 1193 469 1200 403 1196 402 1196 373 1202 339 1195 338 1195 337 1195 337 1195 330 1202 274 1202 275 1219"/></Shape>
            <String CONTENT="tous les roys qui ſont auiourd’huy regnans ne ſont ve¬"
                    HPOS="274.0"
                    VPOS="1188.0"
                    WIDTH="667.0"
                    HEIGHT="49.0"
                    WC="0.9936896485311014"></String>
          </TextLine>
          <TextLine ID="eSc_line_f15c2146-49e4-407f-897b-1a049e7936d7"
                    TAGREFS="LT8"
                    BASELINE="274 1251 941 1241" 
                    HPOS="273.0"
                    VPOS="1217.0"
                    WIDTH="668.0"
                    HEIGHT="53.0">
            <Shape><Polygon POINTS="274 1251 274 1262 295 1269 296 1269 297 1269 298 1269 316 1262 332 1270 333 1270 334 1270 374 1261 399 1269 400 1269 401 1269 441 1269 441 1269 441 1269 464 1259 500 1263 501 1263 528 1258 540 1267 541 1267 542 1267 543 1268 577 1268 577 1267 578 1267 602 1260 631 1266 632 1266 633 1266 634 1266 634 1265 643 1256 677 1261 678 1261 679 1261 701 1255 794 1255 818 1263 818 1263 819 1263 820 1263 838 1254 850 1262 851 1262 852 1262 853 1262 929 1261 930 1261 931 1261 941 1255 941 1241 939 1225 910 1217 909 1217 909 1217 896 1224 833 1218 832 1218 831 1218 805 1227 736 1227 726 1220 725 1220 724 1220 723 1220 722 1220 695 1228 674 1221 673 1221 672 1221 635 1229 571 1225 571 1225 549 1230 526 1223 525 1223 524 1223 523 1223 522 1223 513 1230 273 1230 274 1251"/></Shape>
            <String CONTENT="ſtus que des plumes de ceux que les eſtats ont deſpouil¬"
                    HPOS="273.0"
                    VPOS="1217.0"
                    WIDTH="668.0"
                    HEIGHT="53.0"
                    WC="0.9961826875805855"></String>
          </TextLine>
          <TextLine ID="eSc_line_207b2591-0fd9-4244-bb52-0d186a0687c6"
                    TAGREFS="LT8"
                    BASELINE="275 1283 942 1273" 
                    HPOS="274.0"
                    VPOS="1251.0"
                    WIDTH="668.0"
                    HEIGHT="52.0">
            <Shape><Polygon POINTS="275 1283 275 1296 291 1295 300 1302 301 1302 302 1302 303 1303 325 1303 325 1302 326 1302 343 1294 379 1294 388 1299 389 1299 389 1299 390 1299 419 1292 510 1292 519 1297 519 1297 520 1297 560 1298 561 1298 562 1298 579 1290 633 1294 634 1294 658 1289 674 1296 675 1296 675 1297 699 1297 699 1296 737 1295 738 1295 763 1287 779 1295 779 1295 780 1295 880 1294 941 1284 942 1273 938 1251 914 1257 815 1258 800 1253 799 1253 798 1253 757 1258 711 1254 710 1254 709 1254 697 1260 661 1255 660 1255 659 1255 636 1261 606 1256 605 1256 516 1263 480 1257 479 1257 478 1257 466 1263 458 1257 457 1257 456 1257 455 1257 385 1265 356 1259 355 1259 354 1259 333 1266 274 1261 275 1283"/></Shape>
            <String CONTENT="lez en faueur de leurs anceſtres. Que ſi les eſtats n’ont ce"
                    HPOS="274.0"
                    VPOS="1251.0"
                    WIDTH="668.0"
                    HEIGHT="52.0"
                    WC="0.9861009101072947"></String>
          </TextLine>
          <TextLine ID="eSc_line_d8fcb889-610d-497d-8867-498b4c074b42"
                    TAGREFS="LT8"
                    BASELINE="275 1314 943 1305" 
                    HPOS="274.0"
                    VPOS="1285.0"
                    WIDTH="669.0"
                    HEIGHT="49.0">
            <Shape><Polygon POINTS="275 1314 275 1326 340 1334 341 1334 378 1333 379 1333 380 1333 380 1332 389 1325 431 1332 432 1332 433 1332 434 1332 447 1323 477 1323 503 1331 504 1331 505 1331 620 1321 641 1329 642 1329 643 1329 727 1328 728 1328 763 1320 789 1320 798 1327 799 1327 800 1327 801 1327 802 1327 803 1327 818 1319 861 1319 883 1325 883 1325 884 1325 942 1322 943 1305 940 1288 794 1291 750 1285 749 1285 748 1285 747 1285 740 1292 672 1292 633 1287 632 1287 631 1287 619 1294 541 1295 512 1289 511 1289 510 1289 499 1295 487 1289 486 1289 485 1289 484 1289 470 1296 406 1296 349 1291 348 1291 347 1291 328 1297 274 1293 275 1314"/></Shape>
            <String CONTENT="ſte puiſſance, tous les princes d’auiourd’huy remettent"
                    HPOS="274.0"
                    VPOS="1285.0"
                    WIDTH="669.0"
                    HEIGHT="49.0"
                    WC="0.9994361595673995"></String>
          </TextLine>
          <TextLine ID="eSc_line_95bf0b62-00b8-46a9-b9a6-4535a0a98e21"
                    TAGREFS="LT8"
                    BASELINE="276 1346 943 1337" 
                    HPOS="275.0"
                    VPOS="1314.0"
                    WIDTH="668.0"
                    HEIGHT="50.0">
            <Shape><Polygon POINTS="276 1346 276 1364 320 1359 368 1364 369 1364 370 1364 382 1358 401 1364 402 1364 402 1364 500 1358 507 1362 508 1362 509 1362 510 1363 571 1363 571 1362 572 1362 573 1362 579 1357 587 1361 588 1361 589 1362 646 1362 646 1361 647 1361 648 1361 655 1355 667 1359 668 1359 669 1359 670 1359 671 1359 677 1354 719 1360 720 1360 721 1360 722 1360 731 1353 793 1360 794 1360 828 1352 867 1359 868 1359 869 1359 889 1351 942 1351 943 1337 940 1316 862 1321 852 1314 851 1314 850 1314 812 1314 811 1314 810 1314 809 1314 809 1315 802 1321 768 1321 733 1315 732 1315 731 1315 730 1315 717 1323 646 1323 636 1317 635 1317 634 1317 633 1317 632 1317 610 1323 572 1317 571 1317 571 1317 570 1317 570 1318 562 1325 535 1325 522 1318 521 1318 520 1318 519 1318 519 1318 507 1325 423 1326 385 1320 384 1320 347 1327 275 1321 276 1346"/></Shape>
            <String CONTENT="donc aux heritiers des depoſez ce qu’ils poſſedent, &amp;"
                    HPOS="275.0"
                    VPOS="1314.0"
                    WIDTH="668.0"
                    HEIGHT="50.0"
                    WC="0.9993279182685996"></String>
          </TextLine>
          <TextLine ID="eSc_line_2b10edda-ff3b-4589-847b-9c4be87343c4"
                    TAGREFS="LT8"
                    BASELINE="275 1378 943 1370" 
                    HPOS="274.0"
                    VPOS="1348.0"
                    WIDTH="669.0"
                    HEIGHT="49.0">
            <Shape><Polygon POINTS="275 1378 275 1392 294 1396 295 1396 296 1396 315 1388 323 1395 323 1396 324 1396 324 1396 325 1397 348 1397 348 1396 349 1396 350 1396 350 1395 359 1387 385 1387 422 1395 423 1395 424 1395 455 1386 531 1393 532 1393 532 1393 545 1386 578 1385 610 1392 611 1392 649 1387 719 1391 720 1391 721 1391 746 1382 854 1382 864 1388 865 1388 866 1388 867 1388 942 1383 943 1370 940 1349 850 1354 824 1348 823 1348 775 1355 749 1349 748 1349 717 1356 687 1350 686 1350 636 1357 576 1351 575 1351 574 1351 573 1351 573 1352 569 1357 522 1358 499 1352 498 1352 497 1352 496 1352 495 1352 485 1359 459 1354 458 1354 412 1360 384 1354 383 1354 349 1360 328 1355 327 1355 326 1355 274 1361 275 1378"/></Shape>
            <String CONTENT="que les eſtats ont pretendu auoir droit de conferer. Or"
                    HPOS="274.0"
                    VPOS="1348.0"
                    WIDTH="669.0"
                    HEIGHT="49.0"
                    WC="0.9649192766709761"></String>
          </TextLine>
          <TextLine ID="eSc_line_67c5384e-7039-4ca0-bce5-3a6b8ec57754"
                    TAGREFS="LT8"
                    BASELINE="276 1410 943 1401" 
                    HPOS="275.0"
                    VPOS="1379.0"
                    WIDTH="668.0"
                    HEIGHT="50.0">
            <Shape><Polygon POINTS="276 1410 276 1421 319 1429 320 1429 321 1429 351 1421 414 1421 424 1426 425 1426 426 1426 427 1426 455 1421 497 1427 498 1427 499 1427 521 1419 547 1419 560 1426 561 1426 562 1426 563 1426 622 1425 623 1425 623 1425 634 1418 652 1424 653 1424 654 1424 655 1424 669 1417 694 1417 704 1424 705 1424 706 1424 707 1424 743 1424 744 1424 745 1424 745 1423 752 1417 765 1424 766 1424 766 1424 896 1422 897 1422 898 1422 907 1415 914 1421 915 1421 916 1421 917 1421 942 1419 943 1401 940 1379 907 1385 844 1380 843 1380 842 1380 841 1380 834 1386 809 1380 808 1380 807 1380 791 1386 742 1383 741 1383 695 1387 685 1383 684 1383 683 1383 640 1388 623 1383 623 1383 622 1383 621 1383 609 1388 582 1384 581 1384 580 1384 558 1389 537 1384 536 1384 535 1384 534 1384 519 1389 480 1385 480 1385 479 1385 478 1385 472 1389 367 1386 366 1386 365 1386 347 1392 320 1386 319 1386 275 1391 276 1410"/></Shape>
            <String CONTENT="cela reſolu que les eſtats peuuent reprimer le Roy, &amp;"
                    HPOS="275.0"
                    VPOS="1379.0"
                    WIDTH="668.0"
                    HEIGHT="50.0"
                    WC="0.9947381019592285"></String>
          </TextLine>
          <TextLine ID="eSc_line_365b9db7-fe3e-44f0-a495-3c30aec5a90d"
                    TAGREFS="LT8"
                    BASELINE="277 1443 940 1431" 
                    HPOS="276.0"
                    VPOS="1410.0"
                    WIDTH="664.0"
                    HEIGHT="61.0">
            <Shape><Polygon POINTS="277 1443 277 1466 326 1471 327 1471 384 1463 415 1469 415 1469 459 1462 468 1468 469 1468 470 1468 471 1468 532 1467 532 1467 583 1454 611 1463 612 1463 613 1463 614 1463 635 1453 672 1461 673 1461 674 1461 699 1453 786 1463 787 1463 805 1461 805 1461 806 1461 819 1450 939 1448 940 1431 938 1415 904 1410 903 1410 902 1410 883 1415 838 1411 837 1411 710 1418 698 1413 697 1413 696 1413 653 1419 635 1413 634 1413 633 1413 632 1413 618 1421 553 1421 532 1415 532 1415 531 1415 406 1424 389 1418 389 1418 388 1418 360 1423 327 1419 326 1419 290 1420 289 1420 276 1425 277 1443"/></Shape>
            <String CONTENT="que par la voye publique on le peut corriger &amp; appre¬"
                    HPOS="276.0"
                    VPOS="1410.0"
                    WIDTH="664.0"
                    HEIGHT="61.0"
                    WC="0.981605884039177"></String>
          </TextLine>
        </TextBlock>
        <TextBlock HPOS="844.0"
                   VPOS="1441.0"
                   WIDTH="107.0"
                   HEIGHT="41.0"
                   ID="eSc_textblock_1e68b02b-547e-4a3e-af40-c4ba4cefcea4"
                   TAGREFS="BT17">
          <Shape><Polygon POINTS="951 1441 951 1482 844 1482 844 1441"/></Shape>
          <TextLine ID="eSc_line_71a2ba84-1db5-4e2b-94fc-0619c47d12b2"
                    TAGREFS="LT8"
                    BASELINE="849 1466 943 1463" 
                    HPOS="848.0"
                    VPOS="1441.0"
                    WIDTH="95.0"
                    HEIGHT="40.0">
            <Shape><Polygon POINTS="922 1441 913 1441 904 1441 898 1441 878 1445 848 1442 849 1466 849 1476 875 1481 876 1481 943 1473 943 1463 941 1444 928 1441 922 1441"/></Shape>
            <String CONTENT="hender"
                    HPOS="848.0"
                    VPOS="1441.0"
                    WIDTH="95.0"
                    HEIGHT="40.0"
                    WC="0.9985676109790802"></String>
          </TextLine>
        </TextBlock>
      </PrintSpace>
    </Page>
  </Layout>
</alto>
