848 1417
104.0 88.0 137.0 37.0 18.D.LXXIIII

219.0 115.0 567.0 51.0 enfermez eux deux ſur vne terraſſe: & apres diſner il les

220.0 151.0 565.0 41.0 acompagna iuſques au chaſteau de Nantueil qui eſt à

222.0 178.0 563.0 42.0 quatre lieues de là, & qui appartient à la maiſon de Gui¬

222.0 204.0 564.0 43.0 ſe. Apres pluſieurs grands adieux & embraſſemens eſtãt

222.0 232.0 564.0 40.0 de retour à Dammartin, eſtant enquis de quelqu’vn de

222.0 256.0 563.0 44.0 ſes domeſtiques s’il luy plaiſoit pas aller en cour, reſ¬

223.0 284.0 563.0 41.0 pondit qu’il ne partiroit pour y aller que au iour de Paſ¬

225.0 312.0 562.0 38.0 ques. Il y auoit encor dix ou onze iours alors iuſques là.

226.0 337.0 562.0 40.0 Mais le lendemain vn de ſes ſeruiteurs domeſtiques nõ¬

226.0 364.0 562.0 42.0 mé Therignau le vint trouuer & luy dit que tous ſes a¬

226.0 394.0 562.0 37.0 mis deſiroyent qu’il fuſt aupres du Roy, & que le Roy &

226.0 421.0 563.0 36.0 la roine defiroyent fort le voir & l’auoir aupres d’eux.

226.0 443.0 562.0 41.0 Iamais (diſoit ce ſeruiteur) ils ne m’õt fait ſi bõne chere,

227.0 473.0 565.0 39.0 in mõſtré meilleur viſage qu’à ce coup. Vous nauez riẽ à

226.0 499.0 566.0 39.0 craindre, car vous n’y auez plus d’ennemis: ils s’en ſont

228.0 525.0 564.0 38.0 allez. Le mareſchal credule à ſon dommage ſit marcher

229.0 551.0 563.0 41.0 ſes mulets, & commanda chaſcun de monter à cheual,

230.0 579.0 563.0 38.0 puis s’en alla en ſon chaſteau de Chantilli à ſix lieuës de

229.0 606.0 566.0 40.0 là: & ſur le ſoir reſolut de partir le lendemain matin au

231.0 632.0 562.0 41.0 point du iour pour aller trouuer le Roy au bois de Vin¬

229.0 658.0 565.0 39.0 cennes. S’eſtãt mis en chemin, ſur les dix heures du ma¬

229.0 688.0 566.0 40.0 tin arriue vers luy le ſieur de Torcy enuoyé de la part du

230.0 715.0 564.0 36.0 Roy qui luy ſit entendre que le Roy auoit vn extreme

230.0 739.0 564.0 43.0 deſir de le voir, & le prioit de ſe haſter. Au moyẽ dequoy

229.0 766.0 567.0 40.0 Iedit mareſchal ne ſeiourna qu’il ne fuſt arriué au bois

231.0 792.0 566.0 40.0 de Vincennes, où incontinent il fut logé dedans le

229.0 820.0 569.0 38.0 Donion, & le mareſchal de Coſſé en vne chãbre aupres;

230.0 849.0 568.0 38.0 dont le Roy & la roine mere monſtroyent viſage fort

230.0 873.0 568.0 37.0 conſtant. Le mareſchal de Montmorency auoit fait

231.0 899.0 566.0 43.0 porter ſes oiſeaux de riuiere eſtimant qu’il auroit liber¬

231.0 927.0 568.0 40.0 té & loiſir d’aller chaſſer à ſa couſtume: mais il fut treize

231.0 954.0 568.0 42.0 iours ſans bouger du logis. Ce pendant luy faiſoit en¬

230.0 979.0 570.0 43.0 tendre par diuers eſpions quele roy ſon fils auoit afaire

231.0 1006.0 570.0 42.0 de luy: mais ſes amis & ſeruiteurs eſtoyent fort eſton¬

232.0 1036.0 569.0 39.0 nezqu’il n’alloit point aux champs & s’entrediſoyent

233.0 1059.0 566.0 44.0 qu’il eſtoit priſonnier. Et comme quelqu’vn d’entre

233.0 1087.0 567.0 38.0 eux luy demandoit comme les choſes alloyent, le ma¬

233.0 1112.0 567.0 42.0 reſchal fit reſponce que le Royni la roine ne luy auoyẽt

233.0 1140.0 568.0 47.0 iamais parlé à cœut ouuert iuſques à ceſte heure là &

385.0 82.0 240.0 42.0 Eſtat de France

753.0 1172.0 45.0 33.0 que
