848 1417
105.0 84.0 135.0 36.0 M. D.LXXIIII

225.0 129.0 569.0 33.0 on la pourſuiuit de tous coſtez pour l’attrapper enſem¬

222.0 150.0 571.0 38.0 ble le fieur de la Porte gentilhomme bien aimé dudit

222.0 178.0 570.0 38.0 ſieur mareſchal, & guidon de ſa compagnie d’hommes

222.0 204.0 570.0 39.0 d’armes: mais ils ſe ſauuerent tous deux, nonobſtant

222.0 231.0 569.0 39.0 Ies diuerſes embuſchez qui leurs furent dreſſees par ſoi¬

222.0 258.0 568.0 39.0 xante cheuaux en Champagne, Baſſigny, & iuiques à

223.0 285.0 567.0 37.0 Mets. Cependant les deux Mareſchaux furent enſerrez

224.0 310.0 564.0 39.0 dans la Baſtille, comme dit a eſté cy deuant, où nous

222.0 340.0 451.0 35.0 les lairrons, pour venir à d’autres matieres.

100.0 363.0 113.0 36.0 Commence¬

101.0 445.0 47.0 35.0 bles.

391.0 83.0 238.0 45.0 Eſtat de France

248.0 371.0 541.0 32.0 DVRANT ces remuemens, le Roy ne ſe portoit pas

99.0 388.0 120.0 39.0 mens de nou¬

226.0 389.0 562.0 39.0 mieux que de couſtume, ains voioit on ſa ſanté dimi¬

99.0 420.0 118.0 29.0 neaux trou¬

225.0 420.0 563.0 35.0 nuer à veuë d’œil. Luy ne ſauoit à qui ſe prendre, & ſe

222.0 446.0 566.0 35.0 voioit enuironné de confuſions de tous coſtez, & ce pẽ¬

222.0 473.0 565.0 37.0 dant ne diſoit mot: car il n’en eſtoit plus temps. La roi¬

223.0 500.0 563.0 36.0 ne mere, ceux de Guiſe, Birague & autres du conſeil ſe¬

222.0 527.0 565.0 37.0 cret manioyent tout à leur plaiſir. Par les interrogats

222.0 553.0 565.0 37.0 de la Mole, Coconnas & autres il appert que le duc d’A¬

222.0 580.0 564.0 34.0 lençon, le Roy de Nauarre & autres eſtoyent lon temps

222.0 606.0 564.0 34.0 auparauãt malcõtẽs de l’eſtat des afaires. On ne ſcait pas

223.0 639.0 563.0 28.0 ſi le duc en faiſoit ſemblãt ſeulemẽt: mais les embrouil¬

221.0 661.0 565.0 38.0 Iemẽs où les choſes ſe trouuoyent lors monſtroyẽt que

220.0 688.0 565.0 35.0 la roine ne le vouloit pas auancer, ains s’aſſeuroit qu’a¬

220.0 715.0 566.0 37.0 pres l’auoir manié à ſon plaiſir, elle s’en ſeruiroit con¬

219.0 742.0 566.0 38.0 tre ſes ennémis & feroit encor quelque beau coup, ſe¬

218.0 769.0 567.0 37.0 lon que le temps luy en preſenteroit les occaſions. Ce

219.0 795.0 566.0 35.0 pendant le Duc & le roy de Nauarre ayans fait entendre

219.0 821.0 566.0 37.0 à pluſieurs le deſir qu’ils auoyent que les choſes allaſſẽt

218.0 847.0 565.0 37.0 mieux, il auint que lon ſe remua en diuers endroits du

217.0 876.0 566.0 36.0 royaume, & fut auiſe au cõſeil de diners ſeigneurs & gẽ¬

215.0 902.0 567.0 38.0 tilhõmes que le vingt deuxieſme iour de Feurier 1574.

217.0 929.0 567.0 38.0 qui eſtoit le iour du mardi gras, autrement appellé Ca¬

215.0 957.0 567.0 36.0 reſme prenãt (auquel iour les Catholiques ont acouſtu¬

215.0 984.0 566.0 32.0 mé de laſcher la bride à tous plaiſirs) lon ſe ſaiſiroit de

218.0 1011.0 563.0 35.0 quelques villes en diuers endroits du roiaume, comme

216.0 1035.0 564.0 36.0 en Normandie, où ſe deuoit trouuer le comte de Mõt¬

218.0 1063.0 562.0 33.0 gõmeri. en Dauphiné où eſtoit le ſieur de Monbrun, en

216.0 1088.0 565.0 36.0 P'oitou ou eſtoit le ſieur de la Nouë. En Languedoc

214.0 1117.0 567.0 37.0 Ie mareſchal d’Anuille branſloit pour entrer en ligue

215.0 1145.0 565.0 37.0 auec ceux de la religion. Auenant ainſi la prinſe des vil¬

217.0 1171.0 562.0 65.0 les, e ſeroit pout moyéner la deſiurance du duc & du

735.0 1206.0 42.0 43.0 roy
