1000 1671
133.0 92.0 160.0 46.0 M. P.LXXUII

269.0 142.0 668.0 41.0 quand le prince obſerue les loix & qu’elles ſont tel¬

269.0 174.0 667.0 38.0 lement deffectueuſes que par là il demeure trop de

269.0 205.0 666.0 43.0 puiſſance en l’arbitre du Roy. Or le Roy & le tyran

269.0 236.0 667.0 39.0 qui veut durer ont cecy de commun de n’eſleuer tout

271.0 270.0 665.0 40.0 à coup de lieu obſcur quelqu’vn en eminence, car il ne

269.0 299.0 666.0 43.0 peut porter ceſte felicité & deuient arrogant: de faire

269.0 336.0 665.0 39.0 plus d’vn grand en vn eſtat, afin qu’ils s’entr’obſeruent,

268.0 362.0 667.0 43.0 & que lon ſe ſerue de l’vn contre l’autre en cas de rebel¬

268.0 394.0 666.0 43.0 lion: d’ẽpeſcher les outrages & ſus tout ne battre perſon

269.0 427.0 664.0 42.0 ne, car c’eſt vne iniure ſeruile qui a fait deſeſperer les hõ

268.0 459.0 667.0 41.0 mes & attẽter maintesfois à la vie. Que ſi quelqu’vn eſt

268.0 490.0 667.0 42.0 iniurié du prince & qu’il n’y euſt penſe, quand cela vien

268.0 521.0 666.0 44.0 dra à ſa notice qu’il le repare amplement: qu’il face que

267.0 554.0 667.0 41.0 les ſuiets qui ſont puiſſans ne greuent les petits. Par tels

267.0 590.0 668.0 36.0 moyens encor qu’aux autres parties de gouuernement

267.0 616.0 667.0 40.0 ils exercent iniuſtice ils ſont reputez bons & iuſtes prin¬

266.0 647.0 669.0 41.0 ces: mais bon & iuſte c’eſt à dire à proportion & au re¬

267.0 677.0 668.0 45.0 gard de ceux qui ſont plus meſchans & iniuſtes. On pra

267.0 712.0 667.0 40.0 tique doc en ce temps que quoy qu’vn prince exerce in¬

267.0 741.0 667.0 42.0 iuſtice entre luy & ſes ſuiets, pourueu qu’il rende iuſti¬

266.0 773.0 667.0 39.0 ce entre ſuiet & ſuiet, chaſcun ſe contient, & tels du¬

266.0 805.0 668.0 44.0 rent, eſtans tenus pour princes politiques, principale¬

266.0 837.0 669.0 42.0 ment quand ils enclinent à leur amour les gens excel¬

266.0 868.0 669.0 43.0 lents & d’autorité: qu’ils ne tiennent eſtat ſuperflu, &

265.0 898.0 669.0 39.0 au preallable qu’ils diſpoſent de leurs mœurs pour ne

267.0 931.0 665.0 42.0 donner ſcandale de leur vie, encores qu’en effect il n’y

268.0 962.0 665.0 42.0 cuſt aucune interieure reformation. Ce ſont Anges

269.0 993.0 665.0 41.0 en ce temps cy. Il faut donc beaucoup de parties &

269.0 1026.0 666.0 39.0 qualitez en vn bon prince: mais pourueu que les prin¬

271.0 1056.0 664.0 42.0 cipales demeurent, il faut louer Dieu, & ſupporter les

270.0 1088.0 664.0 37.0 deffauts à quoy la nature humaine eſt ſuiette. Les gra¬

270.0 1120.0 664.0 42.0 ues enſeignemens de Pythagoras contenus en ſes brie¬

270.0 1151.0 661.0 40.0 ues ſentences ſont bien à noter: Ne paſſe point le poids,

267.0 1181.0 665.0 42.0 dit il au Roy: c’eſt ſuiure iuſtice. Ne bleſſe point la cou¬

267.0 1213.0 666.0 43.0 ronne: c’eſt obſeruer la loy & garder le peuple en ſocie

267.0 1245.0 665.0 42.0 té & bonne paix. Ne chemine en la voye publique:

266.0 1276.0 664.0 45.0 c’eſtne ſuiure l’erreur commun, ains digerer toutes cho

474.0 92.0 275.0 52.0 Eſtat deFrance

125.0 1334.0 138.0 39.0 ne ment des

126.0 1370.0 91.0 48.0 ſemmes.

295.0 1337.0 634.0 49.0 Que ſera ce donc de ceux qui inſtalent les femmes

831.0 1375.0 96.0 43.0 à com¬
