1000 1671
144.0 103.0 160.0 42.0 M. D. LXXIII2

281.0 152.0 667.0 36.0 enuers la patrie, comme il en eſt auenu à Metellus qui

280.0 179.0 668.0 43.0 fut banni, Hannibal & Camille chaſſez, Socrates empoi

282.0 209.0 666.0 48.0 ſonné, Lycurge outragé & Solon relegué en Cypre. Ain

281.0 246.0 667.0 41.0 ſi le ſentiment & auis ſimple du peuple eſt treſperni¬

281.0 274.0 666.0 42.0 cieux pour la puiſſance & pour ſoymeſmes, mais reiglé

280.0 305.0 667.0 46.0 & conduit par l’ordre requis tresbon & neceſſaire:com¬

280.0 337.0 319.0 38.0 me il ſera dit en ſon lieu.

144.0 386.0 140.0 44.0 Quels royau

144.0 420.0 128.0 49.0 mes ne ſont

143.0 450.0 100.0 36.0 de duree.

312.0 368.0 636.0 41.0 Or les royaumes Barbarins ne ſont ciuils ni de duree:

283.0 400.0 664.0 43.0 car les peuples venans à eſtre ciuiliſez voudront deme¬

282.0 430.0 666.0 48.0 ner vie humaine au lieu de leur precedente façon beſtia

281.0 462.0 665.0 45.0 Je. Que ſi vn roy fait vne conqueſte comme autresfois

281.0 492.0 666.0 50.0 fit Merouee ſur les Romains à cauſe qu’ils tyranniſoyẽt

281.0 526.0 665.0 46.0 le peuple Gaulois, c’eſt equité &iuſtice qui ſont moteurs

281.0 560.0 665.0 44.0 de telle entrepriſe: mais il faut euiter apres ce que lon

282.0 592.0 662.0 42.0 condamne en autruy. Car le peuple n’euſt eſte moins

281.0 621.0 666.0 43.0 oppreſſé par le conquerant que par le deſmis, s’il n’y euſt

281.0 655.0 663.0 40.0 eu augmentation de liberté. Quoy que s’en ſoit, encores

282.0 683.0 666.0 45.0 que Merouee euſt conquis les Gaules, & qu’il euſt la puiſ

283.0 713.0 664.0 44.0 ſance directe ſur la ſubſtance de tous les habitans de la

282.0 745.0 665.0 50.0 region, ſi ne pouuoit il ſe vendiquer la poſſeſſion vtile

283.0 778.0 663.0 46.0 qui conſiſte en proprieté & vſage, ſi ce n’eſtoit des cho¬

281.0 810.0 665.0 46.0 ſes butinees en hoſtilité ſur ceux qui faiſoyent reſiſtan¬

283.0 841.0 664.0 43.0 ce. Au contraire il fit vn corps tant des François ſes cõ¬

283.0 872.0 663.0 49.0 parriottes que des Gaulois conquis, & par loix & con¬

284.0 905.0 662.0 40.0 uenances eſtablit vn empire ferme & durable, com¬

284.0 935.0 663.0 45.0 me on void, ſous lequel le peuple a ſenty tant d’vtilité

284.0 966.0 663.0 46.0 qu’apres Dieu il n’a iamais monſtré auoir rien ſi cher

284.0 998.0 664.0 40.0 que d’en voir la conſeruation ſous le prince naturel qui

285.0 1030.0 663.0 47.0 y regne: & s’eſt pratiqué en icelle ce qui eſt dit que la par

146.0 1061.0 136.0 42.0 Platon 8. de

292.0 1059.0 656.0 46.0 faite & heureuſe republique eſt celle qui eſt entrelieo

284.0 1095.0 664.0 43.0 d’vne acordante volonté de tous les citoyens aſpirante

287.0 1125.0 661.0 43.0 à vn commun bien, en laquelle ſi aucun reluit en pru¬

284.0 1156.0 664.0 44.0 dence il eſt honoré, mais non pour vſurper telle puiſſan¬

285.0 1188.0 663.0 41.0 ce qu’il puiſſe ordonner ſans ceux qui pour leur ſuffiſan

283.0 1217.0 665.0 42.0 ce ſont eſleus aux charges honorables de la republique.

283.0 1248.0 663.0 45.0 Ainſi la domination compoſee de royaulté & des meil¬

283.0 1281.0 663.0 42.0 leurs & plus ſuffiſans eſt louable, & toute autre eſpece

284.0 1313.0 663.0 47.0 de ciuile adminiſtration eſt malheureuſe & inutile à la

284.0 1347.0 401.0 39.0 conſtitution d’vn eſtat politique.

498.0 99.0 277.0 51.0 Eſtat de France

146.0 1095.0 84.0 45.0 repub.

313.0 1385.0 635.0 44.0 Donques pour bien eſtablir ceſte ſeconde eſpece de

861.0 1413.0 82.0 38.0 roiau¬
