848 1417
178.0 76.0 278.0 48.0 Sous Charles Ix.

553.0 72.0 68.0 46.0 228

55.0 122.0 567.0 33.0 tout, & qu’il eſtoit partant beſoin de pouruoir à leur

55.0 146.0 567.0 35.0 ſeureté, & à la conſeruation de la ville pour la retenir en

55.0 173.0 565.0 37.0 l’obeiſſance du Roy, de laquelle dependoient les autres

57.0 199.0 563.0 36.0 villes de Poitou, comme capitale du pays, reiettãt la pri¬

55.0 225.0 566.0 37.0 ſe de Luſignen ſur le ſieur de Saincte Souline, lequel il

55.0 251.0 567.0 36.0 iugeoit bien ſe deuoir oppoſer à ſon deſſein, le voulant

56.0 278.0 565.0 40.0 pour ceſte raiſon, rendre ſuſpect & odieux à ceux deſ¬

57.0 307.0 565.0 37.0 quels il ne s’aſſeuroit: penſant par la haine qu’il cõcitoit

55.0 335.0 567.0 36.0 contre luy, qu’on le croyroit, & luy obeiroit on mieux.

57.0 360.0 565.0 36.0 Ainſi donques acompagné il ſe promena par la ville;

56.0 386.0 568.0 39.0 pour pouruoir à ce qui eſtoit neceſſaire, comme il diſoit

57.0 414.0 567.0 37.0 cõbien que ce fuſt pour aſſembler pres de luy tous ceux

56.0 440.0 568.0 39.0 deſquels il s’aſſeuroit, eſperant qu’eſtant ainſi acõpagné

57.0 468.0 567.0 35.0 ſa preſence empeſcheroit qu’aucũ de la ville n’euſt lahar

56.0 493.0 568.0 37.0 dieſſe de s’oppoſer à ce qu’il prerendoit faire, & de là il

56.0 521.0 569.0 36.0 s’en alla au chaſteau pour s’en ſaiſir: mais ayãt celuy qui

59.0 546.0 566.0 37.0 y commãdoit expreſſémẽt eſté chargé du cõte du Lude

59.0 573.0 565.0 37.0 de n’ouurir le chaſteau à perſonne ſuſpecte, norãmẽt au

61.0 601.0 564.0 37.0 lieutenant ne autre quelconque, cela fut cauſe que l’en¬

57.0 626.0 568.0 37.0 tree d’iceluy chaſteau fut deſnice au lieutenãt, combien

58.0 654.0 567.0 37.0 qu’eſtant deuãt il vſaſt de remonſtrãces & parolles dou¬

59.0 680.0 567.0 37.0 ces à l’endroit de celuy qui y commãdoit, l’aſſeurãt qu’il

59.0 706.0 566.0 33.0 eſtoit venu là expres pour le viſiter & fortifier de ce dõt

59.0 732.0 566.0 32.0 il auroit à faire deluy. Et ne pouuãt par telles ruſes obte¬

59.0 758.0 568.0 34.0 nir l’ẽtree dudit chaſteau, il vſa de menaces, puis s’adreſ¬

60.0 787.0 567.0 35.0 ſant à ceux qui l’acompagnoient, il leur dict qu’ils ne

61.0 815.0 567.0 33.0 pouuoient eſtre aſſeurez en la ville ſi ceux qui tenoient

60.0 843.0 568.0 33.0 Ie chaſteau ne leur eſtoient fidelles, & qu’il failloit par

60.0 867.0 569.0 36.0 quelque moyẽ que ce fuſt s’ẽ aſſeurer. Mais voyãt que ſes

61.0 895.0 568.0 33.0 prieres ny ſes menaces n’auoiẽt aucune force, il s’en re¬

60.0 919.0 568.0 35.0 fourne à ſa maiſõ ſãs riẽ faire, faſché cõme lõ peut pẽſer.

86.0 950.0 544.0 33.0 Le ſieur de ſaincte Souline ſçachant à quoy tendoit

62.0 973.0 567.0 39.0 Ie lieutenant qui ſe promenoit ainſi acompagné par là

62.0 1000.0 569.0 34.0 ville, amaſſa auſſi au meſme inſtant vn bon nombre

62.0 1028.0 570.0 33.0 des ſiens, & ſuiuy d’eux il s’en alla à la porte de la

61.0 1056.0 571.0 31.0 trenchee, qui eſt du coſté de Luſignen, de peur qu’il

59.0 1081.0 572.0 37.0 ne s’en ſaiſiſt. Ce que ſçachant le lieutenant à ſon re¬

61.0 1109.0 570.0 34.0 tour du chaſteau, parlant encore plus ouuertement

61.0 1135.0 570.0 37.0 contre le ſieur de ſaincte Souline, diſoit au peuple par

59.0 1161.0 573.0 49.0 les ruë à haure voix, que on ne pouuoit plus doures

469.0 1191.0 83.0 37.0 EE 4
