848 1417
65.0 127.0 566.0 35.0 roy de Nauarre, & ramener les choſes à quelque bon

64.0 152.0 567.0 36.0 eſtat, en deliurant auſſi tous autres oppreſſez de maux

64.0 177.0 566.0 38.0 eſquels le royaume eſtoit reduit, & faire vne vnion des

66.0 207.0 564.0 35.0 vns & des autres pour s’oppoſer au mal auenir. Les au¬

65.0 232.0 565.0 36.0 teurs de ces conſeils eſtoyent auouez par le duc d’Alen¬

64.0 258.0 567.0 37.0 çon. Mais la roine mere & ceux de ſon conſeil ſceurent

65.0 284.0 565.0 39.0 bien ſe ſeruir de telles entrepriſes, leſquelles ils deſ¬

64.0 313.0 566.0 34.0 couuroyent incontinent, pour ſe maintenir plus que

62.0 338.0 569.0 37.0 jamais. Au lieu d’en empeſcher l’execution ils reſolu¬

64.0 366.0 566.0 34.0 rent de laiſſer venir le comte de Montgommery en

65.0 392.0 566.0 37.0 Normandie, ſous l’armee du duc d’Alençon, afin de

66.0 421.0 566.0 36.0 l’y attrapper. Et quant au Poitou ils dreſſeroyent vne

64.0 447.0 567.0 36.0 armee pour ſe desfaire de ceux qui ſe ſeroyent deſcou¬

64.0 473.0 565.0 37.0 uerts de bonne heure. Pour le regard du Languedoc,

64.0 499.0 567.0 37.0 ils lairroyent le mareſchal de Danuille ſe ioindre auec

64.0 526.0 567.0 36.0 ceux de la religion p ourauoirtant meilleure prinſe ſur

64.0 553.0 568.0 37.0 luy, ou s’aider d’autres moyens auec le temps pour s’en

64.0 580.0 566.0 38.0 ſeruir contre leſdits de la religion, apres qu’ils auroiẽt

65.0 610.0 269.0 32.0 deſcouuert leurs moyens.

198.0 82.0 261.0 45.0 Sous Charles ix.

566.0 84.0 63.0 39.0 216

88.0 640.0 542.0 30.0 Le ſieur de la Noüë vint à la Rochelle où peu aupa¬

65.0 662.0 566.0 35.0 rauant auo yent eſté executez à mort les Capitaine la

63.0 689.0 566.0 31.0 Plante, la Porte & autres traiſtres qui auoyent pro¬

63.0 715.0 567.0 36.0 mis de donner entree en la ville aux ſieurs du Lude

66.0 741.0 564.0 37.0 gouuerneur pour le Roy en Poictou, & de Biron auſſi

66.0 768.0 564.0 36.0 gouuerneur én Saintonge, leſquels à certain iour ſe de¬

65.0 798.0 565.0 30.0 uoyent rendre pres de la ville pour remettre icelle en la

66.0 821.0 564.0 35.0 puiſſance du conſeil ſecret. Le ſieur de la Nouë ayant

63.0 847.0 565.0 36.0 auerti quelques autres gentilhommest, & s’eſtans aſſem

63.0 876.0 566.0 33.0 blez de diuers endroits auiſerent à ce qui eſtoit expediẽt

62.0 899.0 566.0 39.0 pour les afaires de la guerre, puis fireur dreſſer vne de¬

62.0 928.0 566.0 37.0 claration de leur prinſe d’armes, laquelle contenoit ce

66.0 954.0 126.0 40.0 que s’enſuit

86.0 985.0 537.0 32.0 ESTANT plus que notoire à chaſcũ que ceux qui fai

635.0 980.0 109.0 42.0 Declarationt

61.0 1010.0 567.0 34.0 ſoyẽt profeſſion de la religiõ reformee, ſe cõtenãs ſous

61.0 1034.0 563.0 38.0 I’autorité & obeiſſãce des edits du roy, ayẽt eſté inhumai

62.0 1063.0 565.0 33.0 nement maſſacrez: & que ceux qui õt eſchappé la fureur

62.0 1089.0 565.0 34.0 de tãt de meurtres iõt renꝰ ſoꝰ des cõditiõsſi dures & im

61.0 1117.0 564.0 35.0 portables que la mort leur ſeroit quaſi autant deſirable,

59.0 1143.0 569.0 35.0 eſtãt leur vie recerchee par toutes ſortes d’artifices, la iu¬

59.0 1168.0 567.0 54.0 ſtice deſnice à leur iuſté plainre, & fõt priuez en la pluſ¬

579.0 1203.0 49.0 33.0 part
