1000 1671
75.0 173.0 651.0 26.0 de la fenommee. Cependant pariny gens corrompus en

74.0 189.0 654.0 43.0 toutes les parties de la cité le moyen ni le droit ne ſe

73.0 220.0 659.0 41.0 ſuiuent point: car on accuſe mal à propos, & ſe tait on

73.0 251.0 660.0 43.0 quand il faut accuſer: tellement qu’au lieu de rapports

74.0 287.0 662.0 38.0 conuënables on ne void que monopoles & complots

72.0 314.0 662.0 43.0 des hommes contre Dieu & les choſes plus requiſes

72.0 347.0 663.0 42.0 de la nature. Quand l’empire Romain a eſté entrete¬

75.0 379.0 661.0 43.0 nu par amour & bienfaicts, non par hypocriſie, cru¬

73.0 410.0 664.0 43.0 auté, iniuſtice & calomnies, les guerres d’iceluy ont

73.0 441.0 662.0 42.0 eſté pour la tuition de la patrie & manutention des

74.0 472.0 660.0 44.0 confederez: les iſſues & limites ont eſté pleines de tou¬

73.0 506.0 660.0 40.0 te priuauté & douceur, n’eſtoit que quelque neceſſi¬

73.0 540.0 661.0 33.0 té ſuruenante en requiſt autrement. Rome le port &

72.0 566.0 660.0 45.0 refuge des roys, des peuples & des nations affligees.

72.0 600.0 662.0 36.0 A ceſte heure que les mœurs & conditions ſont chan¬

74.0 628.0 662.0 40.0 gees, on nous hait & meſpriſe diſoit Ciceron & ne

74.0 660.0 662.0 44.0 veut on auoir afaire auec nous, conſiderant puiſque par

74.0 693.0 662.0 40.0 nos vices nous taſchons de deſchirer nos propres en¬

71.0 723.0 665.0 42.0 trailles malaiſement ſe pourroyent aſſeurer en noſtre

73.0 756.0 662.0 43.0 vertu ceux qui ne nous attouchent qu’au dehors. Ie dy

71.0 786.0 664.0 45.0 d’autrepart qu’il n’eſt choſe plus outrageuſe que de

70.0 817.0 664.0 47.0 fonder ſa puiſſance ſur la cruauté en vne cité franche,

72.0 852.0 662.0 41.0 & tels ſe trouuent trompez en leurs deſſeins: car quand

72.0 880.0 661.0 45.0 ils auront enerué les loix & qu’elles ſeront decheutes

69.0 913.0 665.0 45.0 du tout, en fin la neceſſité les reſuſcitera auec dautant

72.0 945.0 661.0 44.0 plus de vigueur que la melice des hommes requerra

71.0 977.0 663.0 43.0 plus de lieux que deuant: ou bien que la republique ſe

75.0 1008.0 658.0 43.0 perde du tout, ſuiuant la crainte des vertueux. C’eſt de¬

74.0 1039.0 660.0 47.0 quoy ils ſe plaignoyent à Rome, voyans que ceux qui

72.0 1070.0 667.0 46.0 s’affriandent à la graiſſe de la ruine publique, s’atten¬

70.0 1103.0 664.0 41.0 dent touſiours d’y continuer, & pour cela deſirent nour

70.0 1134.0 664.0 44.0 rir les troubles, comme Publius Sylla qui auoit executé

70.0 1165.0 664.0 41.0 les cruautez de Lucius Sylla durãt ſa Dictature: il ſe trou

69.0 1196.0 664.0 46.0 ua apres des premiers aux entrepriſes & executions de

70.0 1230.0 663.0 43.0 Cæſar. Cornelius auſſi qui fut ſecretaire de Sylla, fut

69.0 1259.0 660.0 42.0 apres threſorier de Cæſar. Ainſi les loyers que telles

71.0 1290.0 660.0 46.0 gens attendent fecont que les guerres ciuiles ne de¬

68.0 1325.0 660.0 43.0 faudront & qu’elles vuiderane les pays, ou ches ierone,

68.0 1357.0 663.0 47.0 de bons habitans & citoyens, qui eſt la ruine & perte

248.0 109.0 295.0 50.0 Sous Charles Ix.

664.0 113.0 71.0 53.0 184

742.0 161.0 129.0 38.0 Cie. au 2. des

744.0 192.0 29.0 39.0 f.
