1000 1671
251.0 95.0 288.0 53.0 Sous Charles ix.

75.0 151.0 666.0 43.0 quitter de leur charge ils ſe ſont deportez en partie des

75.0 178.0 665.0 45.0 choſes familieres. On peut remarquer comment ils par¬

75.0 209.0 665.0 47.0 loyent des choſes diuines, comme ayans receu les ora¬

73.0 240.0 667.0 45.0 cles celeſtes pour les annõcer à leurs inferieurs. Ainſi en

76.0 273.0 665.0 42.0 ont fait Enoc, Lamech, & Noé ſon fils, en leurs iours: tel

75.0 305.0 666.0 43.0 lement que leur parole auoit force de loy, le tout ten¬

76.0 336.0 667.0 43.0 dant à l’edification des citez, voulans introduire en icel¬

76.0 368.0 667.0 45.0 les la vraye & parfaite concorde. Dieu a enſeigné ces

75.0 397.0 668.0 45.0 choſes aux ſiens &la natute ſans autre docteur l’a enſei¬

78.0 438.0 216.0 42.0 gné aux Payens.

105.0 469.0 638.0 36.0 Le bien que produit telle choſe a fait dire à quelques

76.0 491.0 667.0 53.0 vns par admiration qu’il n’y a choſe en la terre plus agre

76.0 524.0 664.0 45.0 able au ſouuerain ſeigneur Dieu qui gouuerne tout le

77.0 559.0 668.0 45.0 monde que les aſſemblees des hõmes aſſociez par droit,

77.0 591.0 669.0 45.0 que lon appelle citez. C’eſt à ce propos que Pythagoras

77.0 625.0 669.0 36.0 dit en ſes enſeignemens que par amitié faut qu’vn hom¬

79.0 651.0 666.0 42.0 me ſoit fait de pluſieurs autres: & la communité ainſi e¬

77.0 686.0 669.0 38.0 ſtablie ſe pouſſe & entretient par benefices mutuels &

79.0 715.0 667.0 48.0 reciproques entre les hommes, leſquels eſtans agreables

79.0 748.0 667.0 41.0 entr’eux cela les allie enſemble en ferme & durable ſo¬

79.0 779.0 668.0 42.0 cieté. Il y a pluſieurs ſocietez entre les hommes: mais

79.0 813.0 667.0 42.0 quand par raiſon & entendement on aura bien tout cõ¬

79.0 845.0 664.0 40.0 ſideré il n’y en a nulle ſi gracieuſe (dit Ciceron) ne ſi che

79.0 877.0 663.0 43.0 re que celle que chaſcun doit auoir à la choſe publique,

80.0 908.0 666.0 37.0 Car elle contient toutes les charitez & amours des ſo¬

80.0 940.0 669.0 42.0 cietez particulieres, pour la deffence de laquelle nul ne

81.0 971.0 669.0 43.0 doit craĩdre la mort, ſi par icelle il y peut profiter. Voyez

80.0 1002.0 670.0 44.0 donc que c’eſt de ceux qui par guerre deſchirẽt leur pro¬

82.0 1035.0 665.0 41.0 pre pays. L’image de ceſte ſocieté vniuerſelle ſe repre¬

80.0 1065.0 664.0 38.0 ſente en celle de la maiſon, ainſi qu’il eſt dit que le pere

81.0 1099.0 663.0 38.0 figure le prince, comme ainſi ſoit qu’elle ſoit parcelle de

80.0 1129.0 666.0 37.0 la cité, elle en eſt auſſi le commencement. Or tout cõ¬

80.0 1162.0 668.0 42.0 mencement ſe rapporte à quelque fin de ſon genre, &

81.0 1192.0 667.0 40.0 toute partie à l’integrité de ſon tout. Ainſi la paix dome

81.0 1224.0 467.0 40.0 ſtique ſe rapporte à la concorde ciuile.

754.0 1049.0 130.0 39.0 Auguſt. ci¬

752.0 1077.0 132.0 46.0 té de Dieu,

752.0 1111.0 81.0 46.0 liu.19.

749.0 458.0 134.0 43.0 Ciceron au

749.0 491.0 132.0 49.0 ſonge de Sci

749.0 536.0 53.0 57.0 pion.

747.0 832.0 142.0 55.0 Aui desof

747.0 870.0 58.0 47.0 fices.

112.0 1262.0 636.0 36.0 Cité donc ainſi qu’en determinent les anciens eſt

83.0 1288.0 663.0 43.0 vne communication compoſee de maiſons & de ligna¬

85.0 1319.0 664.0 44.0 ges, eſtablie pour demener vie parfaicte & qui ſoit par

81.0 1350.0 668.0 42.0 ſoy ſuffiſante. L’amitié eſt la ſource & nourriture de la

81.0 1381.0 666.0 53.0 communion politique, dont la fin eſt de produire bon¬
