1000 1671
110.0 103.0 166.0 40.0 M. D. LXXIIII

109.0 234.0 62.0 38.0 quis.

104.0 183.0 142.0 59.0 ffide pænil ſi

247.0 158.0 671.0 41.0 tesfois quãd il y a quelque grande cauſeou raiſon publi¬

253.0 179.0 664.0 47.0 que, ledroit en ordõne autremẽt: cõe vn prelat qui ſeroit

247.0 214.0 670.0 46.0 ladre, pour le ſcãdale & abominatiõ du peuple on luy o¬

247.0 246.0 673.0 42.0 ſtera l’adminiſtration & le benefice. Il y a à cõſider auſſi

247.0 277.0 672.0 48.0 l’intẽtiõ & volõté de celuy qui perpetre quelqu’acte:cõ¬

247.0 310.0 673.0 43.0 me ſi vn hõme en tirãt à vn oiſeau tue vn hõme, c’eſt vn

248.0 342.0 673.0 46.0 erreur: ſi vn tire au trauers d’vne rue où gẽs ont acouſtu

249.0 374.0 671.0 46.0 mé de paſſer, & qu’en ceſt inſtãt par accidẽt il paſſe vn hõ

249.0 406.0 672.0 44.0 me qui ſe trouue tué, c’eſt vn peché & choſe illicite. Sivn

251.0 437.0 669.0 42.0 hõme par neceſſité prend du biẽ d’autruy pour viure, ou

252.0 470.0 668.0 44.0 pour choſe naturelle, il fait mal à autruy: comme ſi en

252.0 501.0 670.0 45.0 s’enfuyant de peur mauuaiſe il precipitoit quelqu’vn

252.0 532.0 667.0 42.0 qu’il trouueroit en ſon chemin. Toutes ces choſes ſont

252.0 565.0 668.0 44.0 à digerer & conſiderer equitablement: car celuy eſt repu

252.0 595.0 667.0 47.0 té puniſſable, qui de fait auiſé auec longue deliberatiõ

253.0 628.0 666.0 41.0 va contre les droits. Vn tel di-ie eſt griefuement puniſſa

250.0 660.0 670.0 41.0 ble quand la choſe eſt aueree & conue par bon examen:

251.0 691.0 670.0 47.0 ce qu’il faut pratiquer & ne rien precipiter non pas aux

251.0 723.0 669.0 45.0 plus grãs crimes meſmes. Car en matiere de crime de le¬

251.0 758.0 668.0 41.0 ſe maieſté, qui tient les premiers rangs entre les crimes,

252.0 787.0 667.0 42.0 ſi faut il peſer ſongneuſement les circonſtances, & con¬

251.0 818.0 669.0 46.0 ſiderer la qualité de la perſonne, pour voir ſi au vray elle

251.0 851.0 669.0 44.0 doit auoir pourpenſé de machiner contre ſon prince.

252.0 881.0 670.0 45.0 Car s’il y a faulte par indiſcretiõ ou legereté on ne doit

252.0 913.0 668.0 47.0 pas facilement rirer telle faute à peine, ains la doit on au

251.0 951.0 235.0 35.0 cunement excuſer.

427.0 103.0 277.0 54.0 Eſtat de France

111.0 965.0 139.0 58.0 Fl. qui occi¬

112.0 1009.0 138.0 45.0 dit.5.pen. ad

110.0 1045.0 139.0 35.0 l.Aquil, l.1.

110.0 1072.0 140.0 47.0 S.fin. de aſſer

108.0 1109.0 119.0 46.0 tis-tollend.

105.0 1281.0 134.0 59.0 fl recipien¬

105.0 1325.0 138.0 39.0 ti. de panis

107.0 1359.0 128.0 47.0 cap. diſcipli

107.0 1401.0 48.0 30.0 na.

254.0 1134.0 666.0 48.0 Quant à la ſeconde ſi l’occaſiõ eſt eſlongnee du fait, ce¬

252.0 1168.0 669.0 47.0 luy qui l’a donnee n’eſt point participant du crime. Tou

250.0 1198.0 672.0 46.0 tes ces choſes eſtans en la charge, iugement & deciſion

250.0 1230.0 671.0 46.0 du magiſtrat, il doit en tout euene ment vſer de debon¬

250.0 1263.0 672.0 47.0 nairete: car c’eſt ce qui aſſaiſonne la iuſtice, & puiſapres

248.0 1389.0 674.0 62.0 ſericorde qui encline l’hõme à pitié pour adoucir & di¬

291.0 985.0 625.0 35.0 Il y a auſſi à conſiderer quelles ſont les occaſions d’vn

259.0 1006.0 661.0 46.0 meſfait, dõt il y a deux eſpeces. L’vne s’appelle immedia

256.0 1041.0 663.0 43.0 te qui eſt prochaine & voiſine du fait. L’autre eſt eſlon¬

259.0 1069.0 661.0 50.0 gnee & ſeparee. Quãt à la premiere, celuy qui baille l’oc

256.0 1101.0 664.0 45.0 caſion au forfait ſe rend luy meſme coulpable du crime.

256.0 1293.0 664.0 49.0 ſelon les cas vſer de la ſeuerité, afin que le public proufi

254.0 1322.0 666.0 48.0 te en l’exemple & punition du particulier. Ce pendant

256.0 1354.0 664.0 53.0 faut auiſer qu’il y a vne debonnaireté qu’on appelle mi¬

818.0 1424.0 100.0 47.0 minuer
