1000 1671
65.0 140.0 669.0 37.0 & la forme de conſtituer les hommes à preſider ſur les

64.0 166.0 673.0 41.0 afaires, ou ſur le corps de la republique, ſi ainſi eſt que

64.0 197.0 668.0 46.0 le ſucces ne reſponde à l’intention & à l’eſperance des

65.0 242.0 128.0 29.0 citoyens ?

216.0 87.0 313.0 48.0 Sous Charles IX.

92.0 266.0 640.0 33.0 La forme & maniere de noſtre eſtat de Frãce eſt loua¬

63.0 291.0 665.0 44.0 ble, & de faict elle ſuit les traces du Royaume inſtitué

63.0 324.0 664.0 41.0 de Dieu en Iſrael, & ſe conforme enſubſtãce à la Police

54.0 1367.0 667.0 49.0 tre: car la maniere de proceder par pratiques & mences

64.0 358.0 663.0 41.0 des Romains. Premierement on void que deuant Sa¬

63.0 389.0 664.0 38.0 muel la Republique des Iuifs eſtoit gouuernee par

63.0 424.0 667.0 35.0 quelque nombre des plus ſages & gens de bien, ſuyuant

63.0 451.0 671.0 43.0 ce que Iethro conſeilla treſſagement à Moyſe deſſire

63.0 485.0 671.0 43.0 des anciẽs pour gouuerner les negoces du peuple, & que

63.0 516.0 670.0 41.0 les grands afaires ſe rapportaſſent à Moyſe pour ſauoir

63.0 546.0 671.0 44.0 ſur iceux la volonté du Seigneur. L’eſt at eſtoit bien po¬

63.0 579.0 670.0 42.0 licé ayant magiſtrats qui n’eſtoyent eſleus que pour le

63.0 610.0 670.0 39.0 ſimple eſgard de vertu. Les Romains preſque ainſi laiſ¬

63.0 642.0 664.0 40.0 ſoyẽt la charge de la cité aux Conſuls & aux Senateurs,

63.0 671.0 667.0 43.0 reſeruant les afaires les plus graues à la conoiſſance du

64.0 704.0 666.0 42.0 peuple. Et comme le peuple de Dieu, qui, ſuruenant

63.0 736.0 667.0 42.0 quelque grand afaire, n’en pouuoit decider, ils auoyẽt

63.0 767.0 666.0 44.0 recours à leur Iuge, protecteur & mainteneur de leur

64.0 799.0 663.0 42.0 vraye liberté, qui eſt Dieu: ainſi les Romains en leur

61.0 829.0 666.0 40.0 anxieté creoyent vn Dictateur, afin d’auiſer ſouuerai¬

63.0 862.0 664.0 43.0 nement pour ſon temps au ſalut de la republique. Lors

61.0 893.0 665.0 39.0 les autres Magiſtrats faiſoyent ſilence & demeuroit leur

63.0 924.0 663.0 42.0 puiſſance quoye. Le ſenat des anciens de Iuda dura tou¬

62.0 958.0 663.0 37.0 ſiours, meſmes iuſques au temps de Ieſus Chriſt comme

61.0 986.0 663.0 44.0 a faict le ſenat Romain ſous tous les gouuernemens qui

63.0 1019.0 660.0 43.0 y ſont interuenus. Le Roy eſt depuis ſuruenu en luda

61.0 1050.0 662.0 43.0 & le Dictateur perpetuel à Rome: comme auſſi il y a

61.0 1083.0 662.0 36.0 Roy ſucceſſiuement en France, qui eſt comme vne ima¬

60.0 1113.0 663.0 43.0 ge de l’eternité par ladite ſucceſſiõ: & quãd ce ſupreme

58.0 1147.0 663.0 42.0 magiſtrat parle le ſenat & autres inferieurs ſe taiſent, ſi

57.0 1177.0 665.0 41.0 ce n’eſt en cas d’iniuſtice contre le public, là où il faut

59.0 1209.0 662.0 41.0 qu’ils s’oppoſent s’ils ne veulent encourir note de fau¬

56.0 1239.0 664.0 43.0 ceté, trahiſon & perfidie. Et de faict Marc Antoine n’e¬

56.0 1272.0 665.0 36.0 ſtoit reputé conſul pour l’auoir eſté creé auec la forme

57.0 1305.0 664.0 40.0 vſitee & ſolennelle, ne pour auoir eſté en poſſeſſion de

55.0 1335.0 665.0 41.0 l’exercice de la charge, ne pour en auoir le nom & ti¬

667.0 90.0 62.0 53.0 185

574.0 1402.0 52.0 44.0 AA

200.0 1406.0 136.0 45.0 II. volume

737.0 273.0 110.0 42.0 L’eſtat de

738.0 310.0 107.0 39.0 France à

736.0 340.0 132.0 45.0 quels autres

736.0 373.0 136.0 50.0 eſtats reſſem¬

737.0 405.0 39.0 40.0 ble.
