<?xml version="1.0" encoding="UTF-8"?>
<alto xmlns:xsi="http://www.w3.org/2001/XMLSchema-instance"
      xmlns="http://www.loc.gov/standards/alto/ns-v4#"
      xsi:schemaLocation="http://www.loc.gov/standards/alto/ns-v4# http://www.loc.gov/standards/alto/v4/alto-4-2.xsd">
  <Description>
    <MeasurementUnit>pixel</MeasurementUnit>
    <sourceImageInformation>
      <fileName>1_Discours_politiques_des_diverses_puissances_059.jpg</fileName>
    </sourceImageInformation>
  </Description>
  <Tags>
    <OtherTag ID="BT7" LABEL="CustomZone" DESCRIPTION="block type CustomZone"/><OtherTag ID="BT8" LABEL="DamageZone" DESCRIPTION="block type DamageZone"/><OtherTag ID="BT9" LABEL="DigitizationArtefactZone" DESCRIPTION="block type DigitizationArtefactZone"/><OtherTag ID="BT10" LABEL="DropCapitalZone" DESCRIPTION="block type DropCapitalZone"/><OtherTag ID="BT11" LABEL="GraphicZone" DESCRIPTION="block type GraphicZone"/><OtherTag ID="BT12" LABEL="MainZone" DESCRIPTION="block type MainZone"/><OtherTag ID="BT13" LABEL="MarginTextZone" DESCRIPTION="block type MarginTextZone"/><OtherTag ID="BT14" LABEL="MusicZone" DESCRIPTION="block type MusicZone"/><OtherTag ID="BT15" LABEL="NumberingZone" DESCRIPTION="block type NumberingZone"/><OtherTag ID="BT17" LABEL="QuireMarksZone" DESCRIPTION="block type QuireMarksZone"/><OtherTag ID="BT18" LABEL="RunningTitleZone" DESCRIPTION="block type RunningTitleZone"/><OtherTag ID="BT19" LABEL="SealZone" DESCRIPTION="block type SealZone"/><OtherTag ID="BT20" LABEL="StampZone" DESCRIPTION="block type StampZone"/><OtherTag ID="BT21" LABEL="TableZone" DESCRIPTION="block type TableZone"/><OtherTag ID="BT22" LABEL="TitlePageZone" DESCRIPTION="block type TitlePageZone"/><OtherTag ID="BT100006" LABEL="MainZone-Continued" DESCRIPTION="block type MainZone-Continued"/><OtherTag ID="BT100009" LABEL="MarginTextZone-Notes" DESCRIPTION="block type MarginTextZone-Notes"/><OtherTag ID="BT100005" LABEL="MainZone-P" DESCRIPTION="block type MainZone-P"/><OtherTag ID="BT100002" LABEL="MainZone-Lg" DESCRIPTION="block type MainZone-Lg"/><OtherTag ID="BT100001" LABEL="MainZone-Head" DESCRIPTION="block type MainZone-Head"/>
    <OtherTag ID="LT7" LABEL="CustomLine" DESCRIPTION="line type CustomLine"/><OtherTag ID="LT8" LABEL="DefaultLine" DESCRIPTION="line type DefaultLine"/><OtherTag ID="LT9" LABEL="DropCapitalLine" DESCRIPTION="line type DropCapitalLine"/><OtherTag ID="LT10" LABEL="HeadingLine" DESCRIPTION="line type HeadingLine"/><OtherTag ID="LT11" LABEL="InterlinearLine" DESCRIPTION="line type InterlinearLine"/><OtherTag ID="LT12" LABEL="MusicLine" DESCRIPTION="line type MusicLine"/><OtherTag ID="LT951" LABEL="default" DESCRIPTION="line type default"/>
  </Tags>
  <Layout>
    <Page WIDTH="1000"
          HEIGHT="1671"
          PHYSICAL_IMG_NR="74"
          ID="eSc_dummypage_">
      <PrintSpace HPOS="0"
                  VPOS="0"
                  WIDTH="1000"
                  HEIGHT="1671">
        <TextBlock HPOS="57.0"
                   VPOS="146.0"
                   WIDTH="683.0"
                   HEIGHT="772.0"
                   ID="eSc_textblock_e55eb355-67a4-46d9-8695-c9e18d562c63"
                   TAGREFS="BT100006">
          <Shape><Polygon POINTS="71 158 740 146 739 906 61 918 57 164"/></Shape>
          <TextLine ID="eSc_line_bd8a4b3c-3430-47ee-b4ed-a60f9888a5af"
                    TAGREFS="LT8"
                    BASELINE="59 178 740 168" 
                    HPOS="59.0"
                    VPOS="145.0"
                    WIDTH="681.0"
                    HEIGHT="47.0">
            <Shape><Polygon POINTS="727 145 717 145 708 145 699 145 689 145 680 145 671 145 662 145 652 145 647 145 645 146 638 145 634 145 624 145 615 145 606 145 597 145 594 145 584 147 575 145 569 145 559 145 550 145 544 145 542 147 506 148 492 145 485 145 476 145 467 145 457 145 448 145 439 145 432 145 383 150 374 145 374 145 364 145 359 145 349 150 337 145 337 145 328 145 304 152 294 145 290 145 285 145 272 150 252 145 244 145 229 154 195 154 183 145 182 145 181 145 181 145 147 146 146 146 145 146 137 153 108 147 107 147 106 147 105 147 95 155 64 155 59 178 59 192 136 185 217 190 218 190 292 183 304 189 305 189 306 189 344 184 390 187 391 187 392 187 403 181 444 186 445 186 504 179 579 179 590 184 591 184 592 184 626 178 634 183 635 183 636 183 636 183 679 177 739 180 740 168 738 146 727 145 727 145"/></Shape>
            <String CONTENT="particuliers, ne la forcluſion de la liberté du peuple à la"
                    HPOS="59.0"
                    VPOS="145.0"
                    WIDTH="681.0"
                    HEIGHT="47.0"
                    WC="0.9831378303590368"></String>
          </TextLine>
          <TextLine ID="eSc_line_f60f76b5-da40-4649-95da-14da7cf692f0"
                    TAGREFS="LT8"
                    BASELINE="60 209 731 199" 
                    HPOS="59.0"
                    VPOS="173.0"
                    WIDTH="672.0"
                    HEIGHT="50.0">
            <Shape><Polygon POINTS="60 209 60 223 221 220 222 220 244 215 302 220 303 220 365 212 730 209 731 199 729 180 669 173 668 173 667 173 649 180 635 174 634 174 633 174 603 181 547 175 546 175 545 175 530 181 493 176 493 176 492 176 477 182 449 177 448 177 447 177 437 182 426 177 425 177 424 177 362 184 262 180 261 180 169 187 137 181 136 181 59 189 60 209"/></Shape>
            <String CONTENT="participation de l’empire. Cimber auſſi amy de Ceſar,"
                    HPOS="59.0"
                    VPOS="173.0"
                    WIDTH="672.0"
                    HEIGHT="50.0"
                    WC="0.99354494855089"></String>
          </TextLine>
          <TextLine ID="eSc_line_5cde3744-5330-4a08-96aa-a40cfec8548a"
                    TAGREFS="LT8"
                    BASELINE="59 241 735 231" 
                    HPOS="59.0"
                    VPOS="204.0"
                    WIDTH="676.0"
                    HEIGHT="52.0">
            <Shape><Polygon POINTS="59 241 60 256 79 251 114 255 115 255 116 255 142 248 217 253 218 253 219 253 244 246 301 252 302 252 303 252 304 252 304 251 309 247 364 251 365 251 391 246 418 250 419 250 420 250 438 244 485 249 486 249 487 249 504 243 528 243 536 248 537 248 538 248 539 248 540 248 555 242 583 247 584 247 618 241 659 246 660 246 734 242 735 231 733 212 674 204 673 204 672 204 650 212 629 208 628 208 580 213 556 206 555 206 554 206 472 212 463 207 462 207 461 207 425 216 366 208 365 208 364 208 346 218 258 218 245 210 244 210 243 210 242 210 205 219 166 212 165 212 164 212 163 212 152 220 132 214 131 214 130 214 99 220 80 214 79 214 78 214 77 214 64 219 59 241"/></Shape>
            <String CONTENT="duquel il auoit receu pluſieurs bienfaicts, n’en eſtima"
                    HPOS="59.0"
                    VPOS="204.0"
                    WIDTH="676.0"
                    HEIGHT="52.0"
                    WC="0.9899337941950018"></String>
          </TextLine>
          <TextLine ID="eSc_line_fc3201e5-5179-4907-888c-dc15a704473e"
                    TAGREFS="LT8"
                    BASELINE="60 273 734 262" 
                    HPOS="59.0"
                    VPOS="237.0"
                    WIDTH="675.0"
                    HEIGHT="48.0">
            <Shape><Polygon POINTS="60 273 60 282 143 285 144 285 172 280 208 285 209 285 259 279 282 284 283 284 284 284 314 279 339 284 340 284 402 275 454 275 479 281 480 281 480 281 481 281 482 281 490 275 565 273 575 279 576 279 577 279 578 280 616 280 616 279 617 279 618 279 618 278 624 272 635 278 636 278 636 279 675 279 675 278 676 278 677 278 677 277 682 273 710 277 711 277 712 277 734 271 734 262 732 243 669 237 668 237 576 244 567 238 566 238 565 238 564 238 539 243 460 240 459 240 458 240 457 240 457 241 450 246 422 241 421 241 420 241 404 246 398 241 397 241 396 241 395 241 394 241 377 247 362 242 361 242 360 242 359 242 338 248 304 243 303 243 254 249 228 244 227 244 168 251 119 246 118 246 117 246 116 246 107 253 59 253 60 273"/></Shape>
            <String CONTENT="tant la memoire que celle de l’vtilité de ſa patrie. Serui¬"
                    HPOS="59.0"
                    VPOS="237.0"
                    WIDTH="675.0"
                    HEIGHT="48.0"
                    WC="0.9803290317455927"></String>
          </TextLine>
          <TextLine ID="eSc_line_e5ca5d3e-8afb-446b-ac2e-75e7f06d8cea"
                    TAGREFS="LT8"
                    BASELINE="59 304 734 295" 
                    HPOS="59.0"
                    VPOS="271.0"
                    WIDTH="675.0"
                    HEIGHT="46.0">
            <Shape><Polygon POINTS="59 304 59 312 108 317 109 317 199 310 295 314 296 314 297 314 308 310 326 314 327 314 328 314 466 307 732 308 734 295 731 272 579 277 571 271 570 271 569 271 531 271 530 271 529 271 517 277 489 272 488 272 487 272 486 272 476 279 379 280 310 274 309 274 308 274 295 282 274 282 266 274 265 274 264 274 263 274 211 275 174 283 131 276 130 276 64 284 59 304"/></Shape>
            <String CONTENT="lius Hala &amp; Caſca eſtoyent parens de Ceſar, toutesfois"
                    HPOS="59.0"
                    VPOS="271.0"
                    WIDTH="675.0"
                    HEIGHT="46.0"
                    WC="0.9812093200506987"></String>
          </TextLine>
          <TextLine ID="eSc_line_d85982aa-21a0-41f2-b213-a03de5531f04"
                    TAGREFS="LT8"
                    BASELINE="60 336 735 325" 
                    HPOS="59.0"
                    VPOS="298.0"
                    WIDTH="676.0"
                    HEIGHT="52.0">
            <Shape><Polygon POINTS="60 336 60 348 116 350 116 350 172 343 227 349 228 349 229 349 250 342 281 349 282 349 283 349 284 349 295 341 313 348 314 348 315 348 316 348 335 342 388 347 389 347 459 338 492 344 493 344 581 336 601 342 602 342 603 342 604 342 626 336 648 342 649 342 649 342 685 336 717 341 718 341 719 341 735 334 735 325 733 305 689 298 688 298 688 298 687 298 675 305 569 300 568 300 567 300 545 307 528 301 527 301 526 301 452 309 431 303 430 303 429 303 395 310 334 310 326 305 325 305 324 305 324 305 284 311 259 306 259 306 258 306 194 307 193 307 169 313 59 310 60 336"/></Shape>
            <String CONTENT="ils ont oublié leur ſang pour la charité de la republi¬"
                    HPOS="59.0"
                    VPOS="298.0"
                    WIDTH="676.0"
                    HEIGHT="52.0"
                    WC="0.9939287409447787"></String>
          </TextLine>
          <TextLine ID="eSc_line_5fa78ed0-75c1-427f-9755-a1c2416931a1"
                    TAGREFS="LT8"
                    BASELINE="61 366 733 357" 
                    HPOS="61.0"
                    VPOS="333.0"
                    WIDTH="672.0"
                    HEIGHT="48.0">
            <Shape><Polygon POINTS="61 366 61 381 128 380 129 380 129 380 138 375 395 376 396 376 397 376 412 372 441 375 442 375 466 371 595 374 596 374 732 367 733 357 731 336 680 333 679 333 678 333 677 333 669 340 647 340 623 334 622 334 621 334 620 334 619 334 610 338 532 335 531 335 530 335 514 343 455 343 417 336 416 336 415 336 394 345 351 345 337 337 336 337 335 337 334 337 333 337 324 345 262 338 261 338 178 347 134 340 133 340 65 348 61 366"/></Shape>
            <String CONTENT="que. Tous ceux là ſont louez d’auoir eſté aſſociez à l’en¬"
                    HPOS="61.0"
                    VPOS="333.0"
                    WIDTH="672.0"
                    HEIGHT="48.0"
                    WC="0.9932287784873463"></String>
          </TextLine>
          <TextLine ID="eSc_line_f1e66dc1-a04a-496c-bfd7-6927225aa242"
                    TAGREFS="LT8"
                    BASELINE="61 399 736 388" 
                    HPOS="61.0"
                    VPOS="365.0"
                    WIDTH="675.0"
                    HEIGHT="49.0">
            <Shape><Polygon POINTS="61 399 61 414 112 413 113 413 114 413 123 407 227 411 228 411 229 411 246 405 277 410 278 410 309 404 405 408 406 408 442 403 472 407 473 407 474 407 491 401 546 406 547 406 548 406 565 401 580 405 581 405 582 405 735 398 736 388 734 370 575 365 574 365 573 365 558 370 539 366 538 366 537 366 536 366 530 372 515 367 514 367 513 367 450 373 438 368 437 368 436 368 435 368 434 368 426 374 417 370 416 370 415 370 344 375 318 369 317 369 278 375 245 370 244 370 243 370 229 375 221 371 220 371 220 371 219 371 170 372 169 372 168 372 159 377 129 372 128 372 127 372 126 372 119 377 65 378 61 399"/></Shape>
            <String CONTENT="trepriſe de Caſſius &amp; Brutus, &amp; la patrie honoree d’auoir"
                    HPOS="61.0"
                    VPOS="365.0"
                    WIDTH="675.0"
                    HEIGHT="49.0"
                    WC="0.993522001985918"></String>
          </TextLine>
          <TextLine ID="eSc_line_c0928601-2633-4c09-a778-767202da9485"
                    TAGREFS="LT8"
                    BASELINE="58 430 737 421" 
                    HPOS="57.0"
                    VPOS="397.0"
                    WIDTH="680.0"
                    HEIGHT="46.0">
            <Shape><Polygon POINTS="58 430 58 441 192 443 193 443 269 437 305 441 306 441 307 441 329 436 464 440 465 440 536 434 599 438 600 438 601 438 621 432 667 437 668 437 669 437 691 431 735 435 737 421 734 397 57 407 58 430"/></Shape>
            <String CONTENT="produit hõmes de ſi haute entrepriſe &amp; ayãs tel ſoin de"
                    HPOS="57.0"
                    VPOS="397.0"
                    WIDTH="680.0"
                    HEIGHT="46.0"
                    WC="0.9928688521970782"></String>
          </TextLine>
          <TextLine ID="eSc_line_a9765b69-31e6-48c2-a1cf-ed5e206c0032"
                    TAGREFS="LT8"
                    BASELINE="61 463 735 454" 
                    HPOS="61.0"
                    VPOS="427.0"
                    WIDTH="674.0"
                    HEIGHT="49.0">
            <Shape><Polygon POINTS="61 463 61 476 180 475 211 469 267 474 268 474 434 466 506 471 506 471 590 465 631 465 637 469 638 469 639 469 640 469 681 464 733 466 735 454 733 429 706 427 705 427 704 427 688 434 608 428 607 428 573 436 552 429 551 429 550 429 518 436 480 430 479 430 478 430 466 437 428 431 428 431 427 431 426 431 415 439 359 439 344 432 343 432 342 432 341 432 340 432 331 440 311 440 299 432 298 432 298 432 297 432 221 433 220 433 200 440 135 434 134 434 133 434 116 442 65 442 61 463"/></Shape>
            <String CONTENT="Iuy rẽdre ce dõt il luy ſont redeuables. Demoſthene dit"
                    HPOS="61.0"
                    VPOS="427.0"
                    WIDTH="674.0"
                    HEIGHT="49.0"
                    WC="0.9937298632504648"></String>
          </TextLine>
          <TextLine ID="eSc_line_84e29060-6268-4851-979c-f1656c1e3671"
                    TAGREFS="LT8"
                    BASELINE="63 494 731 485" 
                    HPOS="62.0"
                    VPOS="463.0"
                    WIDTH="669.0"
                    HEIGHT="45.0">
            <Shape><Polygon POINTS="63 494 63 503 128 508 129 508 181 507 182 507 199 501 247 506 248 506 249 506 269 501 276 505 277 505 278 505 279 505 280 505 281 505 288 500 297 505 298 505 298 505 299 505 350 499 436 503 437 503 464 497 480 502 480 502 481 502 482 502 501 497 577 502 578 502 579 502 591 496 602 500 603 500 604 500 625 495 637 501 638 501 639 501 640 501 641 501 649 495 662 501 662 501 663 501 730 496 731 485 728 463 62 472 63 494"/></Shape>
            <String CONTENT="à ce propos, parlant des ennemis de la ſocieté, que ce"
                    HPOS="62.0"
                    VPOS="463.0"
                    WIDTH="669.0"
                    HEIGHT="45.0"
                    WC="0.999056912958622"></String>
          </TextLine>
          <TextLine ID="eSc_line_10c39363-132e-4a61-89f1-d4d49892df6a"
                    TAGREFS="LT8"
                    BASELINE="64 527 733 517" 
                    HPOS="64.0"
                    VPOS="495.0"
                    WIDTH="669.0"
                    HEIGHT="47.0">
            <Shape><Polygon POINTS="64 527 65 542 85 535 119 541 120 541 121 541 122 541 130 534 160 540 161 540 162 540 186 533 246 539 246 539 307 536 308 536 309 536 314 531 610 533 610 533 611 533 628 527 662 532 662 532 663 532 664 532 673 526 731 531 733 517 730 495 64 504 64 527"/></Shape>
            <String CONTENT="ſont choſes equiualentes &amp; reciproques, que faire la"
                    HPOS="64.0"
                    VPOS="495.0"
                    WIDTH="669.0"
                    HEIGHT="47.0"
                    WC="0.9996502319207559"></String>
          </TextLine>
          <TextLine ID="eSc_line_049f2de0-3e13-43e3-8806-8123cc5b15d2"
                    TAGREFS="LT8"
                    BASELINE="64 557 734 548" 
                    HPOS="64.0"
                    VPOS="524.0"
                    WIDTH="670.0"
                    HEIGHT="48.0">
            <Shape><Polygon POINTS="64 557 64 572 131 566 181 570 182 570 183 570 199 565 378 568 379 568 505 561 532 566 532 566 533 566 551 560 593 565 594 565 733 557 734 548 732 530 666 524 665 524 664 524 663 524 656 530 616 525 615 525 614 525 597 531 569 526 568 526 567 526 566 526 558 531 267 530 266 530 265 530 252 535 198 531 197 531 196 531 182 537 64 537 64 557"/></Shape>
            <String CONTENT="guerre au droit &amp; à la iuſtice, &amp; eſtre ennemy de la liber¬"
                    HPOS="64.0"
                    VPOS="524.0"
                    WIDTH="670.0"
                    HEIGHT="48.0"
                    WC="0.9888635128736496"></String>
          </TextLine>
          <TextLine ID="eSc_line_46c4853b-7de9-4adf-af62-61df586c5009"
                    TAGREFS="LT8"
                    BASELINE="62 590 735 580" 
                    HPOS="61.0"
                    VPOS="556.0"
                    WIDTH="674.0"
                    HEIGHT="47.0">
            <Shape><Polygon POINTS="62 590 62 603 123 597 182 602 183 602 184 602 200 596 243 601 244 601 245 601 259 595 366 599 367 599 419 594 549 595 550 595 551 595 565 591 733 593 735 580 732 556 703 561 684 556 683 556 682 556 681 556 665 563 584 563 550 557 549 557 548 557 536 564 518 558 517 558 516 558 474 564 441 559 441 559 361 567 306 561 305 561 304 561 288 569 173 569 143 564 142 564 142 564 120 570 98 565 97 565 96 565 61 571 62 590"/></Shape>
            <String CONTENT="te de ſes citoyens. Tels n’aiment rien d’humain, auſſi"
                    HPOS="61.0"
                    VPOS="556.0"
                    WIDTH="674.0"
                    HEIGHT="47.0"
                    WC="0.9884158008628421"></String>
          </TextLine>
          <TextLine ID="eSc_line_489e4689-19b3-4435-9902-5e0a2cff0703"
                    TAGREFS="LT8"
                    BASELINE="64 621 735 613" 
                    HPOS="63.0"
                    VPOS="588.0"
                    WIDTH="672.0"
                    HEIGHT="47.0">
            <Shape><Polygon POINTS="64 621 64 631 111 635 112 635 151 629 160 634 161 634 162 634 163 634 244 628 282 634 283 634 309 628 342 633 343 633 378 626 424 632 425 632 426 632 441 625 508 631 509 631 510 631 511 631 519 623 589 623 659 629 660 629 701 624 727 628 727 628 728 628 729 628 735 623 735 613 732 588 667 594 634 589 633 589 632 589 631 589 624 595 594 589 593 589 592 589 572 596 510 590 509 590 508 590 484 597 420 592 419 592 418 592 402 598 383 594 382 594 381 594 350 599 63 598 64 621"/></Shape>
            <String CONTENT="n’ont ils aucuns amis, non plus que Denis de Syracuſe"
                    HPOS="63.0"
                    VPOS="588.0"
                    WIDTH="672.0"
                    HEIGHT="47.0"
                    WC="0.9978988822901024"></String>
          </TextLine>
          <TextLine ID="eSc_line_04ead93b-ff35-4414-a600-787720577e9e"
                    TAGREFS="LT8"
                    BASELINE="65 653 735 644" 
                    HPOS="64.0"
                    VPOS="621.0"
                    WIDTH="671.0"
                    HEIGHT="45.0">
            <Shape><Polygon POINTS="65 653 65 666 214 660 264 665 265 665 266 665 267 665 275 660 331 664 332 664 360 659 375 663 376 663 376 663 493 658 508 661 509 661 510 661 511 661 523 657 531 661 532 661 532 661 533 661 534 661 552 656 599 660 600 660 601 660 614 655 630 660 631 660 632 660 668 655 734 658 735 644 732 621 615 625 533 621 532 621 532 621 519 627 466 628 357 623 356 623 355 623 331 630 301 624 300 624 264 631 199 625 198 625 197 625 179 633 130 633 73 627 72 627 71 627 70 627 64 631 65 653"/></Shape>
            <String CONTENT="(comme dit Platon) qui n’auoit ni amis ni hommes en"
                    HPOS="64.0"
                    VPOS="621.0"
                    WIDTH="671.0"
                    HEIGHT="45.0"
                    WC="0.9990272615470138"></String>
          </TextLine>
          <TextLine ID="eSc_line_b38d417e-92d1-49a2-bdb7-871ebbbf3839"
                    TAGREFS="LT8"
                    BASELINE="64 683 734 673" 
                    HPOS="63.0"
                    VPOS="650.0"
                    WIDTH="671.0"
                    HEIGHT="49.0">
            <Shape><Polygon POINTS="64 683 64 699 131 697 132 697 144 691 174 697 175 697 176 697 194 691 210 696 211 696 212 696 308 689 328 695 329 695 330 695 331 695 356 688 371 694 372 694 373 694 464 693 465 693 466 693 476 686 532 686 584 689 584 689 611 685 619 690 620 690 621 690 622 691 649 691 649 690 693 684 701 689 701 689 702 689 703 689 733 688 734 673 731 655 627 656 610 650 610 650 609 650 608 650 607 650 597 658 482 658 467 653 467 653 466 653 465 653 464 653 456 659 428 654 428 654 394 659 358 654 357 654 356 654 336 660 330 655 329 655 328 655 278 655 277 655 276 655 262 661 237 656 236 656 235 656 220 661 206 656 205 656 204 656 129 657 63 664 64 683"/></Shape>
            <String CONTENT="qui il ſe ſiaſt. Or c’eſt dit il argument certain de vice ou"
                    HPOS="63.0"
                    VPOS="650.0"
                    WIDTH="671.0"
                    HEIGHT="49.0"
                    WC="0.9883714079856872"></String>
          </TextLine>
          <TextLine ID="eSc_line_04271846-5874-46fc-b780-b8faffb809bb"
                    TAGREFS="LT8"
                    BASELINE="64 713 736 707" 
                    HPOS="64.0"
                    VPOS="683.0"
                    WIDTH="672.0"
                    HEIGHT="44.0">
            <Shape><Polygon POINTS="64 713 64 722 118 722 131 727 132 727 133 727 189 721 236 727 237 727 238 727 246 723 252 727 253 727 254 727 255 727 316 726 317 726 339 720 421 725 422 725 423 725 450 718 488 718 499 725 500 725 501 725 502 725 541 725 541 725 542 725 565 717 608 717 618 724 619 724 620 724 621 724 622 724 640 717 712 722 713 722 714 722 736 715 736 707 735 689 717 683 716 683 649 683 648 683 647 683 646 683 636 689 562 686 561 686 506 690 489 685 488 685 487 685 441 691 351 686 350 686 250 693 237 687 236 687 235 687 148 694 64 692 64 713"/></Shape>
            <String CONTENT="de vertu en celuy qui a des amis ou des ennemis. Ainſi, la"
                    HPOS="64.0"
                    VPOS="683.0"
                    WIDTH="672.0"
                    HEIGHT="44.0"
                    WC="0.9858631039487904"></String>
          </TextLine>
          <TextLine ID="eSc_line_19e3348a-f1ad-49a0-a6f0-9acae75593ec"
                    TAGREFS="LT8"
                    BASELINE="64 745 735 738" 
                    HPOS="63.0"
                    VPOS="713.0"
                    WIDTH="672.0"
                    HEIGHT="41.0">
            <Shape><Polygon POINTS="64 745 64 754 734 751 735 738 734 719 722 713 721 713 720 713 719 713 698 719 691 713 690 713 689 713 650 713 649 713 649 713 648 713 638 720 438 716 437 716 360 723 332 717 331 717 301 724 264 718 263 718 238 724 233 719 232 719 231 719 174 719 173 719 172 719 145 725 109 720 108 720 107 720 93 725 78 720 77 720 77 720 76 720 63 725 64 745"/></Shape>
            <String CONTENT="deffiance introduite, l’amour eſt banny, ce qui ſe faict"
                    HPOS="63.0"
                    VPOS="713.0"
                    WIDTH="672.0"
                    HEIGHT="41.0"
                    WC="0.9888438869799886"></String>
          </TextLine>
          <TextLine ID="eSc_line_9a2c9605-eda7-4338-abc3-65356911d4f1"
                    TAGREFS="LT8"
                    BASELINE="64 777 735 769" 
                    HPOS="64.0"
                    VPOS="746.0"
                    WIDTH="671.0"
                    HEIGHT="43.0">
            <Shape><Polygon POINTS="64 777 64 788 362 789 363 789 400 782 432 788 433 788 483 781 565 787 566 787 567 787 568 787 574 780 631 780 642 785 643 785 644 785 645 785 646 785 652 779 734 783 735 769 733 751 634 746 633 746 632 746 631 746 623 751 581 751 568 746 567 746 566 746 565 746 551 751 493 747 493 747 450 752 408 748 407 748 406 748 405 748 397 753 387 749 386 749 385 749 336 753 237 750 236 750 235 750 224 754 149 751 148 751 147 751 129 756 100 751 99 751 64 756 64 777"/></Shape>
            <String CONTENT="quand le peuple ſe doute de l’ambitiõ &amp; faute d’amour"
                    HPOS="64.0"
                    VPOS="746.0"
                    WIDTH="671.0"
                    HEIGHT="43.0"
                    WC="0.9899918635686239"></String>
          </TextLine>
          <TextLine ID="eSc_line_f8a2e6ae-7fd9-4356-a252-695fac2f945c"
                    TAGREFS="LT8"
                    BASELINE="63 810 733 802" 
                    HPOS="62.0"
                    VPOS="777.0"
                    WIDTH="671.0"
                    HEIGHT="47.0">
            <Shape><Polygon POINTS="63 810 64 824 83 819 124 824 125 824 126 824 142 818 273 822 274 822 275 822 287 816 327 821 328 821 356 816 428 819 428 819 429 819 430 819 436 815 483 818 484 818 572 814 582 818 583 818 584 818 584 818 600 813 624 816 625 816 660 812 706 816 707 816 732 811 733 802 731 782 589 777 588 777 587 777 586 777 575 786 549 786 539 778 538 778 537 778 510 778 509 778 508 778 491 786 480 779 480 779 479 779 478 779 439 784 384 780 383 780 346 788 285 782 284 782 283 782 282 782 274 788 257 783 256 783 255 783 254 783 253 783 244 789 211 785 210 785 209 785 198 790 151 790 138 783 137 783 136 783 135 783 134 783 123 790 75 785 74 785 73 785 62 790 63 810"/></Shape>
            <String CONTENT="du prince &amp; que le prince fonde la ſienne ſur les iniu¬"
                    HPOS="62.0"
                    VPOS="777.0"
                    WIDTH="671.0"
                    HEIGHT="47.0"
                    WC="0.9804199782284824"></String>
          </TextLine>
          <TextLine ID="eSc_line_93b1e96d-9b43-47bf-8a80-ab2457565446"
                    TAGREFS="LT8"
                    BASELINE="64 841 734 833" 
                    HPOS="63.0"
                    VPOS="808.0"
                    WIDTH="671.0"
                    HEIGHT="46.0">
            <Shape><Polygon POINTS="64 841 64 850 211 854 212 854 511 845 644 848 645 848 673 843 732 847 734 833 732 812 659 808 658 808 657 808 636 815 628 809 627 809 626 809 600 809 599 809 598 809 597 809 590 815 573 810 572 810 571 810 571 810 570 810 562 816 460 816 436 811 435 811 434 811 433 811 406 817 337 813 336 813 335 813 334 813 326 818 287 813 286 813 285 813 261 820 211 820 203 815 202 815 201 815 160 815 159 815 158 815 141 820 127 816 126 816 125 816 63 822 64 841"/></Shape>
            <String CONTENT="res &amp; offences qu’il a faites. Donc en tels faits il faut"
                    HPOS="63.0"
                    VPOS="808.0"
                    WIDTH="671.0"
                    HEIGHT="46.0"
                    WC="0.9948556444101166"></String>
          </TextLine>
          <TextLine ID="eSc_line_df646467-7448-4d9c-b0dc-436ab0916796"
                    TAGREFS="LT8"
                    BASELINE="64 873 732 865" 
                    HPOS="63.0"
                    VPOS="842.0"
                    WIDTH="669.0"
                    HEIGHT="47.0">
            <Shape><Polygon POINTS="64 873 64 883 181 889 182 889 224 882 267 888 268 888 319 881 345 887 346 887 533 884 534 884 535 884 545 878 583 878 595 883 596 883 597 884 658 884 658 883 659 883 680 877 731 880 732 865 729 847 593 847 574 842 573 842 572 842 571 842 571 842 561 848 494 843 493 843 493 843 492 843 485 850 460 850 453 843 452 843 451 843 450 843 398 850 369 844 368 844 283 852 227 847 226 847 225 847 210 852 200 847 199 847 137 847 136 847 77 848 77 848 63 854 64 873"/></Shape>
            <String CONTENT="eſtre ſimples comme colombes, &amp; prudens comme"
                    HPOS="63.0"
                    VPOS="842.0"
                    WIDTH="669.0"
                    HEIGHT="47.0"
                    WC="0.9978746162520514"></String>
          </TextLine>
          <TextLine ID="eSc_line_8429acc2-723d-4f85-b2f1-b0b2e69c76c6"
                    TAGREFS="LT8"
                    BASELINE="63 906 168 906" 
                    HPOS="63.0"
                    VPOS="879.0"
                    WIDTH="105.0"
                    HEIGHT="40.0">
            <Shape><Polygon POINTS="63 906 63 919 168 919 168 906 168 884 106 887 92 879 91 879 90 879 63 879 63 906"/></Shape>
            <String CONTENT="ſerpens."
                    HPOS="63.0"
                    VPOS="879.0"
                    WIDTH="105.0"
                    HEIGHT="40.0"
                    WC="0.9994136616587639"></String>
          </TextLine>
        </TextBlock>
        <TextBlock HPOS="228.0"
                   VPOS="97.0"
                   WIDTH="293.0"
                   HEIGHT="47.0"
                   ID="eSc_textblock_a62b9238-647b-4979-8184-a699796a3953"
                   TAGREFS="BT18">
          <Shape><Polygon POINTS="521 97 521 144 228 144 228 97"/></Shape>
          <TextLine ID="eSc_line_1c2e23f8-d313-454f-94b0-6c9e6f183d42"
                    TAGREFS="LT8"
                    BASELINE="227 134 526 130" 
                    HPOS="226.0"
                    VPOS="96.0"
                    WIDTH="300.0"
                    HEIGHT="52.0">
            <Shape><Polygon POINTS="477 97 467 97 461 97 449 102 442 97 440 97 430 97 421 97 412 97 409 97 402 102 376 102 371 97 365 97 356 97 347 97 337 97 328 97 322 97 307 98 306 98 305 98 298 104 264 104 249 97 245 97 235 97 234 96 226 98 227 134 227 148 301 148 301 147 302 147 303 147 311 142 350 142 357 148 358 148 359 148 360 148 418 147 419 147 420 147 428 142 450 147 451 147 526 139 526 130 523 100 485 101 480 97 477 97"/></Shape>
            <String CONTENT="Sous Charles Ix."
                    HPOS="226.0"
                    VPOS="96.0"
                    WIDTH="300.0"
                    HEIGHT="52.0"
                    WC="0.9998587667942047"></String>
          </TextLine>
        </TextBlock>
        <TextBlock HPOS="655.0"
                   VPOS="101.0"
                   WIDTH="78.0"
                   HEIGHT="46.0"
                   ID="eSc_textblock_f50bdfeb-8e81-448f-9e5e-9e9f6d1d51bd"
                   TAGREFS="BT15">
          <Shape><Polygon POINTS="733 101 733 147 655 147 655 101"/></Shape>
          <TextLine ID="eSc_line_eSc_line_c1f23cd1"
                    TAGREFS="LT8"
                    BASELINE="666 134 726 133" 
                    HPOS="664.0"
                    VPOS="101.0"
                    WIDTH="61.0"
                    HEIGHT="45.0">
            <Shape><Polygon POINTS="720 101 706 101 692 101 678 101 664 101 665 133 665 146 725 140 725 132 722 101 720 101"/></Shape>
            <String CONTENT="177"
                    HPOS="664.0"
                    VPOS="101.0"
                    WIDTH="61.0"
                    HEIGHT="45.0"
                    WC="0.9998389879862467"></String>
          </TextLine>
        </TextBlock>
        <TextBlock HPOS="738.0"
                   VPOS="442.0"
                   WIDTH="144.0"
                   HEIGHT="82.0"
                   ID="eSc_textblock_fd3fa39f-87bf-4e64-bfa6-24f3ae52e8ea"
                   TAGREFS="BT100009">
          <Shape><Polygon POINTS="882 442 882 524 738 524 738 442"/></Shape>
          <TextLine ID="eSc_line_2e9d3360-9074-45a5-8ac9-bfce4b820236"
                    TAGREFS="LT8"
                    BASELINE="740 468 873 468" 
                    HPOS="740.0"
                    VPOS="442.0"
                    WIDTH="133.0"
                    HEIGHT="43.0">
            <Shape><Polygon POINTS="870 442 861 442 852 442 849 442 780 445 776 442 768 442 761 442 753 445 747 442 740 442 740 468 740 483 872 485 873 468 872 442 870 442"/></Shape>
            <String CONTENT="En ſa 2. Phi"
                    HPOS="740.0"
                    VPOS="442.0"
                    WIDTH="133.0"
                    HEIGHT="43.0"
                    WC="0.9947072714567184"></String>
          </TextLine>
          <TextLine ID="eSc_line_1f939294-87f2-41a2-9a4c-c88d81a9db9d"
                    TAGREFS="LT8"
                    BASELINE="740 499 832 500" 
                    HPOS="739.0"
                    VPOS="476.0"
                    WIDTH="93.0"
                    HEIGHT="55.0">
            <Shape><Polygon POINTS="740 499 739 524 753 531 754 531 755 531 756 531 779 525 805 531 805 531 806 531 807 531 807 530 817 521 831 520 832 500 831 480 740 476 740 499"/></Shape>
            <String CONTENT="iippique."
                    HPOS="739.0"
                    VPOS="476.0"
                    WIDTH="93.0"
                    HEIGHT="55.0"
                    WC="0.9410446551111009"></String>
          </TextLine>
        </TextBlock>
        <TextBlock HPOS="65.0"
                   VPOS="910.0"
                   WIDTH="672.0"
                   HEIGHT="512.0"
                   ID="eSc_textblock_d74886a0-c050-48e1-9531-c645e30e94ef"
                   TAGREFS="BT100005">
          <Shape><Polygon POINTS="734 910 737 1413 65 1422 65 912"/></Shape>
          <TextLine ID="eSc_line_1706f20d-757a-4d3c-b4ed-5c8bf57cc16b"
                    TAGREFS="LT8"
                    BASELINE="96 937 719 929 730 927" 
                    HPOS="93.0"
                    VPOS="910.0"
                    WIDTH="636.0"
                    HEIGHT="39.0">
            <Shape><Polygon POINTS="720 910 706 910 692 910 678 910 664 910 650 910 636 910 622 910 608 910 594 910 580 910 566 910 552 910 538 910 525 910 511 910 497 910 483 910 469 910 455 910 441 910 427 910 413 910 399 910 385 910 371 910 357 910 344 910 330 910 316 910 302 910 288 910 274 910 260 910 246 910 232 910 218 910 217 910 93 910 94 935 94 949 729 945 729 926 725 910 720 910"/></Shape>
            <String CONTENT="Les bouleuards d’artifice ſont bien proufitables à la"
                    HPOS="93.0"
                    VPOS="910.0"
                    WIDTH="636.0"
                    HEIGHT="39.0"
                    WC="0.9977343435640689"></String>
          </TextLine>
          <TextLine ID="eSc_line_eSc_line_59419bfc"
                    TAGREFS="LT8"
                    BASELINE="747 923 752 922 870 924" 
                    HPOS="745.0"
                    VPOS="892.0"
                    WIDTH="124.0"
                    HEIGHT="46.0">
            <Shape><Polygon POINTS="746 921 745 932 866 938 869 923 869 898 746 892 746 921"/></Shape>
            <String CONTENT="Remede cer¬"
                    HPOS="745.0"
                    VPOS="892.0"
                    WIDTH="124.0"
                    HEIGHT="46.0"
                    WC="0.9759167703715238"></String>
          </TextLine>
          <TextLine ID="eSc_line_e2f77b52-b7cf-47a2-b608-93d764bb9247"
                    TAGREFS="LT8"
                    BASELINE="64 968 728 957" 
                    HPOS="62.0"
                    VPOS="934.0"
                    WIDTH="665.0"
                    HEIGHT="46.0">
            <Shape><Polygon POINTS="62 967 62 980 725 974 727 956 724 938 481 934 480 934 479 934 477 934 477 935 476 935 472 941 154 939 153 939 65 948 62 967"/></Shape>
            <String CONTENT="conſeruation des citez: mais nature (dit Demoſthene en"
                    HPOS="62.0"
                    VPOS="934.0"
                    WIDTH="665.0"
                    HEIGHT="46.0"
                    WC="0.9913729484434481"></String>
          </TextLine>
          <TextLine ID="eSc_line_eSc_line_def79326"
                    TAGREFS="LT8"
                    BASELINE="736 957 870 955" 
                    HPOS="733.0"
                    VPOS="931.0"
                    WIDTH="136.0"
                    HEIGHT="45.0">
            <Shape><Polygon POINTS="735 956 735 967 771 976 772 976 774 976 805 967 821 974 823 974 824 974 869 969 869 953 866 931 733 931 735 956"/></Shape>
            <String CONTENT="tain contrela"
                    HPOS="733.0"
                    VPOS="931.0"
                    WIDTH="136.0"
                    HEIGHT="45.0"
                    WC="0.9994023304719192"></String>
          </TextLine>
          <TextLine ID="eSc_line_c82cc8ce-d08f-4102-b4e1-3eac201b1bae"
                    TAGREFS="LT8"
                    BASELINE="64 999 708 993 729 992" 
                    HPOS="62.0"
                    VPOS="970.0"
                    WIDTH="666.0"
                    HEIGHT="40.0">
            <Shape><Polygon POINTS="62 998 62 1010 727 1008 728 991 725 971 73 970 62 998"/></Shape>
            <String CONTENT="ſa 2.Philippique) en a produit vn d’elle meſmes ſalutaire"
                    HPOS="62.0"
                    VPOS="970.0"
                    WIDTH="666.0"
                    HEIGHT="40.0"
                    WC="0.9917153182782625"></String>
          </TextLine>
          <TextLine ID="eSc_line_eSc_line_f13976cb"
                    TAGREFS="LT8"
                    BASELINE="740 991 831 987" 
                    HPOS="736.0"
                    VPOS="962.0"
                    WIDTH="94.0"
                    HEIGHT="58.0">
            <Shape><Polygon POINTS="739 990 739 1012 830 1020 830 985 827 966 736 962 739 990"/></Shape>
            <String CONTENT="prannie."
                    HPOS="736.0"
                    VPOS="962.0"
                    WIDTH="94.0"
                    HEIGHT="58.0"
                    WC="0.947125643491745"></String>
          </TextLine>
          <TextLine ID="eSc_line_8176dd6c-cf53-4915-bb5a-14bccc701e84"
                    TAGREFS="LT8"
                    BASELINE="64 1031 727 1024" 
                    HPOS="64.0"
                    VPOS="1002.0"
                    WIDTH="663.0"
                    HEIGHT="43.0">
            <Shape><Polygon POINTS="64 1031 65 1045 86 1039 156 1044 157 1044 158 1044 159 1044 168 1038 252 1043 253 1043 308 1037 334 1042 335 1042 336 1042 349 1036 441 1041 441 1041 480 1036 727 1036 727 1024 726 1007 632 1002 631 1002 630 1002 620 1007 348 1005 347 1005 322 1010 253 1006 252 1006 228 1010 158 1007 157 1007 156 1007 142 1012 69 1012 64 1031"/></Shape>
            <String CONTENT="à tous &amp; neceſſaire aux bons citoyens contre les tyrans,"
                    HPOS="64.0"
                    VPOS="1002.0"
                    WIDTH="663.0"
                    HEIGHT="43.0"
                    WC="0.9959917748183534"></String>
          </TextLine>
          <TextLine ID="eSc_line_110a219b-32a8-410f-892a-011167cc1499"
                    TAGREFS="LT8"
                    BASELINE="64 1062 731 1056" 
                    HPOS="64.0"
                    VPOS="1031.0"
                    WIDTH="667.0"
                    HEIGHT="42.0">
            <Shape><Polygon POINTS="64 1062 64 1073 731 1068 731 1056 729 1031 679 1031 678 1031 677 1031 676 1031 668 1036 589 1032 588 1032 587 1032 571 1037 497 1033 496 1033 495 1033 483 1038 397 1033 396 1033 395 1033 383 1038 368 1034 367 1034 366 1034 365 1034 364 1034 358 1040 276 1041 191 1041 176 1035 175 1035 174 1035 173 1035 161 1041 153 1036 152 1036 151 1036 80 1036 79 1036 78 1036 70 1039 64 1062"/></Shape>
            <String CONTENT="C’eſt deffiance. Les gens de bien ont horreur de voir deſ"
                    HPOS="64.0"
                    VPOS="1031.0"
                    WIDTH="667.0"
                    HEIGHT="42.0"
                    WC="0.9941844511450383"></String>
          </TextLine>
          <TextLine ID="eSc_line_d8030bdf-8fac-4392-b11f-3034f7241cc0"
                    TAGREFS="LT8"
                    BASELINE="63 1095 728 1088" 
                    HPOS="63.0"
                    VPOS="1063.0"
                    WIDTH="665.0"
                    HEIGHT="47.0">
            <Shape><Polygon POINTS="63 1095 63 1103 143 1110 144 1110 203 1109 204 1109 229 1102 292 1106 293 1106 345 1101 352 1107 353 1107 354 1107 355 1108 392 1108 392 1107 393 1107 394 1107 394 1106 401 1101 423 1106 424 1106 425 1106 479 1100 727 1101 728 1088 727 1070 712 1063 711 1063 710 1063 556 1071 482 1065 481 1065 480 1065 480 1065 471 1073 416 1073 396 1066 395 1066 394 1066 393 1066 392 1066 384 1074 328 1074 315 1067 314 1067 313 1067 312 1067 311 1067 311 1068 305 1074 294 1068 293 1068 292 1068 264 1073 242 1068 241 1068 240 1068 227 1075 146 1069 145 1069 144 1069 143 1069 137 1075 81 1070 80 1070 79 1070 67 1074 63 1095"/></Shape>
            <String CONTENT="chirer la patrie à tels loups, &amp; s’en retirent acompagnez."
                    HPOS="63.0"
                    VPOS="1063.0"
                    WIDTH="665.0"
                    HEIGHT="47.0"
                    WC="0.9799155597969637"></String>
          </TextLine>
          <TextLine ID="eSc_line_54077543-cbb0-49b5-8b6a-c949c61c0d97"
                    TAGREFS="LT8"
                    BASELINE="64 1125 728 1119" 
                    HPOS="64.0"
                    VPOS="1095.0"
                    WIDTH="664.0"
                    HEIGHT="43.0">
            <Shape><Polygon POINTS="64 1125 64 1138 727 1132 728 1119 727 1102 701 1097 701 1097 644 1101 617 1095 616 1095 533 1096 532 1096 503 1103 479 1099 478 1099 477 1099 461 1103 449 1098 448 1098 447 1098 365 1104 350 1098 349 1098 348 1098 347 1098 329 1104 281 1099 280 1099 230 1105 214 1099 213 1099 212 1099 211 1099 191 1105 155 1101 154 1101 105 1106 78 1100 77 1100 77 1100 76 1100 75 1100 70 1101 64 1125"/></Shape>
            <String CONTENT="de regret, nõ par faute de cœur ne par cupidité de viure"
                    HPOS="64.0"
                    VPOS="1095.0"
                    WIDTH="664.0"
                    HEIGHT="43.0"
                    WC="0.9895807114140741"></String>
          </TextLine>
          <TextLine ID="eSc_line_03921024-a286-4805-a1d2-b4047580c552"
                    TAGREFS="LT8"
                    BASELINE="65 1159 729 1152" 
                    HPOS="64.0"
                    VPOS="1126.0"
                    WIDTH="665.0"
                    HEIGHT="46.0">
            <Shape><Polygon POINTS="65 1159 65 1172 168 1166 230 1170 231 1170 232 1170 241 1165 299 1169 300 1169 301 1169 314 1165 727 1165 729 1152 727 1129 646 1126 645 1126 598 1132 593 1127 592 1127 591 1127 590 1127 589 1127 588 1127 581 1133 531 1133 492 1128 491 1128 395 1135 314 1130 313 1130 312 1130 291 1136 243 1131 242 1131 241 1131 240 1131 235 1136 223 1132 222 1132 221 1132 220 1132 220 1132 214 1138 147 1138 64 1134 65 1159"/></Shape>
            <String CONTENT="(car la mort deliure de toutes ces faſcheries) mais pour"
                    HPOS="64.0"
                    VPOS="1126.0"
                    WIDTH="665.0"
                    HEIGHT="46.0"
                    WC="0.997462238584246"></String>
          </TextLine>
          <TextLine ID="eSc_line_c84538d1-2519-45cf-b17e-a37012533c4c"
                    TAGREFS="LT8"
                    BASELINE="64 1191 729 1182" 
                    HPOS="63.0"
                    VPOS="1160.0"
                    WIDTH="666.0"
                    HEIGHT="45.0">
            <Shape><Polygon POINTS="64 1191 64 1205 79 1200 116 1204 116 1204 212 1198 728 1198 729 1182 727 1163 521 1160 520 1160 519 1160 505 1166 482 1163 481 1163 380 1167 369 1162 368 1162 367 1162 366 1162 354 1168 301 1164 300 1164 299 1164 280 1169 210 1164 209 1164 208 1164 194 1170 139 1165 138 1165 63 1172 64 1191"/></Shape>
            <String CONTENT="ne pouuoir le voir en patience, ne pouluoir à aſſeurer la"
                    HPOS="63.0"
                    VPOS="1160.0"
                    WIDTH="666.0"
                    HEIGHT="45.0"
                    WC="0.9902685942320988"></String>
          </TextLine>
          <TextLine ID="eSc_line_984ad8ec-e49f-4880-a118-bd0365c8c2da"
                    TAGREFS="LT8"
                    BASELINE="64 1221 729 1214" 
                    HPOS="63.0"
                    VPOS="1190.0"
                    WIDTH="666.0"
                    HEIGHT="44.0">
            <Shape><Polygon POINTS="64 1221 64 1231 123 1230 145 1234 146 1234 177 1229 189 1233 190 1233 191 1233 192 1233 193 1233 198 1228 261 1228 311 1232 312 1232 313 1232 329 1227 461 1230 462 1230 463 1230 480 1225 544 1230 545 1230 545 1230 562 1224 572 1229 573 1229 574 1229 603 1224 615 1229 616 1229 617 1229 647 1224 703 1228 704 1228 728 1222 729 1214 727 1196 698 1190 697 1190 696 1190 695 1190 686 1195 572 1191 571 1191 478 1198 396 1192 395 1192 394 1192 393 1192 382 1199 305 1194 304 1194 303 1194 302 1194 296 1200 277 1194 276 1194 275 1194 274 1194 256 1200 225 1196 224 1196 201 1201 174 1195 155 1195 154 1195 153 1195 152 1195 144 1202 128 1196 127 1196 126 1196 125 1196 105 1202 63 1200 64 1221"/></Shape>
            <String CONTENT="vie des lumieres de la republique conſiſtant en vn nõ¬"
                    HPOS="63.0"
                    VPOS="1190.0"
                    WIDTH="666.0"
                    HEIGHT="44.0"
                    WC="0.9863974061879245"></String>
          </TextLine>
          <TextLine ID="eSc_line_d4094cec-bbee-43a5-9c37-19bd0094231b"
                    TAGREFS="LT8"
                    BASELINE="64 1254 732 1247" 
                    HPOS="63.0"
                    VPOS="1220.0"
                    WIDTH="669.0"
                    HEIGHT="48.0">
            <Shape><Polygon POINTS="64 1254 64 1265 143 1262 156 1268 157 1268 158 1268 199 1261 206 1267 207 1267 207 1267 208 1267 209 1267 222 1260 353 1259 367 1265 368 1265 369 1265 410 1260 473 1264 474 1264 475 1264 484 1259 509 1264 510 1264 547 1257 600 1263 601 1263 659 1258 731 1261 732 1247 730 1226 656 1220 655 1220 589 1228 545 1221 545 1221 544 1221 526 1229 483 1222 482 1222 481 1222 480 1222 471 1229 456 1224 455 1224 454 1224 454 1224 453 1224 442 1230 390 1230 378 1224 377 1224 376 1224 345 1230 326 1224 325 1224 324 1224 324 1224 323 1224 315 1230 300 1225 299 1225 298 1225 271 1230 256 1224 255 1224 254 1224 221 1225 220 1225 220 1225 220 1226 212 1232 145 1232 131 1226 130 1226 129 1226 129 1226 110 1230 63 1227 64 1254"/></Shape>
            <String CONTENT="bre de gens d’eſtat &amp; de dignite qui periſſent par l’inhu"
                    HPOS="63.0"
                    VPOS="1220.0"
                    WIDTH="669.0"
                    HEIGHT="48.0"
                    WC="0.9985003785083169"></String>
          </TextLine>
          <TextLine ID="eSc_line_97ace2b8-09f5-4dbd-8882-c1d22d586419"
                    TAGREFS="LT8"
                    BASELINE="63 1285 731 1278" 
                    HPOS="63.0"
                    VPOS="1254.0"
                    WIDTH="668.0"
                    HEIGHT="45.0">
            <Shape><Polygon POINTS="63 1285 63 1294 90 1299 90 1299 91 1299 111 1294 130 1299 131 1299 132 1299 133 1299 152 1292 244 1292 277 1297 278 1297 279 1297 280 1297 286 1291 334 1291 342 1296 343 1296 344 1296 345 1297 374 1297 374 1296 375 1296 376 1296 385 1291 473 1295 474 1295 475 1295 486 1290 503 1295 504 1295 505 1295 561 1295 561 1295 562 1295 576 1289 588 1294 589 1294 590 1294 615 1288 634 1294 635 1294 636 1294 730 1289 731 1278 729 1256 654 1254 653 1254 652 1254 639 1260 630 1256 629 1256 628 1256 601 1260 571 1255 571 1255 570 1255 569 1255 561 1261 535 1256 534 1256 501 1261 483 1256 482 1256 481 1256 480 1256 480 1256 480 1256 472 1262 416 1257 415 1257 415 1257 394 1263 318 1257 317 1257 316 1257 298 1264 238 1258 237 1258 236 1258 226 1263 168 1259 167 1259 166 1259 165 1259 157 1264 146 1259 145 1259 144 1259 67 1266 63 1285"/></Shape>
            <String CONTENT="manité de ceux qui ne les ont en haine, ſinon pource"
                    HPOS="63.0"
                    VPOS="1254.0"
                    WIDTH="668.0"
                    HEIGHT="45.0"
                    WC="0.9962082156595194"></String>
          </TextLine>
          <TextLine ID="eSc_line_8e065e55-ce6e-4a8e-bc7c-afff123bd32b"
                    TAGREFS="LT8"
                    BASELINE="64 1316 732 1309" 
                    HPOS="63.0"
                    VPOS="1285.0"
                    WIDTH="669.0"
                    HEIGHT="44.0">
            <Shape><Polygon POINTS="64 1316 64 1326 171 1329 172 1329 271 1323 345 1328 346 1328 456 1321 628 1325 629 1325 660 1320 730 1324 732 1309 730 1286 656 1285 655 1285 623 1291 445 1287 444 1287 406 1293 339 1289 338 1289 337 1289 328 1294 279 1289 278 1289 252 1295 93 1291 92 1291 63 1295 64 1316"/></Shape>
            <String CONTENT="qu’ils ſuyuent ce degré naturel d’aimer la patrie. Cela ſe"
                    HPOS="63.0"
                    VPOS="1285.0"
                    WIDTH="669.0"
                    HEIGHT="44.0"
                    WC="0.9959832116708918"></String>
          </TextLine>
          <TextLine ID="eSc_line_8333c41a-030f-4653-8255-a9e77422770d"
                    TAGREFS="LT8"
                    BASELINE="64 1348 732 1342" 
                    HPOS="64.0"
                    VPOS="1319.0"
                    WIDTH="668.0"
                    HEIGHT="44.0">
            <Shape><Polygon POINTS="64 1348 64 1363 121 1362 122 1362 137 1357 155 1360 155 1360 156 1360 157 1360 157 1360 162 1356 251 1361 252 1361 253 1361 254 1361 263 1355 303 1355 310 1360 311 1360 311 1360 312 1360 440 1354 529 1359 530 1359 531 1359 556 1352 567 1358 568 1358 569 1358 596 1353 634 1357 635 1357 636 1357 636 1357 646 1351 657 1356 658 1356 659 1356 660 1356 670 1351 699 1357 700 1357 732 1354 732 1342 729 1319 545 1323 521 1319 520 1319 519 1319 519 1319 510 1324 454 1319 453 1319 452 1319 432 1325 396 1320 395 1320 348 1326 178 1321 177 1321 176 1321 156 1329 69 1329 64 1348"/></Shape>
            <String CONTENT="pourroit faire par vne paix, neceſſaire ſur toutes choſes"
                    HPOS="64.0"
                    VPOS="1319.0"
                    WIDTH="668.0"
                    HEIGHT="44.0"
                    WC="0.9769647006402936"></String>
          </TextLine>
          <TextLine ID="eSc_line_d5a0925a-0954-4f42-9f5a-e0938086e7d5"
                    TAGREFS="LT8"
                    BASELINE="64 1381 731 1373" 
                    HPOS="64.0"
                    VPOS="1348.0"
                    WIDTH="667.0"
                    HEIGHT="47.0">
            <Shape><Polygon POINTS="64 1381 64 1395 232 1387 385 1391 386 1391 456 1386 480 1390 480 1390 481 1390 503 1385 544 1389 545 1389 545 1389 565 1385 683 1387 684 1387 685 1387 698 1383 729 1387 731 1373 729 1355 665 1348 664 1348 663 1348 647 1355 634 1349 633 1349 589 1349 588 1349 551 1356 485 1351 484 1351 456 1356 447 1351 446 1351 445 1351 416 1357 274 1353 273 1353 272 1353 253 1360 168 1360 148 1354 147 1354 146 1354 145 1354 144 1354 144 1355 138 1361 69 1361 64 1381"/></Shape>
            <String CONTENT="pour ſupprimer telles peſtes &amp; meurtriers inſariables."
                    HPOS="64.0"
                    VPOS="1348.0"
                    WIDTH="667.0"
                    HEIGHT="47.0"
                    WC="0.9879643398302572"></String>
          </TextLine>
          <TextLine ID="eSc_line_c8c665e3-878c-47fb-9cec-d2404fc827a7"
                    TAGREFS="LT8"
                    BASELINE="65 1411 732 1403" 
                    HPOS="64.0"
                    VPOS="1383.0"
                    WIDTH="668.0"
                    HEIGHT="49.0">
            <Shape><Polygon POINTS="65 1411 65 1425 102 1432 103 1432 103 1432 124 1425 146 1432 147 1432 148 1432 171 1431 172 1431 173 1431 181 1424 293 1424 302 1430 303 1430 304 1430 305 1430 306 1430 307 1430 317 1423 345 1423 352 1428 352 1429 353 1429 354 1429 355 1430 398 1430 398 1429 399 1429 417 1423 434 1428 435 1428 436 1428 437 1428 438 1428 448 1422 507 1427 508 1427 509 1427 531 1421 564 1427 565 1427 609 1426 610 1426 610 1426 619 1421 699 1425 700 1425 732 1417 732 1403 729 1383 64 1388 65 1411"/></Shape>
            <String CONTENT="Et ores qu’il y euſt quelques conditions dures &amp; iniques"
                    HPOS="64.0"
                    VPOS="1383.0"
                    WIDTH="668.0"
                    HEIGHT="49.0"
                    WC="0.9881837282861982"></String>
          </TextLine>
        </TextBlock>
        <TextBlock HPOS="166.0"
                   VPOS="1424.0"
                   WIDTH="141.0"
                   HEIGHT="31.0"
                   ID="eSc_textblock_072ecb9a-509a-469e-9e9f-97cee9ca0060"
                   TAGREFS="BT17">
          <Shape><Polygon POINTS="307 1424 307 1455 166 1455 166 1424"/></Shape>
          <TextLine ID="eSc_line_3c13eabf-f663-4b28-b359-61ef180cd537"
                    TAGREFS="LT8"
                    BASELINE="167 1442 302 1439" 
                    HPOS="167.0"
                    VPOS="1424.0"
                    WIDTH="135.0"
                    HEIGHT="28.0">
            <Shape><Polygon POINTS="296 1424 286 1424 277 1424 268 1424 259 1424 249 1424 240 1424 231 1424 221 1424 212 1424 203 1424 194 1424 184 1424 175 1424 167 1442 167 1451 301 1452 302 1439 300 1424 296 1424"/></Shape>
            <String CONTENT="II. velume"
                    HPOS="167.0"
                    VPOS="1424.0"
                    WIDTH="135.0"
                    HEIGHT="28.0"
                    WC="0.9938970327377319"></String>
          </TextLine>
        </TextBlock>
        <TextBlock HPOS="609.0"
                   VPOS="1416.0"
                   WIDTH="35.0"
                   HEIGHT="35.0"
                   ID="eSc_textblock_951de3f4-b7af-4f94-9eb7-b1c4e539cec3"
                   TAGREFS="BT17">
          <Shape><Polygon POINTS="644 1416 644 1451 609 1451 609 1416"/></Shape>
          <TextLine ID="eSc_line_fc828071-e9ee-43c7-bcd3-61ebdd737345"
                    TAGREFS="LT8"
                    BASELINE="614 1439 638 1439" 
                    HPOS="614.0"
                    VPOS="1416.0"
                    WIDTH="24.0"
                    HEIGHT="36.0">
            <Shape><Polygon POINTS="633 1416 623 1416 614 1416 614 1439 614 1452 638 1452 638 1439 638 1416 633 1416"/></Shape>
            <String CONTENT="Z"
                    HPOS="614.0"
                    VPOS="1416.0"
                    WIDTH="24.0"
                    HEIGHT="36.0"
                    WC="0.9999988079071045"></String>
          </TextLine>
        </TextBlock>
        <TextBlock HPOS="167.0"
                   VPOS="1423.0"
                   WIDTH="141.0"
                   HEIGHT="33.0"
                   ID="eSc_textblock_be4a678e-9a34-48fe-9944-43a806921d58"
                   TAGREFS="BT17">
          <Shape><Polygon POINTS="308 1423 308 1456 167 1456 167 1423"/></Shape>
        </TextBlock>
        <TextBlock HPOS="734.0"
                   VPOS="896.0"
                   WIDTH="144.0"
                   HEIGHT="110.0"
                   ID="eSc_textblock_5bde69eb-0449-424c-b64b-f3d462c4c750"
                   TAGREFS="BT100009">
          <Shape><Polygon POINTS="878 896 878 1006 734 1006 734 896"/></Shape>
        </TextBlock>
      </PrintSpace>
    </Page>
  </Layout>
</alto>
