848 1417
203.0 87.0 248.0 46.0 Sous Charles 1*.

561.0 97.0 61.0 39.0 214

61.0 143.0 560.0 23.0 que à cela le ſatisfaitoit & cotentoit tellement qu’il en

58.0 158.0 562.0 34.0 auoit mandé les nouuelles à ſa femme par vn gentil¬

56.0 184.0 565.0 35.0 homme enuoyé expres. La mareſchalle ayant receu

57.0 210.0 563.0 31.0 les lettres de ſon mary delibera de le venir trouuer à

57.0 236.0 563.0 36.0 la court. Au reſte le grand prieur feſtoya le mareſchal

59.0 264.0 560.0 31.0 en vn lieu hois du chaſteaunommé la cour de la Piſſot¬

57.0 292.0 562.0 33.0 te. Le mareſchal n’eſtoit ſorti que ce iour qui eſtoit

57.0 318.0 562.0 35.0 le vendredy prochain deuant Paſques, appellé le ven¬

56.0 344.0 563.0 35.0 dredyſainct. Lé mardy enſuiuant il demanda congé au

57.0 371.0 562.0 35.0 Roy d’aller à la volerie, & à ſon retour le Roy ſe fit

56.0 397.0 564.0 33.0 aporter de ſon lict à la feneſtre, afin de le voir taut il

57.0 424.0 563.0 36.0 auoit peur qu’il ne fuſt eſchappé. Le mercredy il ne

56.0 455.0 562.0 31.0 bougea du chaſteau & le Ieudy il retourna à la volerie,

55.0 477.0 565.0 37.0 acõpagné des ſieurs de Torcy & Lanſac le vieil que la

54.0 505.0 565.0 32.0 roine y enuoya. Si alors il euſt voulu croirequelques vns

58.0 532.0 562.0 34.0 de ſes ſeruiteurs il ne fuſt pas retourné au bois de

59.0 561.0 561.0 31.0 Vincennes. La Mareſchalle ſa femme ayant eſté ſix ou

56.0 584.0 564.0 33.0 ſept iours en cour, s’en retourna à Chantilly: & pre¬

56.0 611.0 563.0 36.0 nant conge le ſoir, rant du roy que de la roine, ils luy

55.0 636.0 566.0 36.0 firent le meilleur viſage & recueil qu’il eſt poſſible de

57.0 665.0 563.0 35.0 penſer: la roine luy diſant, Allez ma fille, allez vous

56.0 691.0 563.0 36.0 en faire guerir: nous ſommes infiniement aiſes le Roy

56.0 718.0 563.0 33.0 mon fils & moy de voir ici monſieur de Montmorency

56.0 743.0 563.0 38.0 aupres de nous. Surce la mareſchalle luy reſpondit, Que

57.0 775.0 560.0 32.0 ne vous en ſeruez vous donc? Aquoy la royne repliqua,

56.0 799.0 564.0 30.0 Ma fille, que voudriez vous que nous fiſſions, vou¬

53.0 825.0 565.0 35.0 driez vous que nous l’enuoyiſſions auec monſieur de

55.0 852.0 563.0 35.0 Montpenſier? l’vn n’endureroit pas que l’autre luy com¬

55.0 878.0 563.0 35.0 mandaſt. Alors ledit ſieur de Montpenſier menoit vne

54.0 905.0 564.0 34.0 armee en Poitou. Elle luy dit dauãtage. Voudriez vous

54.0 931.0 564.0 36.0 que nous luy bailliſſions l’armee de Mattignon? Elle eſt

54.0 959.0 563.0 35.0 trop petite pour luy. Mais m’amie, nous ſauons que

54.0 985.0 562.0 35.0 c’eſt vn notable ſeigneur, & vn fort homme de bien.

53.0 1013.0 565.0 34.0 Le Roy & moy nous en voulons ſeruir pour la paix. Le

54.0 1039.0 563.0 34.0 lendemain matin comme la mareſchalle prenoit congé

52.0 1066.0 563.0 34.0 des dames de la cour elle apprint d’autres nouuelles

53.0 1092.0 562.0 33.0 tout contraires: car elle entendit pour certain que tout

52.0 1120.0 565.0 32.0 ce que la roine mere luy auoit dit n’eſtoit que pure trahi

53.0 1146.0 562.0 31.0 ſon: au moyẽ dequoy rencõtrãt vn des ſeruiteurs dome

52.0 1171.0 562.0 44.0 ſtiques du mareſchal luy dit, le vous veux cẽmuniquer
