1000 1671
226.0 95.0 306.0 55.0 Sous Charles Ix.

62.0 142.0 663.0 47.0 là on met à meſme condition &meſme danger de peine

64.0 176.0 661.0 42.0 l’innocent comme le coulpable, qui eſt contre toute diſ

64.0 213.0 658.0 40.0 poſition de droit. Et de faict on ne peut dire que la con

64.0 242.0 661.0 46.0 tention d’vn duel ſoit loiſible en cauſe ciuile: en cauſe

64.0 275.0 663.0 39.0 criminelle non plus: car il faut que la partie demande¬

64.0 310.0 663.0 39.0 reſſe prouue ſon dire: & en ce cas le defendeur eſt con¬

65.0 339.0 660.0 42.0 damné, tellement que ſi le duel n’eſt praticable moins

65.0 367.0 660.0 46.0 encores la guerre ciuile, qui tend à deſtruire le public,

65.0 403.0 575.0 38.0 pour lequel conſeruer le magiſtrat eſt conſtitué.

742.0 467.0 127.0 39.0 A qui ap¬

743.0 494.0 121.0 47.0 partient de

738.0 533.0 122.0 37.0 prendre les

743.0 565.0 99.0 33.0 armes en

743.0 589.0 128.0 44.0 guerre ciui¬

739.0 628.0 27.0 34.0 le.

740.0 658.0 110.0 41.0 23.quæſt.1.

743.0 686.0 87.0 50.0 cap.noli.

94.0 440.0 633.0 39.0 On dira là deſſus qu’il n’apartient qu’au ſouuerain de

65.0 469.0 667.0 40.0 armer & faire la guerre, & que la partie qui s’arme ſans

66.0 497.0 665.0 43.0 ſon autorité fait mal, & puis encores celle qui s’arme cõ

65.0 531.0 666.0 38.0 tre icelle. In authentic. de armis. col. 6. cela s’entend de l’ho¬

65.0 559.0 664.0 41.0 ſtilité & guerre de dehors, qui appartient au prince, pour

68.0 595.0 661.0 35.0 bonnes & iuſtes cauſes: & en cecy il appert d’vne deffen

68.0 621.0 661.0 43.0 ſe neceſſaire pour la vie & liberté, contre leſquelles cho

68.0 654.0 663.0 43.0 ſes des tyrans portans titre de princes ont conſpiré pour

68.0 687.0 661.0 37.0 les deſtourner. Or toute guerre iuſte tend pour auoir la

69.0 716.0 665.0 45.0 paix & tranquillité publique. C’eſt donc contre la natu¬

70.0 748.0 662.0 41.0 re d’vne guerre legitime quand la ſocieté ciuile eſt ren¬

70.0 780.0 665.0 39.0 uerſee & confondue. Et puis on fait guerre non pour aſ

70.0 816.0 663.0 36.0 ſeruir ſes voiſins, mais pour ſe garder ſoymeſmes de ſer¬

70.0 843.0 664.0 44.0 uitude. Cela peuuent alleguer pour eux ceux qui ſont

70.0 876.0 664.0 39.0 forcez de s’armer, & non les princes qui ne ceſſentde les

71.0 908.0 665.0 37.0 agaçer, au lieu qu’ils ne doyuent rien prerendre ſur eux

72.0 937.0 658.0 45.0 que pour leur vtilité, & nourrir la paix publique. C’eſt

72.0 972.0 655.0 39.0 donc vne reigle generale & treſcertaine que ce qui tend

69.0 999.0 663.0 43.0 à deſtruire l’vniuerſité du monde eſt deffendu par droit

74.0 1033.0 654.0 42.0 naturel: car l’equité d’iceluy, ſur laquelle le droit des gẽs

73.0 1064.0 659.0 43.0 eſt fondé, tend à la conſeruation des choſes naturelles

73.0 1098.0 412.0 35.0 que les tyrans veulent confondre.

737.0 947.0 137.0 44.0 ff. de iure na

735.0 985.0 142.0 34.0 tu gent. & ci

743.0 1016.0 130.0 38.0 vil.l.ius natu

736.0 1046.0 56.0 37.0 rale.

651.0 109.0 71.0 43.0 207

739.0 437.0 39.0 35.0 diu.

735.0 239.0 132.0 47.0 Cod. de act.

735.0 281.0 134.0 39.0 & oblig.l.ne

735.0 309.0 134.0 43.0 gantes ff. de

738.0 338.0 118.0 43.0 pœnis. I. ſi

735.0 373.0 134.0 41.0 quis ſenten¬

735.0 403.0 135.0 42.0 tiam. & l.ne

733.0 135.0 131.0 52.0 extra. de iu¬

735.0 181.0 132.0 40.0 diciis, cap. no

736.0 211.0 35.0 39.0 uit.

742.0 1115.0 128.0 43.0 Guerres ci¬

743.0 1186.0 32.0 39.0 mne

736.0 1147.0 135.0 47.0 uiles de Ro¬

103.0 1136.0 630.0 33.0 Que lon voye à Rome comment l’ambition & cupi¬

76.0 1160.0 657.0 40.0 dité des grands a fait vn concatenation de guerres ciui¬

76.0 1187.0 655.0 45.0 les, depuis celle de Marius & Sylla iuſques à la ruine de

74.0 1223.0 662.0 38.0 la liberté, durant leſquelles il n’y a eu meſchanceté & in¬

74.0 1256.0 663.0 39.0 iuſtice aucune qui ait eſté obmiſe. On ſait bien quand

74.0 1287.0 662.0 39.0 on les cõmence, mais les miſerables auteurs n’en voiẽt

74.0 1315.0 663.0 45.0 Ie bout: car ils meurent auant que pouuoir iouir de leur

74.0 1348.0 664.0 44.0 pretente. Les guerres de Marius & Sylla continuerẽt par

76.0 1380.0 658.0 47.0 la ſuitte de celles de Sertorius, de Catilina, de Lepide, de
