1000 1671
728.0 349.0 132.0 85.0 Pime.rl.56.

725.0 395.0 34.0 65.0 chs

59.0 147.0 666.0 43.0 vaturee, à quoy Dieu auoit cõdãné les peuples maudits:

57.0 178.0 667.0 41.0 ou bien ceux eſtoyẽt ſerfs qui volontairemẽt ſe vẽdoyẽt

57.0 209.0 668.0 39.0 pour tels. Florentin iuriſcõſulte dit ſus les Inſtitutes que

56.0 242.0 668.0 42.0 les ſerfs ont eſté ainſi appellez de ce que les Empereurs

56.0 277.0 669.0 36.0 en guerre cõmandoyent de vendre les captifs, les ayant

59.0 306.0 666.0 42.0 voulu ſauuer, & non les occire, cõme le monſtre le mot

56.0 336.0 668.0 43.0 latin ſeruare. Ils ont eſté auſſi nõmez mancipia, cõme qui

54.0 363.0 666.0 43.0 diroit pris à la main. Pliné dit que les Lacedemoniẽs fu¬

54.0 398.0 666.0 44.0 rent les premiers qui introduirent la ſeruitude: mais elle

55.0 432.0 668.0 43.0 eſtoit long temps auant. Tant y a que quiconque en

55.0 462.0 669.0 45.0 eſt reduit là ne penſe iamais qu’à auoir liberté, à quelque

56.0 496.0 667.0 41.0 pris que ce ſoit? On a veu aſſez d’experiences en Lacede

54.0 527.0 669.0 42.0 mone des Ilotes, & des guerres ſeruiles en Sicile & Ita¬

54.0 556.0 669.0 46.0 lie, où il y eut pluſieui sPreteurs vaĩcus. Cequi eſtoit meu

55.0 589.0 664.0 43.0 d’vn deſeſpoir procedãt d’oppreſſiõ. Que ſera ce dõcdes

55.0 621.0 666.0 40.0 perſonnes, qui ont gouſté le bien de liberté, qu’on faict

54.0 652.0 667.0 44.0 ſerues en leur propre patrie? La guerre qu’on a contre les

55.0 682.0 666.0 41.0 voiſins eſt bien plus tolerable, & de moindre deffiance

54.0 714.0 667.0 44.0 que les ciuiles, & ſe meine auec moins de cruauté que

53.0 747.0 666.0 43.0 les priuees, attendu qu’on s’y gouuerne ſelõ les loix mi¬

52.0 778.0 666.0 45.0 litaires, cõme contre vn ennemy, & pour la renommee:

54.0 811.0 663.0 46.0 & aux autres comme contre compediteurs, ou comme

51.0 841.0 666.0 43.0 contre rebelles, ou comme contre tyrans &oppreneurs.

229.0 93.0 286.0 54.0 Sous Charles ix.

647.0 96.0 79.0 59.0 208

77.0 873.0 642.0 45.0 On ne peut dire que la voye de cõqueſte ne ſoit legiti

52.0 906.0 667.0 42.0 me en aucune maniere pour paruenir à vn Royaume, en¬

52.0 936.0 667.0 45.0 cores que le conquerãt n’y ait aucũ droit ſelon les loix

50.0 968.0 669.0 42.0 humaines, qui eſt quand les poſſeſſeurs ont merité de le

52.0 998.0 666.0 45.0 perdre. Ainſi les Iſraëlites conqueſterent Chanaan, Nabu

51.0 1027.0 668.0 46.0 chodonoſor la Iudee, & les François les Gaules. Car il

51.0 1062.0 669.0 45.0 n’y a plus certain droit que celuy qui prouient de Dicu

51.0 1093.0 668.0 43.0 & de l’equité. Mais il ne faut pas que l’ambition de l’en¬

50.0 1126.0 670.0 42.0 trepreneur ſoit iuge de la cauſe de celui que lon veut ex¬

50.0 1157.0 668.0 45.0 pulſer, ains la iuſtice du fait & la voix publique des op¬

51.0 1187.0 668.0 46.0 preſſez. Mais les hommes qui n’y ont autre droit que la

52.0 1219.0 666.0 45.0 force, meritẽt parce meſme droit d’ẽ eſtre exclus, & ceux

51.0 1253.0 666.0 43.0 qui y prouienent par fraudes & circonuentiõs. Il eſt vray

50.0 1282.0 666.0 46.0 que comme l’vtilité publique eſt la plus recõmandable

50.0 1314.0 664.0 44.0 de toutes les loix il ne ſeroit loiſible, de troubler vn e¬

49.0 1345.0 665.0 45.0 ſtat cõfirmé par cõſentemẽt du peuple là où il ſeroit e¬

49.0 1375.0 665.0 49.0 quitablemẽt maintenu pour l’eſgard du progres que le

51.0 1411.0 661.0 52.0 prince y auroit tenu:car, cõme lẽ dit, en tel cas iniquité
