<?xml version="1.0" encoding="UTF-8"?>
<alto xmlns:xsi="http://www.w3.org/2001/XMLSchema-instance"
      xmlns="http://www.loc.gov/standards/alto/ns-v4#"
      xsi:schemaLocation="http://www.loc.gov/standards/alto/ns-v4# http://www.loc.gov/standards/alto/v4/alto-4-2.xsd">
  <Description>
    <MeasurementUnit>pixel</MeasurementUnit>
    <sourceImageInformation>
      <fileName>1_Discours_politiques_des_diverses_puissances_092.jpg</fileName>
    </sourceImageInformation>
  </Description>
  <Tags>
    <OtherTag ID="BT7" LABEL="CustomZone" DESCRIPTION="block type CustomZone"/><OtherTag ID="BT8" LABEL="DamageZone" DESCRIPTION="block type DamageZone"/><OtherTag ID="BT9" LABEL="DigitizationArtefactZone" DESCRIPTION="block type DigitizationArtefactZone"/><OtherTag ID="BT10" LABEL="DropCapitalZone" DESCRIPTION="block type DropCapitalZone"/><OtherTag ID="BT11" LABEL="GraphicZone" DESCRIPTION="block type GraphicZone"/><OtherTag ID="BT12" LABEL="MainZone" DESCRIPTION="block type MainZone"/><OtherTag ID="BT13" LABEL="MarginTextZone" DESCRIPTION="block type MarginTextZone"/><OtherTag ID="BT14" LABEL="MusicZone" DESCRIPTION="block type MusicZone"/><OtherTag ID="BT15" LABEL="NumberingZone" DESCRIPTION="block type NumberingZone"/><OtherTag ID="BT17" LABEL="QuireMarksZone" DESCRIPTION="block type QuireMarksZone"/><OtherTag ID="BT18" LABEL="RunningTitleZone" DESCRIPTION="block type RunningTitleZone"/><OtherTag ID="BT19" LABEL="SealZone" DESCRIPTION="block type SealZone"/><OtherTag ID="BT20" LABEL="StampZone" DESCRIPTION="block type StampZone"/><OtherTag ID="BT21" LABEL="TableZone" DESCRIPTION="block type TableZone"/><OtherTag ID="BT22" LABEL="TitlePageZone" DESCRIPTION="block type TitlePageZone"/><OtherTag ID="BT100006" LABEL="MainZone-Continued" DESCRIPTION="block type MainZone-Continued"/><OtherTag ID="BT100009" LABEL="MarginTextZone-Notes" DESCRIPTION="block type MarginTextZone-Notes"/><OtherTag ID="BT100005" LABEL="MainZone-P" DESCRIPTION="block type MainZone-P"/><OtherTag ID="BT100002" LABEL="MainZone-Lg" DESCRIPTION="block type MainZone-Lg"/><OtherTag ID="BT100001" LABEL="MainZone-Head" DESCRIPTION="block type MainZone-Head"/>
    <OtherTag ID="LT7" LABEL="CustomLine" DESCRIPTION="line type CustomLine"/><OtherTag ID="LT8" LABEL="DefaultLine" DESCRIPTION="line type DefaultLine"/><OtherTag ID="LT9" LABEL="DropCapitalLine" DESCRIPTION="line type DropCapitalLine"/><OtherTag ID="LT10" LABEL="HeadingLine" DESCRIPTION="line type HeadingLine"/><OtherTag ID="LT11" LABEL="InterlinearLine" DESCRIPTION="line type InterlinearLine"/><OtherTag ID="LT12" LABEL="MusicLine" DESCRIPTION="line type MusicLine"/><OtherTag ID="LT951" LABEL="default" DESCRIPTION="line type default"/>
  </Tags>
  <Layout>
    <Page WIDTH="1000"
          HEIGHT="1671"
          PHYSICAL_IMG_NR="106"
          ID="eSc_dummypage_">
      <PrintSpace HPOS="0"
                  VPOS="0"
                  WIDTH="1000"
                  HEIGHT="1671">
        <TextBlock HPOS="117.0"
                   VPOS="107.0"
                   WIDTH="171.0"
                   HEIGHT="26.0"
                   ID="eSc_textblock_eSc_textblock_625f3277"
                   TAGREFS="BT17">
          <Shape><Polygon POINTS="117 107 117 133 288 133 288 107"/></Shape>
          <TextLine ID="eSc_line_eSc_line_49372030"
                    TAGREFS="LT8"
                    BASELINE="120 126 287 123" 
                    HPOS="120.0"
                    VPOS="103.0"
                    WIDTH="167.0"
                    HEIGHT="52.0">
            <Shape><Polygon POINTS="277 103 268 103 259 103 252 103 130 105 129 107 121 120 120 126 120 141 212 141 240 155 241 155 242 155 287 155 287 123 285 103 277 103"/></Shape>
            <String CONTENT="M.D. IXXHIII"
                    HPOS="120.0"
                    VPOS="103.0"
                    WIDTH="167.0"
                    HEIGHT="52.0"
                    WC="0.9350337982177734"></String>
          </TextLine>
        </TextBlock>
        <TextBlock HPOS="255.0"
                   VPOS="145.0"
                   WIDTH="697.0"
                   HEIGHT="454.0"
                   ID="eSc_textblock_eSc_textblock_574b8d1a"
                   TAGREFS="BT100006">
          <Shape><Polygon POINTS="255 157 255 599 952 591 936 145"/></Shape>
          <TextLine ID="eSc_line_eSc_line_15dd9358"
                    TAGREFS="LT8"
                    BASELINE="257 181 926 168" 
                    HPOS="256.0"
                    VPOS="141.0"
                    WIDTH="670.0"
                    HEIGHT="53.0">
            <Shape><Polygon POINTS="924 151 915 145 906 141 896 141 887 141 878 141 835 146 797 141 794 141 787 141 778 145 750 141 749 141 748 141 728 147 717 142 716 142 715 142 656 150 569 144 568 144 535 145 534 145 520 153 474 147 473 147 422 154 403 149 395 150 393 150 386 155 350 150 349 150 340 150 331 156 283 151 282 151 281 151 256 158 257 181 257 189 268 194 269 194 270 194 391 187 433 192 434 192 435 192 458 186 477 191 478 191 479 191 480 191 494 185 585 188 586 188 657 181 664 186 665 186 666 186 667 186 703 181 723 185 724 185 725 185 753 180 777 184 778 184 808 179 909 181 909 181 910 181 926 175 926 168 925 151 924 151"/></Shape>
            <String CONTENT="eſtre aſſouui, qui eſt vne iniuſtice nee &amp; enracinee en l’a¬"
                    HPOS="256.0"
                    VPOS="141.0"
                    WIDTH="670.0"
                    HEIGHT="53.0"
                    WC="0.9772252231836319"></String>
          </TextLine>
          <TextLine ID="eSc_line_eSc_line_2ced3f4e"
                    TAGREFS="LT8"
                    BASELINE="258 211 926 200" 
                    HPOS="257.0"
                    VPOS="176.0"
                    WIDTH="669.0"
                    HEIGHT="47.0">
            <Shape><Polygon POINTS="258 211 258 223 926 213 926 200 925 181 911 176 910 176 909 176 813 177 756 183 718 180 717 180 716 180 701 184 657 181 656 181 568 186 545 181 544 181 543 181 532 186 504 182 503 182 502 182 501 182 495 188 419 189 389 184 388 184 387 184 366 190 312 185 311 185 311 185 310 185 302 192 257 192 258 211"/></Shape>
            <String CONTENT="me d’vn tel homme. Or le contentement rend l’homme"
                    HPOS="257.0"
                    VPOS="176.0"
                    WIDTH="669.0"
                    HEIGHT="47.0"
                    WC="0.9986006879806518"></String>
          </TextLine>
          <TextLine ID="eSc_line_eSc_line_03d0d6a8"
                    TAGREFS="LT8"
                    BASELINE="259 244 927 230" 
                    HPOS="258.0"
                    VPOS="207.0"
                    WIDTH="669.0"
                    HEIGHT="50.0">
            <Shape><Polygon POINTS="259 244 259 252 297 257 298 257 298 257 310 251 346 256 347 256 448 248 465 253 466 253 467 253 525 247 554 251 555 251 556 251 571 246 578 250 579 250 580 250 581 250 660 244 702 248 703 248 704 248 720 243 747 247 748 247 749 247 764 242 775 246 776 246 777 246 778 246 793 241 926 241 927 230 925 209 775 207 774 207 730 213 718 208 717 208 716 208 649 215 614 210 613 210 545 217 526 212 525 212 524 212 523 212 504 218 467 214 466 214 465 214 464 214 459 219 441 214 441 214 440 214 439 214 427 220 390 220 347 216 346 216 345 216 333 221 258 219 259 244"/></Shape>
            <String CONTENT="riche plus que l’abondance des biens, &amp; vn homme opu"
                    HPOS="258.0"
                    VPOS="207.0"
                    WIDTH="669.0"
                    HEIGHT="50.0"
                    WC="0.9901963380666879"></String>
          </TextLine>
          <TextLine ID="eSc_line_eSc_line_18faa4ef"
                    TAGREFS="LT8"
                    BASELINE="258 274 926 262" 
                    HPOS="257.0"
                    VPOS="235.0"
                    WIDTH="669.0"
                    HEIGHT="51.0">
            <Shape><Polygon POINTS="258 274 258 283 408 286 409 286 433 282 507 284 508 284 509 284 519 279 564 284 565 284 725 275 906 277 907 277 908 277 926 271 926 262 924 242 890 242 882 235 881 235 880 235 879 235 850 241 832 236 831 236 831 236 830 236 829 236 818 244 770 237 769 237 768 237 751 245 666 246 565 241 564 241 563 241 562 241 554 248 528 243 527 243 495 249 485 243 484 243 483 243 482 243 415 244 415 244 398 252 298 253 257 246 258 274"/></Shape>
            <String CONTENT="lent (dit on) n’eſt ſi toſt eſpuiſé par vne multitude de fil¬"
                    HPOS="257.0"
                    VPOS="235.0"
                    WIDTH="669.0"
                    HEIGHT="51.0"
                    WC="0.9919063612338035"></String>
          </TextLine>
          <TextLine ID="eSc_line_eSc_line_69bb3a22"
                    TAGREFS="LT8"
                    BASELINE="258 307 928 294" 
                    HPOS="257.0"
                    VPOS="269.0"
                    WIDTH="671.0"
                    HEIGHT="51.0">
            <Shape><Polygon POINTS="258 307 258 320 417 312 495 316 496 316 565 310 712 311 713 311 714 311 737 306 768 310 769 310 816 305 822 310 823 310 824 310 825 310 826 310 827 310 834 304 877 309 878 309 928 301 928 294 926 274 903 269 902 269 793 271 792 271 792 271 779 279 753 279 738 272 737 272 736 272 735 272 716 280 657 280 647 274 646 274 645 274 644 274 643 274 632 280 623 274 623 274 622 274 621 274 582 282 545 275 545 275 544 275 543 275 532 283 497 276 496 276 495 276 478 284 436 278 435 278 304 287 257 282 258 307"/></Shape>
            <String CONTENT="les que par multitude de cupiditez qui le rendent indi¬"
                    HPOS="257.0"
                    VPOS="269.0"
                    WIDTH="671.0"
                    HEIGHT="51.0"
                    WC="0.9856189576062289"></String>
          </TextLine>
          <TextLine ID="eSc_line_eSc_line_96a90e0a"
                    TAGREFS="LT8"
                    BASELINE="259 338 928 325" 
                    HPOS="258.0"
                    VPOS="299.0"
                    WIDTH="670.0"
                    HEIGHT="52.0">
            <Shape><Polygon POINTS="259 338 259 351 306 346 455 348 456 348 457 348 472 343 495 348 496 348 545 341 581 346 582 346 641 339 780 342 781 342 782 342 797 337 831 341 831 341 832 341 847 336 900 339 901 339 927 334 928 325 924 299 906 305 886 299 885 299 884 299 789 301 788 301 775 308 737 302 736 302 688 310 649 304 649 304 648 304 647 304 636 310 593 305 592 305 544 312 532 307 531 307 530 307 529 307 528 307 520 312 459 308 458 308 457 308 456 308 447 314 402 309 401 309 400 309 378 316 258 316 259 338"/></Shape>
            <String CONTENT="gent nonobſtant ſon abondãce. L’iniuſtice eſt grãde qui"
                    HPOS="258.0"
                    VPOS="299.0"
                    WIDTH="670.0"
                    HEIGHT="52.0"
                    WC="0.9944765076302645"></String>
          </TextLine>
          <TextLine ID="eSc_line_eSc_line_c41be819"
                    TAGREFS="LT8"
                    BASELINE="259 370 927 357" 
                    HPOS="259.0"
                    VPOS="331.0"
                    WIDTH="668.0"
                    HEIGHT="53.0">
            <Shape><Polygon POINTS="259 370 259 384 310 378 350 382 351 382 352 382 363 377 401 382 402 382 402 382 403 382 403 381 409 376 544 379 545 379 545 379 558 374 592 378 593 378 652 372 682 376 683 376 769 370 861 373 862 373 927 365 927 357 925 338 893 337 886 331 885 331 884 331 883 331 883 331 870 336 840 332 839 332 838 332 821 339 807 333 806 333 805 333 753 340 717 336 716 336 687 343 662 343 653 336 652 336 651 336 650 336 649 336 628 343 606 336 605 336 604 336 603 336 590 343 553 337 552 337 551 337 532 345 368 341 367 341 259 350 259 370"/></Shape>
            <String CONTENT="procede d’ambition, auſſi eſt celle qui procede d’auari¬"
                    HPOS="259.0"
                    VPOS="331.0"
                    WIDTH="668.0"
                    HEIGHT="53.0"
                    WC="0.9981416059391839"></String>
          </TextLine>
          <TextLine ID="eSc_line_eSc_line_2edc734d"
                    TAGREFS="LT8"
                    BASELINE="258 400 929 389" 
                    HPOS="257.0"
                    VPOS="363.0"
                    WIDTH="672.0"
                    HEIGHT="48.0">
            <Shape><Polygon POINTS="258 400 258 410 500 411 501 411 685 403 743 407 744 407 807 401 859 405 860 405 861 405 862 405 869 401 904 404 905 404 929 399 929 389 926 363 875 370 804 365 803 365 746 367 745 367 744 367 736 373 671 368 670 368 635 374 623 368 622 368 621 368 542 375 529 372 528 372 527 372 485 376 473 371 472 371 471 371 414 377 383 372 382 372 381 372 380 372 380 373 373 378 335 373 334 373 333 373 332 373 323 379 257 379 258 400"/></Shape>
            <String CONTENT="ce: mais celle de ceux qui tendent à volupté n’eſt pas de"
                    HPOS="257.0"
                    VPOS="363.0"
                    WIDTH="672.0"
                    HEIGHT="48.0"
                    WC="0.9859621090404058"></String>
          </TextLine>
          <TextLine ID="eSc_line_eSc_line_ef90a1a3"
                    TAGREFS="LT8"
                    BASELINE="260 434 929 421" 
                    HPOS="259.0"
                    VPOS="394.0"
                    WIDTH="670.0"
                    HEIGHT="53.0">
            <Shape><Polygon POINTS="260 434 260 447 312 441 324 446 324 446 325 446 382 440 401 445 402 445 402 445 452 439 493 443 494 443 547 437 594 441 595 441 596 441 614 436 687 440 688 440 688 440 702 434 773 438 774 438 814 432 831 437 831 437 832 437 928 429 929 421 927 398 909 394 909 394 878 401 871 395 870 395 870 395 869 395 868 395 857 400 838 395 837 395 836 395 835 395 834 395 834 396 830 400 797 397 796 397 795 397 781 401 754 397 753 397 753 397 752 397 745 403 721 403 691 398 690 398 641 405 609 400 608 400 607 400 590 406 555 401 554 401 553 401 540 407 512 402 511 402 510 402 490 408 472 402 471 402 470 402 469 402 468 402 459 408 423 403 422 403 421 403 402 410 363 404 363 404 362 404 361 404 352 411 309 405 308 405 307 405 306 405 296 413 259 413 260 434"/></Shape>
            <String CONTENT="petit poids auſſi. Car la cõtagiõ s’eſpãd aiſement, ſi pour"
                    HPOS="259.0"
                    VPOS="394.0"
                    WIDTH="670.0"
                    HEIGHT="53.0"
                    WC="0.9885754306470195"></String>
          </TextLine>
          <TextLine ID="eSc_line_eSc_line_795834e2"
                    TAGREFS="LT8"
                    BASELINE="262 466 930 453" 
                    HPOS="261.0"
                    VPOS="427.0"
                    WIDTH="669.0"
                    HEIGHT="52.0">
            <Shape><Polygon POINTS="262 466 262 479 930 462 930 453 928 433 882 427 881 427 831 434 786 428 785 428 784 428 783 428 783 429 776 435 610 432 609 432 608 432 594 440 490 440 475 435 474 435 473 435 472 435 471 435 462 440 409 436 408 436 407 436 389 441 357 437 356 437 355 437 335 443 310 438 309 438 261 443 262 466"/></Shape>
            <String CONTENT="y fournir les deux autres cupiditez mettent leurs effects"
                    HPOS="261.0"
                    VPOS="427.0"
                    WIDTH="669.0"
                    HEIGHT="52.0"
                    WC="0.9899105032285055"></String>
          </TextLine>
          <TextLine ID="eSc_line_eSc_line_6cde0974"
                    TAGREFS="LT8"
                    BASELINE="260 496 930 483" 
                    HPOS="259.0"
                    VPOS="458.0"
                    WIDTH="671.0"
                    HEIGHT="49.0">
            <Shape><Polygon POINTS="260 496 260 505 441 507 441 507 442 507 467 502 489 506 490 506 613 499 629 504 630 504 631 504 683 498 865 499 866 499 867 499 876 494 928 498 930 483 928 462 880 458 879 458 819 465 809 460 808 460 807 460 806 460 783 466 754 462 753 462 714 467 677 463 676 463 675 463 651 468 608 464 607 464 606 464 592 470 553 465 552 465 551 465 550 465 540 471 518 467 517 467 448 473 431 467 430 467 429 467 337 473 306 469 305 469 304 469 303 469 294 477 259 477 260 496"/></Shape>
            <String CONTENT="en ieu, c’eſt aſauoir que l’ãbition &amp; l’auariœ s’emploiẽt"
                    HPOS="259.0"
                    VPOS="458.0"
                    WIDTH="671.0"
                    HEIGHT="49.0"
                    WC="0.9719075621184656"></String>
          </TextLine>
          <TextLine ID="eSc_line_eSc_line_cbc8ade4"
                    TAGREFS="LT8"
                    BASELINE="261 528 929 515" 
                    HPOS="260.0"
                    VPOS="490.0"
                    WIDTH="669.0"
                    HEIGHT="51.0">
            <Shape><Polygon POINTS="261 528 261 541 929 528 929 515 927 494 881 490 880 490 879 490 857 496 842 491 841 491 840 491 803 497 759 492 758 492 757 492 745 499 687 499 661 494 660 494 659 494 640 501 595 496 594 496 545 503 524 497 523 497 522 497 521 497 497 504 451 498 450 498 449 498 430 505 404 499 403 499 260 507 261 528"/></Shape>
            <String CONTENT="pour ſatiſfaire à la volupté, laquelle empeſche, offuſque"
                    HPOS="260.0"
                    VPOS="490.0"
                    WIDTH="669.0"
                    HEIGHT="51.0"
                    WC="0.9854404269638708"></String>
          </TextLine>
          <TextLine ID="eSc_line_eSc_line_4db3e6ee"
                    TAGREFS="LT8"
                    BASELINE="261 560 930 548" 
                    HPOS="260.0"
                    VPOS="522.0"
                    WIDTH="670.0"
                    HEIGHT="47.0">
            <Shape><Polygon POINTS="261 560 261 569 930 557 930 548 929 529 911 522 910 522 909 522 876 529 827 523 826 523 825 523 804 530 780 525 779 525 746 531 675 526 675 526 620 533 583 528 582 528 581 528 567 535 517 535 467 530 466 530 465 530 453 536 427 531 426 531 425 531 413 536 376 532 375 532 374 532 362 538 316 532 315 532 314 532 313 532 313 533 307 539 277 535 276 535 275 535 260 540 261 560"/></Shape>
            <String CONTENT="&amp; aſſuiet tiſt la raiſon qui deuroit dominer en l’homme"
                    HPOS="260.0"
                    VPOS="522.0"
                    WIDTH="670.0"
                    HEIGHT="47.0"
                    WC="0.9912109212441877"></String>
          </TextLine>
          <TextLine ID="eSc_line_eSc_line_e14054bd"
                    TAGREFS="LT8"
                    BASELINE="263 590 826 582" 
                    HPOS="262.0"
                    VPOS="556.0"
                    WIDTH="564.0"
                    HEIGHT="43.0">
            <Shape><Polygon POINTS="263 590 263 599 826 595 826 582 824 563 793 556 792 556 735 563 727 557 726 557 725 557 724 557 723 557 709 563 637 557 636 557 636 557 635 557 623 565 594 558 593 558 511 567 433 561 432 561 431 561 414 568 407 562 407 561 406 561 405 561 389 561 388 561 387 561 386 561 386 562 379 569 281 565 280 565 279 565 262 570 263 590"/></Shape>
            <String CONTENT="&amp; par ainſi le deſtourne de l’exercice de vertu."
                    HPOS="262.0"
                    VPOS="556.0"
                    WIDTH="564.0"
                    HEIGHT="43.0"
                    WC="0.9983301311731339"></String>
          </TextLine>
        </TextBlock>
        <TextBlock HPOS="462.0"
                   VPOS="95.0"
                   WIDTH="283.0"
                   HEIGHT="47.0"
                   ID="eSc_textblock_eSc_textblock_73ad7fda"
                   TAGREFS="BT18">
          <Shape><Polygon POINTS="462 95 462 142 745 142 745 95"/></Shape>
          <TextLine ID="eSc_line_eSc_line_8c2e7bd2"
                    TAGREFS="LT8"
                    BASELINE="461 137 741 133" 
                    HPOS="460.0"
                    VPOS="98.0"
                    WIDTH="281.0"
                    HEIGHT="51.0">
            <Shape><Polygon POINTS="739 108 729 105 720 103 715 102 710 102 701 102 692 102 683 101 660 104 636 100 627 100 618 100 610 99 599 105 593 99 590 99 581 99 574 98 567 105 480 98 479 98 478 98 460 105 461 137 461 146 670 149 671 149 741 142 741 133 740 108 739 108"/></Shape>
            <String CONTENT="Eſtat de France"
                    HPOS="460.0"
                    VPOS="98.0"
                    WIDTH="281.0"
                    HEIGHT="51.0"
                    WC="0.995646603902181"></String>
          </TextLine>
        </TextBlock>
        <TextBlock HPOS="245.0"
                   VPOS="595.0"
                   WIDTH="715.0"
                   HEIGHT="839.0"
                   ID="eSc_textblock_eSc_textblock_95521c19"
                   TAGREFS="BT100005">
          <Shape><Polygon POINTS="245 602 261 1434 960 1414 953 595"/></Shape>
          <TextLine ID="eSc_line_eSc_line_7b7b3fb3"
                    TAGREFS="LT8"
                    BASELINE="291 622 931 611" 
                    HPOS="290.0"
                    VPOS="586.0"
                    WIDTH="641.0"
                    HEIGHT="50.0">
            <Shape><Polygon POINTS="291 622 291 634 306 631 332 636 333 636 362 630 396 635 397 635 398 635 399 635 409 628 464 628 518 632 519 632 557 626 573 632 574 632 575 632 659 630 660 630 670 625 685 630 686 630 687 630 688 630 706 624 822 628 823 628 824 628 840 621 895 621 911 625 912 625 913 625 914 625 931 619 931 611 928 586 716 595 705 590 704 590 703 590 702 590 682 595 647 591 646 591 645 591 644 591 636 595 573 592 572 592 500 598 490 594 489 594 488 594 460 598 415 595 414 595 342 601 311 596 311 596 310 596 290 602 291 622"/></Shape>
            <String CONTENT="Il y a vne iniuſtice contraire à ceſte cy qui prouient"
                    HPOS="290.0"
                    VPOS="586.0"
                    WIDTH="641.0"
                    HEIGHT="50.0"
                    WC="0.9899313189766624"></String>
          </TextLine>
          <TextLine ID="eSc_line_eSc_line_8cb22e0b"
                    TAGREFS="LT8"
                    BASELINE="262 654 931 642" 
                    HPOS="261.0"
                    VPOS="618.0"
                    WIDTH="670.0"
                    HEIGHT="46.0">
            <Shape><Polygon POINTS="262 654 262 664 773 660 774 660 775 660 775 659 779 655 826 659 827 659 828 659 841 654 877 658 878 658 931 651 931 642 929 620 836 618 835 618 834 618 833 618 823 625 766 625 706 621 705 621 704 621 703 621 697 626 678 622 677 622 676 622 666 627 619 622 618 622 617 622 616 622 608 628 570 622 569 622 525 629 508 624 507 624 506 624 464 631 425 627 424 627 423 627 414 632 380 626 379 626 331 633 314 627 313 627 312 627 261 628 262 654"/></Shape>
            <String CONTENT="de vouloir trop embraſſer, &amp; touche ceux qui fuyent"
                    HPOS="261.0"
                    VPOS="618.0"
                    WIDTH="670.0"
                    HEIGHT="46.0"
                    WC="0.988766750868629"></String>
          </TextLine>
          <TextLine ID="eSc_line_eSc_line_e9f3d1ee"
                    TAGREFS="LT8"
                    BASELINE="262 686 930 673" 
                    HPOS="261.0"
                    VPOS="653.0"
                    WIDTH="669.0"
                    HEIGHT="46.0">
            <Shape><Polygon POINTS="262 686 262 697 392 699 393 699 394 699 417 692 486 695 487 695 509 690 571 695 571 695 609 688 638 694 639 694 733 686 804 690 805 690 834 684 876 689 877 689 878 689 895 683 930 683 930 673 928 653 694 653 693 653 692 653 675 659 597 655 596 655 595 655 580 660 512 657 511 657 510 657 489 662 452 658 451 658 450 658 449 658 442 663 430 659 429 659 428 659 428 659 427 659 419 663 362 660 361 660 360 660 359 660 351 665 315 660 314 660 313 660 312 660 306 666 261 662 262 686"/></Shape>
            <String CONTENT="la compagnie &amp; communication des hommes pour"
                    HPOS="261.0"
                    VPOS="653.0"
                    WIDTH="669.0"
                    HEIGHT="46.0"
                    WC="0.9895867678252134"></String>
          </TextLine>
          <TextLine ID="eSc_line_eSc_line_2f0fecb9"
                    TAGREFS="LT8"
                    BASELINE="262 717 931 705" 
                    HPOS="261.0"
                    VPOS="680.0"
                    WIDTH="670.0"
                    HEIGHT="50.0">
            <Shape><Polygon POINTS="262 717 262 729 354 730 355 730 356 730 357 730 367 724 416 724 467 728 467 728 468 728 480 722 541 722 569 726 570 726 571 726 588 721 598 725 599 725 600 725 724 724 725 724 737 717 931 713 931 705 929 683 879 680 878 680 877 680 876 680 876 681 870 687 823 687 814 682 813 682 812 682 777 682 776 682 775 682 759 688 705 685 704 685 664 690 622 685 621 685 559 692 519 686 519 686 457 695 309 697 294 692 293 692 292 692 261 698 262 717"/></Shape>
            <String CONTENT="tant mieux vacquer à leurs afaires priuez. Tels ne font"
                    HPOS="261.0"
                    VPOS="680.0"
                    WIDTH="670.0"
                    HEIGHT="50.0"
                    WC="0.9913500472903252"></String>
          </TextLine>
          <TextLine ID="eSc_line_eSc_line_6b393d24"
                    TAGREFS="LT8"
                    BASELINE="263 750 931 737" 
                    HPOS="262.0"
                    VPOS="711.0"
                    WIDTH="669.0"
                    HEIGHT="52.0">
            <Shape><Polygon POINTS="263 750 263 763 931 750 931 737 929 715 891 711 890 711 836 717 816 712 815 712 814 712 813 712 812 712 804 718 697 716 696 716 666 721 647 715 646 715 645 715 644 715 643 715 636 722 604 722 593 717 592 717 591 717 500 718 439 725 389 722 388 722 387 722 376 726 363 721 362 721 361 721 360 721 359 721 350 728 289 728 280 724 279 724 278 724 277 724 262 728 263 750"/></Shape>
            <String CONTENT="tort ouiniure de fait à perſonne: &amp; partant ils euitent"
                    HPOS="262.0"
                    VPOS="711.0"
                    WIDTH="669.0"
                    HEIGHT="52.0"
                    WC="0.9893659002014569"></String>
          </TextLine>
          <TextLine ID="eSc_line_eSc_line_f05c1dc8"
                    TAGREFS="LT8"
                    BASELINE="263 779 931 769" 
                    HPOS="262.0"
                    VPOS="744.0"
                    WIDTH="669.0"
                    HEIGHT="50.0">
            <Shape><Polygon POINTS="263 779 263 790 322 794 323 794 445 787 489 791 490 791 491 791 506 786 553 790 554 790 555 790 571 785 624 790 625 790 664 784 687 789 688 789 732 783 857 786 857 786 858 786 882 780 930 780 931 769 930 750 923 744 922 744 922 744 883 744 882 744 881 744 865 751 803 751 779 746 778 746 777 746 732 747 731 747 730 747 724 752 633 748 632 748 590 749 589 749 588 749 580 754 571 750 571 750 570 750 569 750 568 750 561 755 472 751 471 751 442 757 390 751 389 751 389 751 372 758 262 758 263 779"/></Shape>
            <String CONTENT="ceſte partie d’i niuſtice qui eſt d’vſurper ſur l’autruy: mais"
                    HPOS="262.0"
                    VPOS="744.0"
                    WIDTH="669.0"
                    HEIGHT="50.0"
                    WC="0.9780006226032011"></String>
          </TextLine>
          <TextLine ID="eSc_line_eSc_line_91292313"
                    TAGREFS="LT8"
                    BASELINE="263 813 932 801" 
                    HPOS="262.0"
                    VPOS="775.0"
                    WIDTH="670.0"
                    HEIGHT="47.0">
            <Shape><Polygon POINTS="263 813 263 822 932 810 932 801 930 777 896 775 895 775 894 775 871 783 836 783 778 777 777 777 672 786 571 780 571 780 519 789 493 783 416 783 415 783 415 783 414 783 402 790 365 784 364 784 363 784 350 791 304 787 303 787 302 787 301 787 294 792 288 787 287 787 286 787 262 787 263 813"/></Shape>
            <String CONTENT="ils encourent l’autre, ne faiſant rien pour la commune"
                    HPOS="262.0"
                    VPOS="775.0"
                    WIDTH="670.0"
                    HEIGHT="47.0"
                    WC="0.999445687841486"></String>
          </TextLine>
          <TextLine ID="eSc_line_eSc_line_6096cbbc"
                    TAGREFS="LT8"
                    BASELINE="264 845 931 833" 
                    HPOS="263.0"
                    VPOS="808.0"
                    WIDTH="668.0"
                    HEIGHT="48.0">
            <Shape><Polygon POINTS="264 845 264 856 931 846 931 833 929 808 844 808 844 808 843 808 826 815 781 809 780 809 779 809 765 816 723 817 686 817 677 811 676 811 675 811 675 811 621 818 571 813 571 813 519 820 511 815 510 815 509 815 508 815 486 819 470 815 469 815 468 815 412 822 322 817 321 817 263 825 264 845"/></Shape>
            <String CONTENT="conſeruation de la ſocieté humaine, tenant leur ſuffiſan"
                    HPOS="263.0"
                    VPOS="808.0"
                    WIDTH="668.0"
                    HEIGHT="48.0"
                    WC="0.98856401548051"></String>
          </TextLine>
          <TextLine ID="eSc_line_eSc_line_de6142d4"
                    TAGREFS="LT8"
                    BASELINE="265 876 932 865" 
                    HPOS="264.0"
                    VPOS="840.0"
                    WIDTH="668.0"
                    HEIGHT="49.0">
            <Shape><Polygon POINTS="265 876 265 889 487 881 528 885 529 885 530 885 543 880 597 884 597 884 677 879 703 882 704 882 705 882 706 882 712 878 931 878 932 865 929 840 818 847 714 841 714 841 649 850 625 843 624 843 623 843 551 851 534 845 533 845 504 845 503 845 502 845 501 845 491 852 464 846 463 846 462 846 461 846 453 854 430 854 408 847 407 847 406 847 374 853 324 848 324 848 323 848 322 848 309 856 264 856 265 876"/></Shape>
            <String CONTENT="ce oiſiue &amp; inutile. Il faut donc en tel faict que ceux qui"
                    HPOS="264.0"
                    VPOS="840.0"
                    WIDTH="668.0"
                    HEIGHT="49.0"
                    WC="0.9894536248708176"></String>
          </TextLine>
          <TextLine ID="eSc_line_eSc_line_21b25c31"
                    TAGREFS="LT8"
                    BASELINE="266 908 932 895" 
                    HPOS="265.0"
                    VPOS="871.0"
                    WIDTH="667.0"
                    HEIGHT="50.0">
            <Shape><Polygon POINTS="266 908 266 916 287 921 288 921 315 915 396 915 410 919 411 919 412 919 457 913 488 919 489 919 563 912 622 916 623 916 651 909 692 915 693 915 729 914 730 914 742 907 784 912 785 912 854 906 931 907 932 895 929 872 873 877 835 871 834 871 787 879 770 874 769 874 768 874 740 880 666 875 665 875 664 875 642 881 630 876 629 876 628 876 627 876 616 880 598 877 597 877 597 877 582 882 462 879 461 879 406 886 368 880 367 880 366 880 353 887 324 881 324 881 323 881 322 881 311 889 265 889 266 908"/></Shape>
            <String CONTENT="ont des dons de Dieu les employent pour le public, &amp;"
                    HPOS="265.0"
                    VPOS="871.0"
                    WIDTH="667.0"
                    HEIGHT="50.0"
                    WC="0.9807315847048392"></String>
          </TextLine>
          <TextLine ID="eSc_line_eSc_line_cd7872cf"
                    TAGREFS="LT8"
                    BASELINE="265 939 933 928" 
                    HPOS="264.0"
                    VPOS="903.0"
                    WIDTH="669.0"
                    HEIGHT="51.0">
            <Shape><Polygon POINTS="265 939 267 954 272 948 324 947 336 952 337 952 337 952 606 943 677 946 678 946 679 946 691 942 707 946 708 946 709 946 933 936 933 928 931 906 907 903 906 903 873 909 865 904 864 904 863 904 830 904 829 904 828 904 827 904 820 910 746 911 732 906 731 906 730 906 729 906 702 912 653 906 652 906 596 914 545 908 544 908 484 916 430 910 429 910 393 911 392 911 391 911 385 917 363 912 363 912 362 912 361 912 353 918 319 913 318 913 264 917 265 939"/></Shape>
            <String CONTENT="les employãt que ce ſoit auec ceſte reigle qu’on ſoit me¬"
                    HPOS="264.0"
                    VPOS="903.0"
                    WIDTH="669.0"
                    HEIGHT="51.0"
                    WC="0.9974102480658169"></String>
          </TextLine>
          <TextLine ID="eSc_line_eSc_line_12bb2073"
                    TAGREFS="LT8"
                    BASELINE="266 971 933 959" 
                    HPOS="265.0"
                    VPOS="934.0"
                    WIDTH="668.0"
                    HEIGHT="48.0">
            <Shape><Polygon POINTS="266 971 266 982 933 969 933 959 931 941 881 934 880 934 834 935 833 935 820 942 804 936 803 936 802 936 801 936 800 936 793 943 639 945 625 939 624 939 623 939 623 939 622 939 612 945 604 940 603 940 602 940 574 940 573 940 572 940 571 940 571 941 564 946 478 942 477 942 476 942 452 949 366 950 316 945 315 945 265 952 266 971"/></Shape>
            <String CONTENT="né d’vn amour au bien public &amp; non pas qu’aux deſpens"
                    HPOS="265.0"
                    VPOS="934.0"
                    WIDTH="668.0"
                    HEIGHT="48.0"
                    WC="0.9992819516747086"></String>
          </TextLine>
          <TextLine ID="eSc_line_eSc_line_7566192a"
                    TAGREFS="LT8"
                    BASELINE="267 1002 934 991" 
                    HPOS="266.0"
                    VPOS="965.0"
                    WIDTH="668.0"
                    HEIGHT="49.0">
            <Shape><Polygon POINTS="267 1002 267 1010 364 1014 365 1014 366 1014 378 1009 427 1013 428 1013 428 1013 429 1013 429 1012 435 1008 463 1012 464 1012 490 1007 598 1010 599 1010 660 1004 700 1009 701 1009 732 1003 752 1008 753 1008 753 1008 825 1001 855 1006 856 1006 934 1002 934 991 932 970 824 965 823 965 822 965 809 971 782 966 781 966 780 966 755 972 734 967 733 967 732 967 683 973 655 968 654 968 613 974 600 969 599 969 598 969 597 969 581 975 537 971 536 971 535 971 517 976 507 971 506 971 506 971 505 971 504 971 487 977 417 972 416 972 415 972 415 972 408 978 371 973 370 973 369 973 348 979 327 973 326 973 325 973 324 973 324 973 316 979 286 974 285 974 285 974 266 981 267 1002"/></Shape>
            <String CONTENT="d’iceluy lon pretende faire ſes afaires. Mais ſur tout que"
                    HPOS="266.0"
                    VPOS="965.0"
                    WIDTH="668.0"
                    HEIGHT="49.0"
                    WC="0.9815547887621254"></String>
          </TextLine>
          <TextLine ID="eSc_line_eSc_line_367193fc"
                    TAGREFS="LT8"
                    BASELINE="268 1035 934 1023" 
                    HPOS="267.0"
                    VPOS="997.0"
                    WIDTH="667.0"
                    HEIGHT="49.0">
            <Shape><Polygon POINTS="268 1035 268 1044 471 1046 472 1046 524 1038 571 1044 572 1044 626 1036 670 1042 671 1042 672 1042 696 1036 748 1039 749 1039 750 1039 760 1034 836 1034 879 1038 880 1038 881 1038 882 1038 882 1037 889 1032 933 1032 934 1023 931 1003 860 1003 841 997 840 997 839 997 805 1004 737 998 736 998 700 1006 677 999 676 999 675 999 635 1000 634 1000 611 1008 545 1002 545 1002 544 1002 543 1002 543 1003 535 1009 499 1003 498 1003 397 1011 374 1005 373 1005 372 1005 371 1005 356 1013 329 1013 293 1007 292 1007 291 1007 267 1014 268 1035"/></Shape>
            <String CONTENT="celuy qui y eſt appellé s’y porte equitablement. Il y a ce¬"
                    HPOS="267.0"
                    VPOS="997.0"
                    WIDTH="667.0"
                    HEIGHT="49.0"
                    WC="0.9936404556035996"></String>
          </TextLine>
          <TextLine ID="eSc_line_eSc_line_333152fb"
                    TAGREFS="LT8"
                    BASELINE="267 1064 935 1053" 
                    HPOS="266.0"
                    VPOS="1028.0"
                    WIDTH="669.0"
                    HEIGHT="49.0">
            <Shape><Polygon POINTS="267 1064 267 1077 789 1066 819 1070 820 1070 821 1070 832 1065 876 1069 877 1069 935 1062 935 1053 932 1028 877 1035 833 1029 832 1029 831 1029 810 1036 766 1030 766 1030 654 1038 624 1033 623 1033 623 1033 597 1039 510 1035 509 1035 508 1035 482 1041 435 1036 434 1036 376 1043 339 1038 338 1038 337 1038 319 1044 266 1041 267 1064"/></Shape>
            <String CONTENT="ſte iuſtice commutatiue, dont il a eſté parlé, en laquelle"
                    HPOS="266.0"
                    VPOS="1028.0"
                    WIDTH="669.0"
                    HEIGHT="49.0"
                    WC="0.9894492983818054"></String>
          </TextLine>
          <TextLine ID="eSc_line_eSc_line_9a336d55"
                    TAGREFS="LT8"
                    BASELINE="267 1098 935 1086" 
                    HPOS="266.0"
                    VPOS="1062.0"
                    WIDTH="669.0"
                    HEIGHT="47.0">
            <Shape><Polygon POINTS="267 1098 267 1109 935 1096 935 1086 932 1066 863 1066 850 1062 849 1062 848 1062 847 1062 830 1068 726 1069 707 1063 706 1063 705 1063 704 1063 693 1068 680 1063 679 1063 678 1063 677 1063 676 1063 666 1070 625 1064 624 1064 591 1065 590 1065 589 1065 582 1071 546 1066 545 1066 545 1066 522 1073 506 1067 505 1067 504 1067 414 1075 381 1069 380 1069 379 1069 367 1075 342 1070 341 1070 266 1072 267 1098"/></Shape>
            <String CONTENT="ſouuent les tyrans font les plus embeſongnez: comme"
                    HPOS="266.0"
                    VPOS="1062.0"
                    WIDTH="669.0"
                    HEIGHT="47.0"
                    WC="0.9935639231812721"></String>
          </TextLine>
          <TextLine ID="eSc_line_eSc_line_4445e293"
                    TAGREFS="LT8"
                    BASELINE="268 1129 936 1118" 
                    HPOS="267.0"
                    VPOS="1092.0"
                    WIDTH="669.0"
                    HEIGHT="49.0">
            <Shape><Polygon POINTS="268 1129 268 1137 357 1141 358 1141 359 1141 360 1141 365 1137 433 1140 434 1140 459 1135 476 1139 477 1139 478 1139 479 1139 491 1133 936 1131 936 1118 935 1099 880 1092 879 1092 822 1100 694 1096 693 1096 692 1096 672 1102 587 1103 571 1098 570 1098 569 1098 533 1104 527 1099 526 1099 525 1099 501 1099 500 1099 499 1099 498 1099 489 1105 483 1100 482 1100 481 1100 454 1100 454 1100 453 1100 430 1106 325 1101 324 1101 324 1101 307 1108 282 1102 281 1102 280 1102 267 1108 268 1129"/></Shape>
            <String CONTENT="Cambyſes, qui fit eſcorcher vn iuge pour y auoir fait"
                    HPOS="267.0"
                    VPOS="1092.0"
                    WIDTH="669.0"
                    HEIGHT="49.0"
                    WC="0.9960025368996386"></String>
          </TextLine>
          <TextLine ID="eSc_line_eSc_line_b01a105d"
                    TAGREFS="LT8"
                    BASELINE="267 1162 935 1148" 
                    HPOS="266.0"
                    VPOS="1122.0"
                    WIDTH="669.0"
                    HEIGHT="51.0">
            <Shape><Polygon POINTS="267 1162 267 1173 935 1157 935 1148 933 1126 876 1127 844 1122 844 1122 843 1122 842 1122 831 1128 811 1125 810 1125 728 1130 721 1126 720 1126 719 1126 718 1126 686 1131 677 1125 676 1125 675 1125 675 1125 674 1125 673 1125 664 1132 613 1133 595 1126 594 1126 593 1126 534 1131 527 1127 526 1127 525 1127 488 1133 460 1129 459 1129 458 1129 435 1137 406 1130 405 1130 404 1130 389 1138 366 1132 365 1132 364 1132 321 1139 311 1132 311 1132 310 1132 309 1132 266 1132 267 1162"/></Shape>
            <String CONTENT="faute, &amp; inſtitua le fils d’iceluy en ſon lieu, ayant fait cou"
                    HPOS="266.0"
                    VPOS="1122.0"
                    WIDTH="669.0"
                    HEIGHT="51.0"
                    WC="0.9875760164953047"></String>
          </TextLine>
          <TextLine ID="eSc_line_eSc_line_019a82e2"
                    TAGREFS="LT8"
                    BASELINE="268 1193 937 1180" 
                    HPOS="267.0"
                    VPOS="1154.0"
                    WIDTH="670.0"
                    HEIGHT="53.0">
            <Shape><Polygon POINTS="268 1193 268 1202 300 1207 301 1207 302 1207 324 1202 360 1206 361 1206 506 1198 553 1203 554 1203 605 1196 687 1200 688 1200 688 1200 689 1200 695 1194 747 1193 779 1198 780 1198 781 1198 797 1193 936 1194 937 1180 935 1160 879 1154 878 1154 877 1154 861 1160 843 1154 842 1154 841 1154 840 1154 839 1154 833 1160 821 1156 820 1156 819 1156 783 1162 702 1159 701 1159 662 1164 648 1159 647 1159 646 1159 645 1159 644 1159 635 1165 571 1160 570 1160 475 1162 474 1162 463 1166 441 1163 441 1163 409 1169 375 1165 374 1165 346 1170 332 1165 331 1165 330 1165 295 1171 267 1167 268 1193"/></Shape>
            <String CONTENT="urir le ſiege iudicial de la peau du pere condamné, &amp; ce"
                    HPOS="267.0"
                    VPOS="1154.0"
                    WIDTH="670.0"
                    HEIGHT="53.0"
                    WC="0.9958952644415069"></String>
          </TextLine>
          <TextLine ID="eSc_line_eSc_line_cfc4081b"
                    TAGREFS="LT8"
                    BASELINE="268 1225 937 1212" 
                    HPOS="267.0"
                    VPOS="1191.0"
                    WIDTH="670.0"
                    HEIGHT="48.0">
            <Shape><Polygon POINTS="268 1225 268 1239 309 1239 309 1238 310 1238 311 1238 319 1232 361 1237 362 1237 363 1237 376 1232 465 1234 466 1234 467 1234 467 1234 474 1230 697 1230 698 1230 699 1230 708 1225 740 1229 741 1229 820 1223 833 1228 834 1228 835 1228 891 1221 935 1225 937 1212 935 1193 698 1191 697 1191 696 1191 681 1198 505 1201 493 1195 493 1195 458 1195 457 1195 456 1195 439 1203 346 1204 315 1198 314 1198 267 1205 268 1225"/></Shape>
            <String CONTENT="pendant quant à ſes mœurs, quant à la iuſtice contenue"
                    HPOS="267.0"
                    VPOS="1191.0"
                    WIDTH="670.0"
                    HEIGHT="48.0"
                    WC="0.9858600071498326"></String>
          </TextLine>
          <TextLine ID="eSc_line_eSc_line_a71d261a"
                    TAGREFS="LT8"
                    BASELINE="268 1256 934 1242" 
                    HPOS="267.0"
                    VPOS="1217.0"
                    WIDTH="667.0"
                    HEIGHT="52.0">
            <Shape><Polygon POINTS="268 1256 268 1269 324 1264 429 1267 430 1267 431 1267 454 1261 516 1264 517 1264 543 1259 568 1264 569 1264 570 1264 571 1264 580 1258 655 1262 656 1262 657 1262 670 1257 703 1261 704 1261 705 1261 706 1261 714 1256 752 1260 753 1260 934 1252 934 1242 932 1224 894 1217 893 1217 857 1224 845 1218 844 1218 844 1218 799 1224 784 1220 783 1220 782 1220 781 1220 780 1220 774 1226 687 1222 686 1222 622 1230 602 1224 601 1224 600 1224 599 1224 576 1230 499 1226 498 1226 497 1226 496 1226 487 1232 471 1228 470 1228 469 1228 423 1233 408 1228 407 1228 406 1228 405 1228 404 1228 404 1229 397 1234 363 1229 362 1229 361 1229 360 1229 350 1235 311 1230 311 1230 267 1237 268 1256"/></Shape>
            <String CONTENT="en ſes ordonnances, &amp; quant à ce qu’il pratiquoit en ſes"
                    HPOS="267.0"
                    VPOS="1217.0"
                    WIDTH="667.0"
                    HEIGHT="52.0"
                    WC="0.9888628365700705"></String>
          </TextLine>
          <TextLine ID="eSc_line_eSc_line_8c8c3925"
                    TAGREFS="LT8"
                    BASELINE="268 1287 936 1275" 
                    HPOS="267.0"
                    VPOS="1249.0"
                    WIDTH="669.0"
                    HEIGHT="50.0">
            <Shape><Polygon POINTS="268 1287 268 1297 420 1299 421 1299 472 1293 506 1297 507 1297 508 1297 525 1292 623 1295 624 1295 625 1295 626 1295 633 1290 716 1294 717 1294 718 1294 732 1288 780 1293 781 1293 782 1293 794 1286 839 1286 929 1290 930 1290 931 1290 932 1290 932 1289 936 1283 936 1275 934 1249 883 1256 839 1250 838 1250 837 1250 836 1250 829 1256 810 1252 809 1252 808 1252 807 1252 806 1252 800 1256 759 1253 758 1253 727 1258 692 1253 691 1253 690 1253 677 1259 668 1254 667 1254 666 1254 627 1254 626 1254 625 1254 610 1260 576 1255 575 1255 574 1255 573 1255 562 1262 495 1262 474 1256 473 1256 472 1256 416 1264 371 1258 370 1258 267 1264 268 1287"/></Shape>
            <String CONTENT="diſtributions, c’eſtoit vn des plus iniques qu’il eſtoit poſ"
                    HPOS="267.0"
                    VPOS="1249.0"
                    WIDTH="669.0"
                    HEIGHT="50.0"
                    WC="0.9935102701187134"></String>
          </TextLine>
          <TextLine ID="eSc_line_eSc_line_66ae4b4b"
                    TAGREFS="LT8"
                    BASELINE="269 1320 935 1308" 
                    HPOS="268.0"
                    VPOS="1282.0"
                    WIDTH="667.0"
                    HEIGHT="50.0">
            <Shape><Polygon POINTS="269 1320 269 1332 414 1332 414 1331 415 1331 429 1326 462 1330 463 1330 525 1324 621 1327 622 1327 623 1327 623 1327 623 1326 628 1322 649 1326 649 1326 690 1321 727 1325 728 1325 729 1325 730 1325 738 1321 779 1324 780 1324 781 1324 782 1324 789 1320 876 1322 877 1322 935 1316 935 1308 933 1285 838 1282 837 1282 836 1282 821 1288 791 1282 790 1282 789 1282 773 1291 698 1291 678 1284 677 1284 676 1284 617 1293 545 1287 545 1287 508 1295 392 1293 391 1293 369 1297 353 1292 352 1292 351 1292 350 1292 330 1297 320 1293 319 1293 318 1293 268 1293 269 1320"/></Shape>
            <String CONTENT="ſible. Tant y a que cela ſeruoit de beaucoup à le faire re¬"
                    HPOS="268.0"
                    VPOS="1282.0"
                    WIDTH="667.0"
                    HEIGHT="50.0"
                    WC="0.9912410219510396"></String>
          </TextLine>
          <TextLine ID="eSc_line_eSc_line_bb6a98ff"
                    TAGREFS="LT8"
                    BASELINE="269 1351 936 1338" 
                    HPOS="268.0"
                    VPOS="1315.0"
                    WIDTH="668.0"
                    HEIGHT="49.0">
            <Shape><Polygon POINTS="269 1351 269 1364 414 1357 450 1361 451 1361 452 1361 453 1361 461 1356 740 1356 740 1356 741 1356 742 1356 749 1350 759 1354 760 1354 761 1354 798 1349 875 1353 876 1353 936 1346 936 1338 934 1318 826 1320 801 1315 800 1315 799 1315 787 1321 742 1317 741 1317 693 1322 669 1318 668 1318 667 1318 648 1323 610 1319 610 1319 575 1324 511 1321 510 1321 453 1327 414 1322 413 1322 412 1322 411 1322 402 1328 363 1323 363 1323 268 1331 269 1351"/></Shape>
            <String CONTENT="puter iuſte. Il y a en ceſte commutatiue les cõtraux, ven¬"
                    HPOS="268.0"
                    VPOS="1315.0"
                    WIDTH="668.0"
                    HEIGHT="49.0"
                    WC="0.991079993167166"></String>
          </TextLine>
          <TextLine ID="eSc_line_eSc_line_34f3ac3f"
                    TAGREFS="LT8"
                    BASELINE="269 1383 938 1371" 
                    HPOS="268.0"
                    VPOS="1347.0"
                    WIDTH="670.0"
                    HEIGHT="49.0">
            <Shape><Polygon POINTS="269 1383 269 1391 319 1396 320 1396 321 1396 338 1391 370 1395 371 1395 425 1388 937 1381 938 1371 936 1349 783 1347 782 1347 714 1354 681 1348 680 1348 576 1357 558 1351 558 1351 557 1351 494 1352 493 1352 470 1360 436 1360 427 1353 426 1353 425 1353 424 1353 423 1353 407 1360 363 1360 346 1355 345 1355 344 1355 343 1355 342 1355 333 1360 289 1358 288 1358 287 1358 268 1362 269 1383"/></Shape>
            <String CONTENT="tes, achapts &amp; autres telles conuentions qui ſe font de la"
                    HPOS="268.0"
                    VPOS="1347.0"
                    WIDTH="670.0"
                    HEIGHT="49.0"
                    WC="0.990085102360824"></String>
          </TextLine>
          <TextLine ID="eSc_line_eSc_line_3e0f49e6"
                    TAGREFS="LT8"
                    BASELINE="270 1414 936 1402" 
                    HPOS="269.0"
                    VPOS="1377.0"
                    WIDTH="667.0"
                    HEIGHT="64.0">
            <Shape><Polygon POINTS="270 1414 272 1436 276 1432 289 1438 290 1438 291 1438 292 1438 303 1435 348 1441 349 1441 350 1441 350 1441 373 1425 431 1431 432 1431 433 1431 434 1431 442 1424 466 1424 488 1434 489 1434 490 1434 491 1434 528 1423 571 1436 572 1436 611 1437 612 1437 613 1437 664 1421 687 1421 693 1426 694 1426 695 1426 696 1426 697 1426 698 1426 705 1421 786 1423 787 1423 788 1423 789 1423 794 1418 814 1424 815 1424 816 1424 817 1424 830 1420 857 1432 857 1432 858 1432 936 1430 936 1402 935 1382 840 1377 839 1377 838 1377 820 1383 810 1378 809 1378 808 1378 768 1384 730 1379 729 1379 691 1385 582 1382 581 1382 524 1388 475 1384 474 1384 473 1384 460 1389 387 1386 386 1386 385 1386 369 1392 269 1392 270 1414"/></Shape>
            <String CONTENT="volonte des parties: mais le iugement des difficultez qui"
                    HPOS="269.0"
                    VPOS="1377.0"
                    WIDTH="667.0"
                    HEIGHT="64.0"
                    WC="0.9798487874499539"></String>
          </TextLine>
        </TextBlock>
        <TextBlock HPOS="894.0"
                   VPOS="1417.0"
                   WIDTH="47.0"
                   HEIGHT="36.0"
                   ID="eSc_textblock_eSc_textblock_bceff40d"
                   TAGREFS="BT17">
          <Shape><Polygon POINTS="941 1453 941 1417 894 1417 894 1453"/></Shape>
          <TextLine ID="eSc_line_eSc_line_2e686f6a"
                    TAGREFS="LT8"
                    BASELINE="899 1431 936 1433" 
                    HPOS="898.0"
                    VPOS="1416.0"
                    WIDTH="38.0"
                    HEIGHT="33.0">
            <Shape><Polygon POINTS="899 1431 898 1443 918 1449 919 1449 920 1449 921 1449 935 1444 936 1433 936 1416 899 1416 899 1431"/></Shape>
            <String CONTENT="en"
                    HPOS="898.0"
                    VPOS="1416.0"
                    WIDTH="38.0"
                    HEIGHT="33.0"
                    WC="0.9998428225517273"></String>
          </TextLine>
        </TextBlock>
      </PrintSpace>
    </Page>
  </Layout>
</alto>
