848 1417
102.0 73.0 136.0 35.0 M. D. LXXIIII

393.0 66.0 236.0 48.0 Eſlat de France

223 110 568 42 ce que i'ay appiins te matin pour le uie amomeur vo¬

223.0 133.0 569.0 46.0 ſtre maiſtre: ce que l’autre fait, & le rapport contenoit

223.0 161.0 567.0 42.0 en ſõme. Que le roy & ſa mere luy vouloit mal de mort,

223.0 186.0 569.0 46.0 qu’il prinſt garde à ſoy: & que s’il vouloit la mareſchalle

224.0 214.0 568.0 44.0 ſa femme demeureroit à vne lieuë de là, contrefaiſant

224.0 242.0 567.0 38.0 bien fort la malade, & qu’elle manderoit au Roy & à la

224.0 267.0 568.0 44.0 roine mere qui leur pleuſt permettre à ſon mari de la ve

225.0 292.0 565.0 45.0 nir voir, afin qu’il dõnaſt ordre à ces affaire. Mais le ma¬

226.0 319.0 566.0 44.0 reſchal fit reſponſe qu’il eſtoit trop tard, & qu’il faloit

226.0 348.0 566.0 42.0 attendre la volonté de Dieu. Ce iour au ſoir il alla voir

226.0 373.0 566.0 46.0 le Roy & fut en ſa chambre iuſque à neuf heures & de¬

228.0 403.0 564.0 43.0 mie, lors le Roy luy donna congé, & luy dit par trois

229.0 427.0 565.0 46.0 fois, Adieu monſieur de Montmorency, puis ledit ſieur

228.0 455.0 566.0 44.0 mareſchal tira le rideau du lict du Roy lequel vouloit

228.0 482.0 564.0 43.0 dormir ce diſoit il. Le mareſchal eſtant retiré & couché,

229.0 511.0 566.0 42.0 ſur les onze heures le Roy enuoya querir la royne & le

229.0 536.0 567.0 44.0 Chancelier Birague: lors ils conclurent d’empriſonner

229.0 562.0 567.0 44.0 le duc d’Alençõ & le Roy de Nauarre: le Roy ordonna

229.0 589.0 567.0 47.0 qu’on allaſt querir ſon coche à S. Mor des foſſez: ce qui

230.0 618.0 566.0 43.0 fut fait & entra par la porte de derriere dedans le parc

233.0 644.0 563.0 44.0 pour venir à la porte du chaſteau. Sur les quatre heures

231.0 670.0 565.0 44.0 du matin vn gentilhomme Eſcoſſois fit entendre à vn

232.0 699.0 565.0 43.0 des domeſtiques du mareſchal, & qui eſtoit auec luy en

232.0 725.0 565.0 44.0 la chambre du Roy le ſoir precedent, qu’il auoit veu en¬

233.0 751.0 564.0 43.0 trer la roine & le Cheuallier en la chambre du Roy, &

233.0 779.0 566.0 44.0 la coche auſſi. Enquis pourquoy lon auoit amené ce

233.0 804.0 565.0 41.0 coche, reſpondit que c’eſtoit pour mener le duc d’Alẽ¬

235.0 831.0 564.0 45.0 çon & le Roy de Nauarre à la baſtille, & qu’il le pen¬

235.0 858.0 562.0 44.0 ſoit ainſi. Le mareſchal eſtant auerti de cela par ce do¬

234.0 884.0 563.0 46.0 meſtique ſe leue, & comme il s’habilloit vn des valets

234.0 910.0 565.0 48.0 de chambre le vint trouuer qui luy dit que le Roy le de¬

235.0 939.0 565.0 45.0 mandoit, & eſtoit enuoyé auſſi vers le mareſchal de

236.0 966.0 564.0 44.0 Coſſé pour luy en dire autant, comme l’effect le mon¬

236.0 993.0 566.0 46.0 ſtra. Le mareſchal de Montmorency eſtant paſſé le pont

236.0 1020.0 566.0 40.0 auec ſon ſeruiteur domeſtique ſus mentionné, il trouua

237.0 1047.0 564.0 44.0 ie viconte d’Auchy capitaine des gardes du Roy, &

238.0 1076.0 565.0 43.0 s’eſtans entreſaluez tout haut, le viconte commença à

240.0 1101.0 563.0 42.0 deuiſer auec luy à l’oreille, & ſe pourmenerent l’eſpace

240.0 1126.0 563.0 46.0 de trois heures enſemble, pendant leſquelles le mareſ¬

240.0 1157.0 565.0 60.0 Phlar changeorerouuene de couleur, à quoy lon pouuoit

752.0 1183.0 53.0 37.0 aiſe¬
