1000 1671
115.0 102.0 158.0 42.0 M. D. LXXIII.

115.0 258.0 91.0 40.0 Gen.3.

116.0 190.0 103.0 41.0 Gen. 2.

107.0 970.0 104.0 45.0 Gen. 2.

103.0 1275.0 90.0 45.0 Gen. 2.

458.0 103.0 281.0 55.0 Eſtat de France

252.0 156.0 660.0 46.0 eſté creé pour la femme, mais la femme pour l’homme.

253.0 184.0 660.0 49.0 Ce qui ſert de claire expoſition aux parolles de Moyſé,

255.0 217.0 657.0 46.0 quand il dit que Dieu crea vne aide à l’homme pour luy

253.0 247.0 658.0 48.0 aſſiſter, & auſſi ce que dit Adam voulant cercher ſubter¬

254.0 280.0 659.0 45.0 fuge à couurir ſa faute, quand il la reiettoit ſur ſa fem¬

251.0 320.0 663.0 35.0 me, diſant c’eſt la femme que tu m’as donnee. Elle eſtoit

251.0 342.0 662.0 48.0 donc faicte pour luy, car la donatiõ eſtant apropriee au

251.0 373.0 660.0 48.0 donataire, il s’entend qu’elle luy appartient auec certai¬

251.0 418.0 630.0 35.0 ne puiſſance d’en diſpoſer comme il ſera dit cy apres.

285.0 437.0 625.0 45.0 Vray eſt que quant à ce qui concerne la ſcience diui¬

252.0 467.0 657.0 50.0 ne, la foy & le ſalut, il y a eſgalité, ſans difference, en¬

253.0 500.0 656.0 46.0 tre l’homme & la femme: car il ſont tous deux quant à

249.0 531.0 662.0 46.0 ce regard creez à l’image de Dieu. Et pourtant S. Pierre

248.0 564.0 661.0 45.0 dit à ce propos, vous eſtes enſemble heritiers de la gra¬

246.0 594.0 665.0 44.0 ce de vie. Au ſurplus quand l’Eſcriture ne ſeroit ſi expreſ

245.0 626.0 665.0 42.0 ſe à prouuer mõ dire, & qu’il n’y auroit que la raiſon hu¬

246.0 660.0 664.0 41.0 maine & l’equité naturelle, ſi eſt ce qu’on defere tou¬

246.0 687.0 663.0 46.0 ſiours auec reſpect à ſa ſouche & origine. Or eſt il que

247.0 720.0 662.0 48.0 Eue eſt tiree de la ſubſtãce d’Adam, comme il eſt dit par

245.0 753.0 664.0 43.0 S. Paul parlant aux Atheniens, que tout le genre humain

245.0 783.0 664.0 46.0 eſt procedé d’vn ſang, qui eſtAdam ſource originelle de

244.0 816.0 665.0 40.0 tous les hommes. Ainſi doncil’homme eſt chef & com¬

244.0 848.0 664.0 42.0 mencement de toute nature humaine, ainſi que Dieu eſt

244.0 880.0 665.0 41.0 commencement de l’vniuers, & y a quelque ſimilitude

241.0 911.0 666.0 44.0 de l’homme enuers Dieu, pour le regard de telle digni¬

244.0 942.0 663.0 44.0 té. Adam donc dit par eſprit prophetique parlant d’Eue

241.0 973.0 666.0 40.0 prémiere extraction de luy:A ceſte fois eſt-ce os de mes

243.0 1005.0 664.0 44.0 os & chair de ma chair:dit a ceſte fois, pource que tou¬

242.0 1036.0 665.0 43.0 tes eſpeces d’animaux luy auoyent eſté preſentees, pour

243.0 1067.0 666.0 46.0 en faire choiz, mais il n’en auoit reconu aucun qui fuſt

242.0 1100.0 665.0 43.0 conuenable à luy eſtre apparié que ceſtuy qui eſtoit tiré

242.0 1131.0 665.0 45.0 de ſa ſubſtance. Adam eſtoit ſuperieur d’Eue, entant que

242.0 1160.0 663.0 47.0 il eſtoit ſon docteur & prophete de Dieu: car il fut depo

241.0 1192.0 665.0 44.0 ſitaire de l’ordonnance de Dieu laquelle luy fut adreſſee

240.0 1224.0 667.0 45.0 auãt la creation de la femme, dautant qu’il eſt dit que

241.0 1256.0 664.0 44.0 Dieu luy deffendit de ne manger du fruit, & qu’apres il

241.0 1287.0 664.0 47.0 vid qu’il n’eſtoit pas bon que l’homme fuſt ſeul, & pour

239.0 1320.0 664.0 45.0 tant il luy crea vne aide ſemblable à luy. Incontinẽt que

238.0 1350.0 665.0 43.0 il la vid il luy preſcha la doctrine du mariage qui lors ſe

239.0 1383.0 664.0 51.0 celebroit, monſtrant que l’homme & la femme ne ſont

113.0 455.0 135.0 38.0 Enquoy l’hõ

111.0 490.0 134.0 38.0 me & la fem

111.0 518.0 124.0 44.0 me ſont eſ

111.0 551.0 70.0 39.0 gaux.

111.0 581.0 81.0 39.0 Gen.1.

110.0 747.0 110.0 43.0 Ad. 17.

832.0 1424.0 68.0 50.0 qu’v¬
