1000 1671
75.0 146.0 666.0 41.0 minuer les peines des hommes: ce qui ſe peut faire ſelon

75.0 176.0 665.0 41.0 equité & raiſon. Mais la debonnaireté qui s’eſcarte de la

75.0 207.0 665.0 45.0 iuſtice eſt plus propremẽt appellee nõchalãce que pieté

76.0 238.0 662.0 45.0 & eſt meſmes reprouuee par les loix, ff. de dolo.l.elegãter. &

75.0 270.0 666.0 42.0 I. ſi hominem. la diſtribution des choſes prouenantes de l’e

75.0 300.0 666.0 42.0 ſtat & qui ſont en la diſpoſition du prince doit eſtre biẽ

75.0 333.0 666.0 45.0 reiglee auſſi. & par ce defaut il en vient de grands maux.

77.0 367.0 663.0 36.0 Car ceux qui oſtent aux vns pour donner aux autres,

75.0 395.0 661.0 42.0 oſtent la concorde & l’equité, attendu que la proprieté

747.0 385.0 131.0 60.0 Ciceron auz

75.0 428.0 661.0 46.0 de la cité, eſt que chacun d’icelle puiſſe iouir du fiẽ ſans

745.0 428.0 112.0 55.0 des offices.

77.0 459.0 666.0 44.0 crainte & ſans ſolicitude. La loy des partages à Rome

77.0 491.0 667.0 45.0 mettoit hors de leurs poſſeſſions les anciens & grãds de

77.0 523.0 668.0 45.0 la cité & puis celle de donner les dettes leſquelles met¬

78.0 556.0 669.0 42.0 toyent à neant les fondemens de la choſepublique. Pour

78.0 585.0 669.0 48.0 telles cauſes les Lacedemoniẽs chaſſerent Lyſander leur

77.0 621.0 465.0 43.0 gouuerneur, & tuerent Agis leur Roy.

204.0 94.0 303.0 54.0 Sous Charles ix.

103.0 660.0 645.0 31.0 Les princes ruinẽt vne multitude pour auoir ceſt hon

82.0 681.0 667.0 40.0 neur d’auoir eſté liberaux à l’endrort de quelque petit

80.0 711.0 668.0 47.0 nombre. Mais cela ne peut eſtre dit liberalité quand pre

80.0 743.0 668.0 46.0 mierement il prodigue les biens mal à propos, & ſingu¬

80.0 775.0 669.0 47.0 lierement quãd c’eſt par la deſtitution des legitimes poſ

80.0 807.0 669.0 42.0 ſeſſeurs d’iceux. Car on ne peut rien dire liberal s’il n’eſt

82.0 840.0 667.0 40.0 iuſte: par tropdonner on tombe en indigence, dont

82.0 870.0 666.0 44.0 on eſt aucunesfois contraint vſurper ſur l’autruy: & ain¬

82.0 904.0 668.0 36.0 ſi cuidant acquerir bien vueillance vn tel n’obtient

84.0 935.0 666.0 43.0 point tant de faueur de ceux auſquels ils donne qu’il

83.0 965.0 667.0 39.0 encourt la haine de ceux auſquels il oſte. Ainſi à di¬

83.0 997.0 667.0 42.0 ſtribuer liberalement faut qu’il y ait meſure rapportee

84.0 1028.0 667.0 40.0 à la puiſſance & faculté du donnant: autrement, ce dit

85.0 1058.0 666.0 48.0 S. Auguſtin au 19. liure de la cité de Dieu, ce n’eſt pas

84.0 1091.0 667.0 45.0 afaire à benefice & liberalité, de faire en ſorte qu’ay¬

86.0 1125.0 667.0 41.0 dant en vne maniere on perde en vne autre le bien qui

83.0 1155.0 670.0 46.0 eſt le plus grand: comme ce n’eſt pas a faire à iuſtice

86.0 1189.0 667.0 42.0 & innocense de permettre en pardonnant que lon

86.0 1218.0 666.0 43.0 tombe en vn plus grand mal. Les hommes liberaux

85.0 1250.0 662.0 43.0 donc ſont ceux qui rachettent les priſonniers des en¬

85.0 1282.0 665.0 44.0 nemis de la patrie, qui ſubuiennẽt à leurs parens de leurs

86.0 1313.0 584.0 47.0 facultez, & qui aident à toutes ſortes d’indigens.

671.0 95.0 64.0 48.0 196

755.0 1232.0 135.0 41.0 Cicero au 2.

755.0 1266.0 116.0 46.0 des offices.

115.0 1352.0 637.0 32.0 Outreplus ſi le prince eſt tenu de diſpenſer equita¬

83.0 1371.0 670.0 66.0 blement les biens de l’eſtat, il a auſſi à ſe fourair de

763.0 1332.0 129.0 53.0 Contre les ca

763.0 1367.0 85.0 53.0 lomnies.

549.0 1412.0 92.0 44.0 BB 4
