1000 1671
123.0 90.0 162.0 44.0 M.D.LXXIIII

467.0 84.0 294.0 49.0 Eſtat de France

261.0 154.0 674.0 23.0 indiuiſible ment en vne ſeulechence diline: Illais il eit

261.0 167.0 674.0 41.0 ici queſtiõ d’vn homme qui euſt eu commencement de

263.0 201.0 672.0 41.0 vn autre, qui eſtoit pour ſe corrompre, qui euſt eſté com

264.0 230.0 671.0 45.0 poſé de corps & d’ame, parties circonſcriptes auec leurs

263.0 262.0 672.0 40.0 fins & dimenſions, & autant de perſonnes humaines au¬

263.0 291.0 671.0 45.0 tant de eſſences viſibles & palpables ſuiettes à diuerſité

263.0 323.0 670.0 47.0 d’affections, comme on void qu’Adam & Eue change¬

263.0 355.0 671.0 43.0 rent de volonté qu’ils auoyent d’obeir à Dieu quand ils

263.0 388.0 671.0 47.0 tranſgreſſerent. Dauantage Arius n’argumentoit pas, cõ

263.0 421.0 672.0 43.0 me ceux ci l’entendent. Son hereſie eſtoit de nier que le

263.0 452.0 672.0 43.0 Fils fuſt de l’eſſence de Pere. Il ſouſtenoit que le Pere l’a

263.0 482.0 672.0 44.0 uoit creé de rien, & ſur ce nioit qu’il fuſt coëſſenti el ni

263.0 512.0 670.0 48.0 coëternel auec le pere, diſant qu’il n’eſtoit appelé fils que

263.0 544.0 671.0 46.0 par vne grande excellence & à cauſe d’vne affection &

263.0 579.0 672.0 42.0 faueur ſinguliere de Dieu le createur, qui l’auoit creé le

264.0 608.0 669.0 43.0 premier & le plus excellent, pour faire puis apres par luy

263.0 640.0 672.0 43.0 les autres creatures. En apres lon n’a iamais nié en l’E¬

264.0 670.0 672.0 48.0 gliſe Chreſtienne, que le Pere, entãt qu’il eſt pere, & ſans

265.0 704.0 671.0 45.0 origine que de par ſoymeſme ne precede le fils, & ne ſoit

266.0 735.0 671.0 46.0 la premiere perſonne en l’ordre des trois ſelon lequel

264.0 767.0 671.0 44.0 ſens pluſieurs anciens ont expoſé ce dire de leſus Chriſt

264.0 799.0 671.0 43.0 Pater maior me eſt, qui ont eſté toutesfois les plus grands

263.0 829.0 671.0 46.0 aduerſaires du blaſpheme d’Arius. Mais au reſte en telle

266.0 862.0 668.0 40.0 ſimilitude & comparaiſon il n’y a ne proportion ne con

265.0 893.0 670.0 39.0 uenance & aurois bien autant de raiſon d’inferer que tel

265.0 924.0 670.0 46.0 le opinion conuient à celle des Antropomorphites, qui

265.0 955.0 669.0 45.0 faiſoyent Dieu corporel. car ceux cy vouloyent redui¬

265.0 985.0 668.0 44.0 re les choſes de la diuinité & eternité & le miſteré incõ

265.0 1017.0 669.0 48.0 prehenſible de la Trinité (qu’il faut pluſtoſt adorer que

265.0 1049.0 670.0 40.0 curieuſement ſonder) à la forme & meſure des choſes

270.0 1082.0 664.0 43.0 humaines & tranfitoires comme eſtoit l’homme, quel¬

271.0 1114.0 665.0 43.0 que perfection qui fuſt en luy. Et quant à ce qui eſt dit

272.0 1145.0 663.0 46.0 que Chriſt eſt fils de Dieu engendré de luy, c’eſt pource

271.0 1178.0 664.0 42.0 que lon n’a peu exprimer la choſe en termes plus conue

270.0 1208.0 664.0 43.0 nables à noſtre capacité: mais c’eſt vne filiation& gene¬

270.0 1241.0 664.0 42.0 ration qui eſt eternelle, pareillement ce qui eſt dit du S.

270.0 1270.0 666.0 46.0 eſprit procedant des deux qui ſont trois perſonnes en

272.0 1304.0 664.0 44.0 vne meſme eſſence: ce qui ne ſe peut repreſenter ne

272.0 1335.0 574.0 46.0 figurer proprement par rien qui ſoit au monde.

302.0 1373.0 635.0 51.0 Quant à ce qu’ils alleguent là deſſus que la ſuiettion

891.0 1400.0 45.0 36.0 fut
