1000 1671
130.0 90.0 161.0 41.0 M D.LXXIHE

483.0 81.0 271.0 59.0 Eſtat deFrance

269.0 134.0 674.0 43.0 re la cõcorde ciuile. car cõme dit Caſſiodore, le royaume

271.0 163.0 667.0 49.0 eſt mal nõmé qui ne ſubſiſte par tranquillité, par laquel¬

271.0 195.0 671.0 49.0 le cõtinue l’humain lignage & les facultez d’iceluy ſont

272.0 231.0 676.0 44.0 cõſeruees: autremẽt c’eſt la deprauatiõ des hõmes, & en

271.0 263.0 672.0 44.0 fin leur totale ruine. Et pourtãt faut que toute principau

271.0 291.0 673.0 46.0 té ſe cõtiẽne ſans troubler ne ſoy ne ſes voiſins, pour biẽ

271.0 322.0 671.0 47.0 enſuiure les traces de ſon patrõ qui eſt la paternelle œco

272.0 355.0 672.0 44.0 nomie: car comme dit eſt, Royaume eſt vne puiſſance en

272.0 386.0 673.0 49.0 partie naturelle, & en partie artificielle: & ces choſes ont

272.0 422.0 670.0 43.0 en ſoy quantité moderee & determinee cõme vn corps

272.0 451.0 670.0 42.0 humain. Le ſang & l’amour reiglẽt l’œconomie, auec ce

272.0 481.0 671.0 47.0 qu’elle eſt ſous la correction de la puiſſance ciuile. mais

272.0 513.0 672.0 46.0 quãd vn royaume s’eſtẽdroit ſur tous pays, ſelon l’apetit

272.0 545.0 673.0 43.0 des hommes, ce ſeroit comme vne infinité immoderee:

272.0 575.0 673.0 47.0 & pourtant S. Auguſtin, au3. liu. de la cité de Dieu, dit

272.0 608.0 671.0 46.0 del’Empire Romain (qui toutesfois n’eſtoit pas proue¬

272.0 638.0 672.0 48.0 nu là) qu’il ne pouuoit plus ſouſtenir ſa grãdeur. Laquel

272.0 670.0 673.0 47.0 le ne le pouuoit tant eſtablir qu’il n’euſt touſiours quel¬

272.0 702.0 671.0 47.0 que ſecouſſe par laquelle il receuſt detriment. Parquoy

273.0 734.0 666.0 48.0 eſt plus louable vn moyen corps bien diſpoſé que d’e¬

272.0 765.0 670.0 46.0 ſtre en vne continuelle miſere pour ceſte enormité de

272.0 796.0 668.0 50.0 grandeur ou quantité de corps deſmeſuree, ſans mettre

272.0 829.0 670.0 46.0 en conte les maux qui ſuruiennent pour le baſtir. Ain¬

272.0 859.0 671.0 49.0 ſi l’eſgalité bien ordonnee par amour & charité entre les

273.0 891.0 671.0 43.0 chefs & membres de toutes deux, les a fait fleurir & ſub¬

274.0 922.0 669.0 51.0 ſiſter, & non la cupidite de croiſtre la puiſſance de com¬

274.0 959.0 268.0 38.0 mander & les limites.

306.0 991.0 639.0 39.0 En l’œconomie l’eſtat des enfans a eſté diſtingué de

276.0 1018.0 670.0 43.0 la condition des ſerfs par les anciens, teſmoin S. Augu¬

276.0 1047.0 670.0 47.0 ſtin au 19. liu. de la cité de Dieu. mais quant à ſeruir & ho

276.0 1080.0 668.0 45.0 norer Dieu, & procurer le bien de la paix, l’vn n’a eu plus

278.0 1114.0 667.0 44.0 de priuilege que l’autre: & l’ordre naturel commande

278.0 1144.0 669.0 47.0 tellement ces deuoirs que parmy ceux qui en ont bien

278.0 1174.0 669.0 49.0 ſceu diſpoſer le nom de pere de famille en eſt yſſu:titre

278.0 1206.0 669.0 48.0 tant honorable, que ceux meſmes qui tyranniſent ſe reſ¬

279.0 1238.0 668.0 44.0 iouiſſent de l’auoir. Ce deuoir de pere & prince empor¬

278.0 1270.0 669.0 49.0 te de commander, pource auſſi qu’il emporte de pour¬

279.0 1303.0 669.0 45.0 ueoir & paiſtre, & ſera touſiours requis iuſques a ce que

278.0 1333.0 671.0 49.0 nous ſoyons en la vie eternelle. Lequel deuoir eſtant biẽ

278.0 1367.0 671.0 62.0 exercé, les peres & princes endurent plus, en comman¬

876.0 1398.0 72.0 45.0 ldant
