1000 1671
89.0 155.0 667.0 35.0 Car ceux qui cuident paruenir à ſtable & durable gloi¬

87.0 181.0 667.0 46.0 re par hypocriſie & diſſimulation errent en leur proiet:

86.0 212.0 669.0 45.0 d’autãt qu’elle ne s’eſtend pas en racines par telle nour¬

84.0 245.0 671.0 43.0 riture: dont elle chet auſſi ſoudainement cõme elle s’eſt

84.0 274.0 668.0 48.0 eſleuee. Marc Antoine duquel il a ia eſté parlé fut cauſe

85.0 307.0 663.0 42.0 d’abolir la Dictature, qui eſtoit vn eſtat ſuſpect à la liber

85.0 338.0 664.0 43.0 té, dont il acquiſt grand honneur. Depuis il s’adonna

84.0 371.0 667.0 43.0 à theſauriſer, & tira grands profits qui luy ternirent &

86.0 400.0 664.0 49.0 obſcurcirent ſa renommee & la ſplẽdeur de ſa louange,

85.0 434.0 666.0 43.0 & ce par faute de gouſter la naifue ſaueur de l’honneur:

84.0 465.0 669.0 44.0 comme vn malade qui par empeſchement de l’effect de

84.0 500.0 668.0 44.0 nature ne peut gouſter la douceur de la viande: choſe à

83.0 530.0 667.0 45.0 quoy ſont ſuiects les voluptueux & auaricieux au ſenti¬

83.0 564.0 668.0 43.0 ment de l’honneur & de la vraye louange, & la veulent

84.0 592.0 664.0 46.0 auoir ſans meriter. Voila pourquoy les flateurs qui ſont

84.0 626.0 662.0 43.0 aupres d’eux ont bon temps. Or eſt ce vn grand bien

84.0 652.0 661.0 47.0 que le tyran ſoit abatu & que l’on voye la republique

86.0 686.0 660.0 45.0 vengee: mais ſi eſt ce qu’elle n’eſt pas apres ſi prompre¬

83.0 714.0 662.0 57.0 ment reſtablie, principalement quand par grand laps de

82.0 745.0 381.0 47.0 temps telle maladie l’a affligee.

242.0 101.0 311.0 53.0 Sous Charles ix.

684.0 107.0 71.0 52.0 186

113.0 789.0 632.0 38.0 Il faut donc conſiderer que Dieu donne le Roy au

82.0 810.0 660.0 46.0 peuple, comme il appert qu’il donna Saul & Dauid. Il les

79.0 843.0 661.0 48.0 donne pour eſtre ducs & conducteurs, comme la Roy¬

79.0 873.0 710.0 47.0 ne de Saba diſoit à Salomon: & quelque precminence ion.

750.0 836.0 107.0 67.0 Deuoirdes

743.0 903.0 46.0 18.0 Ton.

82.0 906.0 658.0 45.0 qu’ils ayent ſi ſont ils os des os & chair de la chair de

79.0 935.0 661.0 49.0 leurs ſuiects comme il fut dit par le peuple à Dauid. Par¬

83.0 968.0 656.0 47.0 quoy ſon excellence n’abolit point le titre de fraternité

78.0 998.0 657.0 49.0 auec ſon peuple. Ils doyuent auſſi paiſtre le peuple, cõ¬

77.0 1031.0 661.0 45.0 me le berger feroit ſon troupeau, en toutes choſes ne¬

77.0 1062.0 661.0 47.0 ceſſaires au public. Le peuple d’Iſrael auoit droit de met

77.0 1094.0 660.0 47.0 tre & demettre les Roys, comme il eſt recité en plu¬

75.0 1126.0 658.0 46.0 ſieurs endroits de l’eſcriture, & à cela s’accordent les

75.0 1150.0 654.0 55.0 decrets ſuiuant l’autorité de ſainct Ieroſme: & eſtoit

739.0 1123.0 117.0 63.0 5. diſt. cap¬

76.0 1189.0 659.0 48.0 en couſtume ſelon la loy diuine que celuy qui deuoit

739.0 1172.0 91.0 49.0 legimus.

76.0 1222.0 655.0 45.0 gouuerner le peuple ou conſeiller la republique de¬

75.0 1251.0 653.0 47.0 uoit eſtre eſleu, eſtant conſideré le plus conſtant & le

75.0 1282.0 655.0 49.0 meilleur. Si la multitude conniue à ſa miſere, & qu’elle

74.0 1313.0 655.0 49.0 meſpriſe le droit qui luy eſt cõferé de Dieu & de nature,

74.0 1347.0 672.0 40.0 elle eſt bien digne du mal qu’elle ſupporte: car en ceé

78.0 1378.0 657.0 58.0 caselle dech et par ſtupidité de ſon excellence. Enquoy

756.0 297.0 136.0 43.0 Cicerõ en ſa

756.0 328.0 132.0 45.0 2. Philippe¬

758.0 359.0 46.0 48.0 que.

737.0 1249.0 133.0 41.0 cauſ. 8.queſt.

737.0 1278.0 121.0 40.0 I. cap. licet.

740.0 1307.0 130.0 47.0 & cap. ſi er¬

734.0 1344.0 37.0 61.0 gos

557.0 1420.0 91.0 52.0 AA 2

743.0 993.0 101.0 49.0 2.Sam.5.
