848 1417
101.0 89.0 136.0 44.0 M.B.EXXIIII

397.0 88.0 240.0 52.0 Eſtat de France

221.0 135.0 565.0 34.0 on pour certain que ſi le mareſchal de Rets, le ſieur de

219.0 160.0 566.0 36.0 ſaincte Pouline & autres n’euſſẽt eſté ſes ennemis parti¬

218.0 188.0 568.0 35.0 culiers il ne fuſt pas mort, ains euſt ioué quelque meſ¬

219.0 214.0 567.0 36.0 chant tour à ceux de la religion pour entrer en credit

220.0 240.0 565.0 37.0 pres de la roine mere, laquelle conoiſſant auſſi ſon na¬

219.0 267.0 564.0 38.0 turel le paiſſoit de bonne eſperance & s’en ſeruoit pour

219.0 293.0 567.0 36.0 brouiller le Poictou. Il y en a d’autres qui eſtiment au¬

218.0 321.0 569.0 37.0 trement, & diſent que ce lieutenant qui eſtoit homme

218.0 348.0 569.0 38.0 de quelque eſprit auoit enuie de ſa part de remettre les

216.0 376.0 571.0 36.0 choſes en meilleure auiz. Toutesfois preſques tous s’ac¬

218.0 402.0 568.0 38.0 cordent qu’il meſloit de ſon particulier auec le public.

218.0 429.0 569.0 37.0 Cela donc le rendoit ſuſpect: tellement que pour oſter

218.0 457.0 569.0 38.0 tout le ſoupçõ qu’on auoit de luy il promit de liurer la

219.0 484.0 569.0 37.0 ville de Poitiers à ceux de la religion. Quelques gentil¬

219.0 510.0 569.0 37.0 hommes furent d’auis qu’il ne faloit s’arreſter en ſorte

218.0 537.0 570.0 38.0 que ce fut à telles paroles, & que c’eſtoit pour attirer dãs

219.0 563.0 568.0 39.0 ceſte grande ville, vn bon nõbre d’hommes afin de les

220.0 591.0 568.0 36.0 y faire hacher en pieces puis apres: les autres diſoyent

220.0 617.0 568.0 40.0 qu’il faloit empoigner l’occaſion, & y aller en ſi bon¬

219.0 646.0 569.0 36.0 ne troupe qu’õ demeuraſt maiſtre en deſpit de tous ceux

220.0 671.0 568.0 38.0 qui voudroyent faire trahiſon:mnas l’auis des premiers

221.0 699.0 566.0 38.0 gaigna, & fut on d’auis de laiſſer faire le lieutenãt, pour

221.0 727.0 566.0 35.0 l’auouer puis apres quãdles choſes ſeroyẽt plus auãcees.

246.0 757.0 543.0 31.0 Le duc de Mõtpenſier aduerti par quelques Catholi¬

221.0 776.0 567.0 38.0 ques de Poictiers des allees & venues du lieutenãt, ſe rẽ¬

222.0 805.0 568.0 36.0 dit là, & pour obuier à quelque ſurprinſe de ceux dela re

222.0 835.0 568.0 35.0 ligion qui y pourroyẽt venir trop forts oſta la garde du

222.0 859.0 567.0 36.0 chaſteau au capitaine qui y cõmãdoit pour lors, & mit

222.0 885.0 567.0 36.0 ordre au reſte des afaires de la ville pour la cõſeruer aux

223.0 913.0 563.0 34.0 Catholiques, leſquels voioyẽt biẽ que ceux de la religiõ

223.0 939.0 567.0 38.0 eſtoyent tellemẽt ſur les gardes qu’ils deliberoyẽt de pre

223.0 966.0 567.0 37.0 uenir. Et ce que le conſeil ſecret ne cõmẽça le premier

223.0 992.0 568.0 38.0 fut! dautant que les forces n’eſtoyent pas fuffiſantes, &

224.0 1021.0 566.0 37.0 qu’ils eſtimoyent que l’onpourroit aiſement attrapper

224.0 1049.0 566.0 35.0 tous ceux de la religion. Dauantage la roine mere & les

224.0 1078.0 566.0 34.0 ſiens vouloyent deſcouurir les malcontẽs, & entretenir

225.0 1103.0 566.0 32.0 la guerre, aſin de commander entendant le retour du

104.0 1125.0 118.0 33.0 priſes en Pou

104.0 1154.0 115.0 44.0 ctou & l'ait

225.0 1179.0 563.0 49.0 Mais le ſieur de la Nouë & autres ayãs aſſigné le iour de

232.0 1125.0 559.0 40.0 Roy de Polongne: car alors ils s’aſſeuroyent de venir

227.0 1153.0 561.0 41.0 atr deſſus de tous ennemis & faire vn monde nouueau.

737.0 1209.0 51.0 42.0 Icur

103.0 1094.0 106.0 34.0 Places ſur¬

103.0 1179.0 56.0 37.0 leurs.
