1000 1671
60.0 160.0 660.0 42.0 qui n’en parlent que par ſpeculation. C’eſt pourquoy en

56.0 185.0 662.0 43.0 ceſte diuiſion il me ſemble eſtre raiſonnable d’enſuiure

56.0 217.0 662.0 45.0 pluſtoſt les iuriſconſultes que les philoſophes. Ce que

54.0 249.0 664.0 45.0 les hommes ont de ſpecial en ce droit naturel, c’eſt ce¬

54.0 284.0 660.0 42.0 ſte equité & diſcretion de iuſtice dont il a eſté parlé,

54.0 312.0 663.0 41.0 dont l’homme ſcait naturellement iuger & ſe condem¬

54.0 344.0 663.0 44.0 ner ſoymeſme quand il ne l’enſuit. C’eſt ce que les an¬

56.0 376.0 661.0 43.0 ciẽs ont apellé ſouueraine loy & eternelle prudence qui

54.0 407.0 662.0 41.0 commãde les choſes droites procedãt de l’eſprit diuin.

54.0 438.0 655.0 46.0 De ceſte partie là de droit naturel qui cõpete à l’hõme

724.0 426.0 122.0 51.0 Cie. dialog

57.0 472.0 654.0 43.0 ſeul entre tous les animaux eſt deriué le droit des gẽs,

717.0 462.0 92.0 42.0 des loix.

54.0 504.0 659.0 39.0 qui eſt ſelon Caius iuriſconſulte ce qu’vne raiſon natu¬

721.0 498.0 104.0 38.0 Droit des

54.0 533.0 657.0 43.0 relle a conſtitué entre tous les hommes que le droit

715.0 529.0 63.0 40.0 gens.

54.0 568.0 657.0 40.0 des gẽs eſt vne conſtitution qui doit eſtre par le droit

717.0 555.0 136.0 50.0 ff. de iuſt. &

54.0 600.0 656.0 43.0 ciuil obſeruee: car elle rapporte toutes ſes loix à l’vni¬

724.0 589.0 44.0 40.0 eure.

54.0 629.0 657.0 43.0 uerſelle ſocieté. Le droit des gens donc eſt vn conſente¬

724.0 611.0 115.0 57.0 Droit ciuil.

54.0 660.0 662.0 44.0 ment des peuples, & le ciuil ſont ordonnanes pour les

56.0 691.0 661.0 46.0 propres loix & mœurs de la cité: les loix de to9 peuples

54.0 725.0 660.0 39.0 dit Ciceron conferment le droit des gens quãd elle

729.0 729.0 106.0 50.0 Auj. des

54.0 753.0 656.0 43.0 commandent qu’on ne taſche à ſa commodité par la

722.0 761.0 34.0 56.0 off

54.0 789.0 664.0 39.0 nuyſance d’autruy. C’eſt vne commune loy par laquelle

54.0 823.0 664.0 39.0 nature commande à tous hommes ſe communiquer les

56.0 854.0 662.0 40.0 vtilitez neceſſaires à la vie, & n’attenter rien qui viole

56.0 885.0 230.0 36.0 l’humaine ſocieté.

207.0 108.0 313.0 51.0 Sous Charles IX.

653.0 103.0 66.0 56.0 198

81.0 920.0 637.0 37.0 Ainſi le droit naturel eſt la ſource de laquelle decou¬

54.0 945.0 664.0 42.0 Ie le droit des gens, & du droit des gens depẽd le droit

53.0 978.0 665.0 41.0 ciuil. qui (comme dit eſt) conſiſte en ordonnance pour

53.0 1010.0 664.0 40.0 certaine cité ou certain peuple viuant ſous meſme loy

54.0 1040.0 665.0 38.0 qu’elle. Pour definir en general que c’eſt de droit

53.0 1070.0 665.0 44.0 ſuiuant ce qu’il ſe trouue aux lieux alleguez de l’ad¬

51.0 1098.0 660.0 46.0 uis des iuriſconſultes aux Digeſtes, que c’eſt l’art du bõ

724.0 1105.0 128.0 45.0 Vlvian &

51.0 1132.0 666.0 43.0 & equitable qui exige toutes choſes bõnes & ſtables. Le

729.0 1143.0 74.0 44.0 Donat.

51.0 1165.0 668.0 45.0 ſouuerain, le prince, le iuge & le magiſtrat pourront fal¬

51.0 1198.0 667.0 39.0 lir par l’ignorance des couſtumes & des droits poſitifs:

51.0 1229.0 667.0 45.0 mais nul n’ignore le droit naturel. Parquoy la faute cõ¬

51.0 1262.0 667.0 39.0 tre iceluy n’eſt point excuſable. L’officier qui execute

51.0 1297.0 667.0 37.0 vn commandement iniuſte fait mal: mais il ne luy doit

51.0 1323.0 665.0 40.0 eſtre imputé s’il ignore l’iniuſtice du commandeur:

50.0 1352.0 666.0 45.0 mais le maiſtre ni le ſeruiteur ne ſõt excuſez quãd ils or¬

51.0 1387.0 664.0 43.0 donnẽt ou executent cõtre ceſte lumiere de nature qui

49.0 1423.0 665.0 47.0 nous diſcerne ce qui eſt bien d’auec ce qui eſt mal.
