1000 1671
74.0 157.0 664.0 38.0 de femmes aux afaires publicques, de gens afranchis de

74.0 182.0 665.0 42.0 ſeruitude, c’eſt à dire de petit lieu, afin qu’ils ne conſpi¬

72.0 214.0 667.0 42.0 rent, ains au contraire le flatent & luy complaiſent. Ces

73.0 247.0 667.0 42.0 choſes ſe font au regret de ceux qui le penſent mieux

72.0 280.0 667.0 41.0 meriter. Le tyran fait feſtins ſouuent, & pluſtoſt aux e¬

74.0 310.0 665.0 43.0 ſtrangers qu’aux citoyens & naturels du pays, auſquels

73.0 340.0 665.0 41.0 il eſt couſtumierent cruel & dur, comme auſſi il eſt mol

75.0 374.0 662.0 37.0 & pitoyable enuers les ennemis communs de la patrie.

73.0 402.0 665.0 42.0 En ſomme il faut dire ( ſi ainſi oſent parler les Chre¬

73.0 437.0 665.0 42.0 ſtiens) que la fortune aueugle fit & conſtitua telles gens

74.0 468.0 665.0 42.0 indignes en liberté & preference, leſquels la nature a¬

74.0 500.0 665.0 40.0 uoit faits ſerfs & incapables d’aucun honneur. Et pour¬

74.0 531.0 665.0 43.0 tant ils veulent pluſtoſt en donner la garde à la force

73.0 566.0 667.0 40.0 que non pas à l’eſpoir que lon puiſſe auoir de leur meri

73.0 595.0 667.0 43.0 te, dont auient qu’ils ſupportent la perpetuelle gehen¬

73.0 627.0 667.0 39.0 ne de mauuaiſe conſcience: comme Alexandre Phereen

75.0 659.0 665.0 39.0 qui eſtoit en telle deffiance qu’il faiſoit viſiter les cof¬

74.0 688.0 667.0 43.0 fres de ſa femme, & voir ſi dedans il y auoit quelqu’vn

75.0 722.0 666.0 40.0 caché quand il alloit coucher auec elle. Mais en fin ſa

76.0 753.0 664.0 41.0 vigilance ne peut pas empeſcher ſa deſtinee & qu’il ne

72.0 784.0 668.0 44.0 tõbaſt en ce qu’ilcraignoit, qui fut d’eſtre tué par agueſt.

73.0 816.0 664.0 36.0 Phalaris treſcruel fut tué par toute la multitude des A¬

74.0 846.0 667.0 44.0 grigentins dont il eſtoit Roy. Les Macedoniens quitte¬

75.0 880.0 666.0 40.0 rent leur Roy Demetrius, pour ſon arrogance, & ſe ran¬

75.0 910.0 667.0 40.0 gerent à Pyrrhus ſon ennemy, pour la renommee de ſa

74.0 943.0 670.0 38.0 benignité. Les Lacedemoniens iniuſtes dominateurs ſur

75.0 973.0 665.0 39.0 beaucoup de choſes furent abandonnez de leurs al¬

73.0 1006.0 461.0 36.0 liez & par là vaincus par les Thebains.

203.0 102.0 306.0 48.0 Sous Charles ix.

671.0 102.0 68.0 48.0 168

101.0 1044.0 635.0 32.0 A cela void on que les hommes demeurent touſiours

747.0 1044.0 131.0 39.0 Tyrans om

69.0 1070.0 669.0 35.0 ſenſibles & qu’ils ne ſe veulent dõpter par rigueur & cõ¬

746.0 1077.0 116.0 31.0 ment cha¬

72.0 1104.0 664.0 37.0 trainte. Qu’on regarde bien à la fin des tyrannies, on ver

743.0 1102.0 62.0 59.0 ſtiez:

73.0 1134.0 667.0 38.0 ra que quaſi toutes comme elles ſont nees & eſleuees el

72.0 1164.0 667.0 41.0 les meurent auſſi: ce qui leur auient du dehors ou du de¬

71.0 1194.0 669.0 44.0 dans d’icelles. Du dehors, comme ſi vn eſtranger tue le

71.0 1230.0 669.0 36.0 tyran & ſe met en ſon lieu, laiſſant la police en ſa premie

70.0 1259.0 670.0 42.0 re & naturelle forme, ou bien qu’en la conqueſtant il en

71.0 1291.0 665.0 37.0 change la police. Cela peut auenir au dedans auſſi, com¬

71.0 1322.0 666.0 41.0 me ſi les ſuiets deffont le tyran & eſtabliſſent vn Roy a¬

71.0 1355.0 666.0 40.0 uec conuenable preeminence, ou bien que les meſmes

69.0 1385.0 669.0 52.0 ſuiets chaſſans le tyran changent de police. Ariſtote en
