1000 1671
71.0 160.0 665.0 36.0 en prouienẽt en appartienent au magiſtrat, qui voi d&

70.0 187.0 668.0 37.0 entend les loix & l’equité pour en rendre ſelon ces cho¬

69.0 218.0 669.0 41.0 ſes le iugement: & faut auoir eſgard qu’il depend beau¬

68.0 251.0 670.0 40.0 coup neantmoins de la conſcience du magiſtrat & iu¬

71.0 283.0 665.0 40.0 ge, & faut qu’il ait ceſte vertu que lon appelle epieikie,

69.0 314.0 669.0 40.0 qui eſt à dire vne correction de la rigueur de droit, com

69.0 345.0 669.0 41.0 me moderateur des loix: c’eſt vne equité qui eſt en ce

70.0 377.0 668.0 42.0 droit naturel & humain, qui (ſelon les legiſtes) met dif¬

68.0 409.0 669.0 40.0 ference entre les hommes & les beſtes quant à ce que cõ

66.0 440.0 671.0 39.0 munément ils participent tous à ce droit là. Les loix d’el

66.0 472.0 670.0 38.0 leſmeſmes ſont ſimples &en pluſieurs manieres ſuiettes

66.0 504.0 670.0 42.0 à conſtructions. Le propre de la loy dõc eſt de propoſer

65.0 537.0 671.0 36.0 iuſtice & le deuoir des hommes. Elle veut obeiſſance &

67.0 568.0 668.0 40.0 ordonne ſalaires: dont il faut qu’il y ait quelqu’vn qui di

66.0 600.0 669.0 36.0 ſtribue ces choſes, attendu que Dieu ne le fait pas touſ¬

66.0 631.0 666.0 41.0 iours immediatement: c’eſt le magiſtrat qui en eſt depo

66.0 660.0 593.0 40.0 ſitaire pour en vſer & la faire valoir ſelon equité.

240.0 104.0 296.0 51.0 Sous Charles IX.

665.0 116.0 71.0 44.0 194

96.0 700.0 629.0 33.0 Sur quoy on meut vne queſtiõ, aſauoir ſi le prince eſt

743.0 676.0 124.0 60.0 Si le prince

64.0 722.0 806.0 45.0 ſuiet à la loy, & ſi les loix qui condamnent les particu-οt fucs l la

740.0 749.0 130.0 25.0 diuue d u.

64.0 760.0 665.0 39.0 liers à mort eſpargnent en cela le Prince. Comme en ce

740.0 756.0 46.0 61.0 Loy.

65.0 789.0 666.0 38.0 qui eſt dit aux loix diuines, Leuit 2o. que celuy qui aura

64.0 820.0 665.0 38.0 ſouillé le ſanctuaire du Seigneur, en donnãt ſa generatiõ

65.0 853.0 665.0 41.0 à Moloch mourroit, & que le peuple le lapidaſt. En ce

64.0 884.0 665.0 42.0 meſme chapitre eſt parlé auſſi de la peine de mort de¬

64.0 918.0 663.0 38.0 cernee contre ceux qui s’acouployent auec les beſtes &

64.0 946.0 663.0 39.0 contre les ſorciers & les inceſtes. Il eſt dit en general au

64.0 984.0 662.0 31.0 commencement de ce chapitre, quiconques d’entre les

63.0 1010.0 663.0 39.0 enfans d’Iſraël fera ces choſes, &c. Le prince eſtoit des

63.0 1040.0 661.0 43.0 enfans d’Iſraël, cõme il eſt dit Deut.17. Parquoy il eſt cõ

63.0 1073.0 661.0 42.0 pris ſous ceſte generalité, auſſi bien que quand Dieu

62.0 1105.0 664.0 40.0 dit à Moyſe Exod.19. quand il donna la Loy du decalo¬

63.0 1138.0 661.0 39.0 gue:tu diras à la maiſon de Iacob & annonceras aux en¬

60.0 1166.0 663.0 42.0 fans d’Iſraël: & Moyſe s’adreſſa aux anciens, leſquels ſti¬

61.0 1200.0 663.0 42.0 pulãs pour la multitude promirent de l’accomplir. Les

60.0 1230.0 665.0 42.0 menaces, peines & ſalaires de la Loy cõpetoyẽt donc au

61.0 1260.0 663.0 47.0 prince d’Iſrael, cõe au peuple, duquel il eſt dit eſtre chair

61.0 1294.0 664.0 39.0 de ſa chair & os de ſes os. Il eſtoit donc iuſticiable par le

62.0 1324.0 663.0 41.0 peuple ſelon la Loy. Et touchãt ce qu’on void que par la

59.0 1358.0 666.0 39.0 Loy particuliere du Roy il n’eſt point decerné de peine

57.0 1389.0 668.0 49.0 ni de miniſtre pour executer ſur les contreuenans: faut

557.0 1425.0 92.0 50.0 BB 2
