1000 1671
128.0 82.0 162.0 57.0 M.P.LXXHIII

487.0 79.0 284.0 52.0 Eſtat de France

264.0 134.0 670.0 38.0 tequiſe en ceſte ſocieté des deſcendans d’iceluy hom¬

264.0 164.0 671.0 45.0 me. Le prince & les loix ſont des inſtrumens de ceſte

264.0 196.0 668.0 41.0 conionction & vnion, comme il eſt verifié par la prati¬

264.0 229.0 670.0 40.0 que, & ſe peut prouuer par toute raiſon, ſans alleguer

264.0 259.0 671.0 43.0 autre authorité que ce qui a eſté deſia dit. Si la ſeigneu¬

264.0 292.0 671.0 39.0 rie vient de la malediction que l’homme a encourue par

264.0 323.0 670.0 45.0 le peché, & que les princes ſoyent pour punir le monde,

265.0 355.0 670.0 44.0 le prince eſt enueloppé en la meſme coulpe vniuerſelle

264.0 386.0 670.0 44.0 auſſi comme homme: & s’il eſt aſſuietty à la meſme pu

266.0 419.0 669.0 42.0 nition cõmune & ordonnee pour tous ou s’il eſt exẽpt

266.0 450.0 668.0 43.0 de la peine impoſee au monde il faudroit qu’il fuſt hors

265.0 484.0 670.0 35.0 du mõde ce que lon void n’auoir lieu. Au prince terrien

265.0 513.0 669.0 44.0 donc eſt donnee la charge de conſeruer la ſocieté hu¬

265.0 545.0 670.0 41.0 maine dont la reigle & le moyen luy ſont deſcrits par les

266.0 575.0 669.0 45.0 loix, & Dieu a conſtitué ſon fils ſeigneur & iuge du mõ¬

264.0 608.0 672.0 43.0 de, duquel ſeul l’empire eſt ſans limites, loix, ne condi¬

267.0 640.0 669.0 43.0 tions autres que ſa volonté qui eſt ſeule iuſte & raiſon¬

267.0 671.0 669.0 42.0 nable: le quel eſt aſſis à ſa dextre. Il peut tout ce qu’il

270.0 703.0 667.0 37.0 veut, & ne veut rien qui ne ſoit iuſte. Sous ceſtui ſont

268.0 735.0 667.0 42.0 les princes mortels ſes miniſtres & lieutenans, ſous loix,

269.0 766.0 666.0 45.0 rigles & limites d’equité, expoſees par la voix de Dieu,

269.0 798.0 667.0 45.0 & imprimees en l’homme pour vn droit inuiolable de

269.0 839.0 100.0 37.0 nature.

298.0 869.0 641.0 37.0 Ils pourſuiuent ce propos, diſans que la premiere ſu¬

273.0 895.0 664.0 39.0 iettion hors l’œconomique n’eſt demonſtrée que quand

272.0 928.0 666.0 35.0 Noé maudit Cham, prononçant la ſentence depunition

272.0 959.0 664.0 38.0 par la ſeruitude impoſee à Chanaam, & que long temps

271.0 987.0 666.0 44.0 apres les royaumes ont eſté eſtablis, dont Nembroth

271.0 1023.0 667.0 39.0 fut le premier auteur, & meſmes que Sem, Cham & Ia¬

271.0 1050.0 668.0 44.0 phet n’ont vſé d’autre autorité que de l’œconomique:

271.0 1083.0 668.0 43.0 dont ils concluent que la puiſſance ciuile a commencé

271.0 1114.0 669.0 44.0 lors. A quoy ie reſpond que lon ne peut dire que tant de

271.0 1146.0 669.0 44.0 ſiecles qui ont paſſé depuis la creation iuſques alors euſ

271.0 1177.0 667.0 44.0 ſent eſté fruſtrez d’vn tel bien donné aux hommes pour

271.0 1210.0 669.0 43.0 leur conſeruation: & diray en paſſant que par meſme

271.0 1243.0 668.0 40.0 moyen ceux qui ſuiuent ceſte opinion mettent la puiſ¬

271.0 1273.0 666.0 43.0 ſance eccleſiaſtique, de laquelle Enoc & autres ont vſé,

271.0 1305.0 670.0 37.0 auec les autres, comme ſi elle eſtoit donnee auec la ma¬

271.0 1334.0 671.0 46.0 lediction. Or ceſte cy eſt donnee de Dieu, preſque auſſi

269.0 1370.0 675.0 50.0 ancienne que l’œconomique, comme il a eſté monſtré

131.0 885.0 132.0 37.0 Autre ar¬

130.0 915.0 134.0 43.0 gument con¬

131.0 946.0 135.0 43.0 tre la puiſſan

131.0 981.0 98.0 46.0 ce ciuile.

905.0 1401.0 38.0 45.0 de
