1000 1671
74.0 158.0 666.0 38.0 impoſé par luy en la nature de toutes creatures des leur

74.0 185.0 664.0 40.0 creation. & ceſt ordre conſiſte en ce que les inferieu¬

74.0 218.0 666.0 41.0 res & moindres d’icelles ſe rangent ſous les princi¬

74.0 249.0 81.0 40.0 pales.

229.0 105.0 307.0 55.0 Sous Charles Ix.

740.0 811.0 90.0 42.0 Gen.I.

101.0 285.0 629.0 38.0 L’argument que propoſent ceux qui maintiennent

75.0 310.0 651.0 39.0 qu’il n’y a eu aucune ſuperiorité entre le maſle & la fe¬

75.0 342.0 654.0 39.0 melle auant le peché, & que meſmes il n’y en euſt eu en¬

75.0 374.0 656.0 37.0 tre eux & leurs enfans s’ils euſſent engendré, eſt que la

77.0 403.0 655.0 44.0 ſuiettion a eſté impoſee à la femme à cauſe de la tranſ¬

77.0 434.0 660.0 46.0 greſſion, & qu’auparauant ils eſtoyent eſgaux & ſans di¬

75.0 466.0 663.0 43.0 ſtinction de degrez. Ie reſpond qu’Adam a eſté conſti¬

75.0 500.0 665.0 40.0 tué ſeigneur de toutes creatures viuantes ſur la terre

77.0 531.0 665.0 43.0 des qu’il y fut introduit, mais pour diuers regards. Car

77.0 562.0 661.0 43.0 il a eu toute puiſſance ſus les animaux irraiſonnables

77.0 594.0 661.0 44.0 pour toutes choſes en quoy ils luy euſſent peu ſeruir, &

77.0 623.0 663.0 41.0 meſmes ſur leur vie: mais la puiſſance dont il pouuoit

78.0 656.0 659.0 42.0 vſer ſur les raiſonnables eſtoit limitee de Dieu, & impri¬

77.0 688.0 663.0 37.0 mee en la nature, qui luy eſtoit vne reigle pour ſauoir

77.0 718.0 663.0 40.0 bien gouuerner ſon ſemblable. Le commencement de

77.0 749.0 662.0 40.0 ordre entre les hommes eſt donc en la premiere & prin¬

77.0 781.0 663.0 42.0 cipale ſocieté humaine qui eſt de l’homme & de ſa fem¬

76.0 810.0 656.0 43.0 me, là où il eſt dit que Dieu amena la femme à ſon ma¬

77.0 844.0 661.0 45.0 ry & preſida en ce premier mariage. Or Adam en quali¬

76.0 878.0 659.0 39.0 té de mary eſtoit chef d’icelle: & ce ſuiuant le dire de S.

78.0 906.0 662.0 43.0 Paul que l’homme eſt chef de la femme, Chriſt chef de

77.0 938.0 660.0 39.0 l’homme, & Dieu chef de Chriſt. Et ailleurs que l’hom¬

77.0 970.0 657.0 38.0 me eſt chef de la femme, comme Chriſt eſt chef de ſon

78.0 1001.0 660.0 43.0 Egliſe. Ceſt ordre a eſté perpetuel depuis qu’il y a eu E¬

79.0 1034.0 660.0 41.0 gliſe au monde, & ne peut on inferer que Chriſt ait

78.0 1063.0 662.0 42.0 commencé d’eſtre chef de ſon Egliſe, depuis le peché

77.0 1096.0 663.0 38.0 ſeulement: car il eſt chef du corps d’icelle comme dit

78.0 1126.0 662.0 43.0 l’Apoſtre, au premier chapitre de l’Epiſtre aux Coloſ¬

78.0 1161.0 662.0 34.0 ſiens. Il eſtoit chef & viuificateur de ſon Egliſe des

79.0 1190.0 661.0 39.0 qu’elle a commẽcé, ce qui a eſté enſeigné auſſi par la do

78.0 1221.0 664.0 40.0 ctrine & ſacremeut de l’arbre de vie. Ainſi eſtoit l’hom

77.0 1252.0 663.0 40.0 me chef de ſa femme des l’heure qu’ils furent cõioints:

76.0 1283.0 660.0 42.0 ce qu’enſeigne S. Paul, pourſuiuant ce premier propos

77.0 1317.0 663.0 43.0 allegué, quand il viẽt à l’ordre œconomique, diſant que

78.0 1350.0 661.0 36.0 l’homme eſt la gloire & image de Dieu, & la femme

77.0 1378.0 662.0 54.0 la gloire de l’homme: car auſſi (dit-il) l’homme n’a pas

745.0 880.0 97.0 44.0 1. Cor. 11.

746.0 1265.0 110.0 57.0 T. Cor. H.

662.0 114.0 66.0 45.0 149

737.0 266.0 138.0 42.0 De la ſupe¬

737.0 297.0 138.0 35.0 riorité de l’hõ

737.0 327.0 138.0 41.0 me ſur la fem

738.0 360.0 136.0 42.0 me auant le

741.0 388.0 63.0 54.0 peché.

744.0 951.0 108.0 59.0 Epheſ 5.
