1000 1671
72.0 168.0 662.0 38.0 de guerre & de tous eſtatz meſlez parmy eux, autrement

70.0 194.0 664.0 43.0 ils ne pourroyẽt ſubſiſter C’eſt pourquoi les diſciples du

73.0 227.0 660.0 40.0 Turc veulent aneãtir la nobleſſe par guerres ciuiles, afin

71.0 258.0 659.0 48.0 qu’ils poſſedent apres le corps & les biẽs du ſimple peu¬

71.0 288.0 537.0 48.0 ple par la ſeule loy de bienſeance & volonté.

243.0 116.0 294.0 48.0 Sous Charles ix.

740.0 339.0 124.0 55.0 Deportemẽ.

742.0 371.0 96.0 49.0 de l'eſtat

745.0 410.0 114.0 55.0 Eccleſiaſte¬

745.0 445.0 40.0 49.0 que.

101.0 330.0 633.0 32.0 Ie n’entreray en diſcours de ceſt eſtat de la multitude

73.0 349.0 658.0 46.0 que l’on apelle l’Egliſe ou clergé, ſinon qu’eſtant receu

71.0 380.0 660.0 44.0 au nombre des eſtats il en doit faire le deuoir au proſit

73.0 412.0 658.0 51.0 de la patrie. Mais au lieu de cela, ils vendent le Roy; le

73.0 444.0 663.0 53.0 peuple, & le Royaume, à leur ſouuerain Pontife, qui eſt

75.0 479.0 666.0 46.0 vne puiſſance ſuppoſee & illegitime contre tout droit

74.0 512.0 667.0 39.0 diuin & humain. Ce ſont eux qui ramainẽt la ſeruitude

75.0 541.0 666.0 47.0 pire que l’ãcienne qui auoit exclus les hommes ſerfs de

75.0 575.0 668.0 43.0 rout droit ciuil & des gẽs: car ceux ci les veulẽt forclo¬

76.0 604.0 666.0 42.0 re de conoiſtre les droits diuins, & de iouir du naturel

77.0 634.0 666.0 43.0 & humain. Ils cõſtituẽt toutes perſonnes captiues cõtte

77.0 667.0 665.0 45.0 Ia loy ciuile qui veut qu’ils rachettẽt les captifs & que

76.0 697.0 662.0 42.0 pour ceſt effect on vende les meubles ſacrez de l’Egliſe:

77.0 728.0 663.0 43.0 Ils parẽt leurs tẽples materiels & aboliſſẽt le vray tẽple

76.0 760.0 663.0 43.0 du S. Eſprit qui eſt l’hõme duquel ils font par leur cru¬

78.0 794.0 663.0 46.0 auté eſpãdre le ſang, & eſcorchẽt le troupeau pour la pa¬

78.0 827.0 475.0 41.0 ſture & ſeruice duquel ils ſont deſtinez.

750.0 692.0 133.0 54.0 Cod. de ſatros

747.0 735.0 131.0 44.0 ſanc. eccleſiis

746.0 764.0 131.0 47.0 l. Sancimus

666.0 113.0 67.0 53.0 188

106.0 867.0 639.0 37.0 Origene dit qu’il n’y a pire ſeruitude que la volontai¬

79.0 890.0 665.0 42.0 re, car c’eſt vn argument d’vne meſchante nature: & col

81.0 918.0 666.0 48.0 me dit Ciceron en ſes paradoxes c’eſt obeïſſãce d’vn pe¬

79.0 951.0 664.0 45.0 tit & abiect courage n’ayãt l’arbitre de liberté enſoy On

81.0 984.0 666.0 39.0 ne peut nier que tous meſchãts ne ſoyẽt ſerſs & nul n’eſt

81.0 1015.0 668.0 44.0 libre que le ſage. Liberté eſt viure cõme lon veur:ce qui

81.0 1049.0 672.0 37.0 eſt dit de celuy qui a eſleu vne maniere de viure hõneſte

82.0 1077.0 671.0 38.0 rendãt obeiſſance aux loix & à l’equité, & ce ſans cõtrain

81.0 1109.0 671.0 42.0 te: en quoy les meſchãs ſe portent à regret. Ces bons pa¬

82.0 1142.0 675.0 38.0 ſteurs donc ſont cauſe, au tẽps où nous ſommes, de la

81.0 1175.0 679.0 41.0 ſeruitude des ames & des curps: & les princes ont faict

82.0 1204.0 671.0 39.0 complot auec eux pour renuerſer tout ordie de police.

82.0 1237.0 670.0 43.0 Mais encores que les princes reduiſent les corps des hõ¬

83.0 1265.0 668.0 45.0 mes en ſeruitude, ſi eſt ce que le cœur & l’eſprit de ceux

83.0 1299.0 665.0 43.0 qui ſont dy nature libre n’y peuuẽt iamais eſtre amenez.

83.0 1332.0 666.0 43.0 Au moins A vleurs & ſouſpirs d’iceux tiendront de la

82.0 1363.0 671.0 44.0 liberté enco. *, vne fois eſperee. Que le regret donc que

85.0 1396.0 655.0 50.0 monſtrent les miſerables puiſſe produire ce que del oy

568.0 1433.0 83.0 45.0 AA 4
