1000 1671
62.0 153.0 665.0 44.0 qui en la premiere maniere ſert d’aſſopir la ſedition par

62.0 182.0 665.0 47.0 ceſte autre l’engendreroit, ou augmenteroit celle qui ſe

62.0 220.0 131.0 40.0 roit deſia.

90.0 254.0 633.0 38.0 Il ſera parlé de cecy plus amplement, & continuerois

63.0 276.0 660.0 47.0 pour ceſte heure à monſtrer comment la generation &

65.0 309.0 656.0 47.0 commencemẽt des deux monarchies, aſauoir royaume

65.0 336.0 657.0 54.0 & tyrannie eſt de choſes contraires: car le Roy a eſté

67.0 369.0 662.0 48.0 pourueu du royaume pour ſon excellence en vertu, afin

67.0 400.0 661.0 49.0 de ſuporter les bons, & pour les bons & remarqua¬

67.0 430.0 664.0 51.0 bles deportemens par longue continuation en ſon li¬

68.0 464.0 665.0 51.0 gnage. Le tyran au contraire eſt paruenu par ſedition

67.0 494.0 665.0 50.0 & par flaterie du peuple au preiudice des gens nota¬

68.0 526.0 665.0 51.0 bles, pour dominer plus ſeigneurialement. Quant au

67.0 558.0 667.0 45.0 Roy il s’en eſt deſia touché quelque choſe, & verra on

68.0 589.0 667.0 48.0 encores de quel luſtre il eſt decoré en le contemplant

68.0 620.0 665.0 47.0 auec l’obſcure & ignominieuſe façon des tyrans. Le pro

70.0 654.0 666.0 45.0 gres de Iules Ceſar eſt loué, en tant qu’vn auenement à

70.0 683.0 665.0 48.0 la tyrannie le peut eſtre: car il auoit obligé ceux de ſon

72.0 713.0 665.0 51.0 party par grands bienfaicts & recompenſes & auoit trai

70.0 745.0 668.0 45.0 té ſes aduerſaires (dit Ciceron en la 2. Philippique) auec

71.0 777.0 666.0 45.0 douceur & clemence, tellement que ſoit par crainte ou

72.0 810.0 666.0 50.0 par patience il rendit la cité libre apte au ioug &en cou

71.0 842.0 665.0 46.0 ſtume de ſeruir. Auguſte trouuant la republique com¬

72.0 872.0 666.0 47.0 me domptee fut plus rude, mais au commencement il

73.0 903.0 664.0 51.0 gaignaſce dit Tacitus au 1.de ſes annales)le cœur du peu

74.0 935.0 664.0 50.0 ple, & ſe porta comme Tribun, attira les gens de guerre

75.0 966.0 662.0 49.0 par dons, les citoyens par douceur de repõs: puis vſurpa

73.0 997.0 664.0 46.0 ſur les charges & les loix, fit tomber les puiſſans par l’eſ¬

75.0 1029.0 662.0 46.0 pee ou les deiecta par banniſſemens, & puis tout le peu¬

75.0 1060.0 664.0 50.0 ple par vne loy appellee royale, trãſporta en luy tout ſon

75.0 1093.0 664.0 50.0 empire & puiſſance, tellement que ce qui a pleu au prin¬

75.0 1130.0 244.0 41.0 ce a eu force de loy.

251.0 102.0 294.0 53.0 Sous Charles Ix.

666.0 103.0 56.0 44.0 165

734.0 248.0 123.0 35.0 Commence¬

732.0 278.0 127.0 35.0 ment de roy¬

731.0 310.0 134.0 39.0 aume & de

732.0 340.0 95.0 42.0 tyrannie.

110.0 1162.0 630.0 40.0 Voyla quãt à ceux qui ſe ſont vſurpé la puiſſance qui

76.0 1186.0 664.0 44.0 ont fait beaucoup de maux à la republique: mais leur

74.0 1216.0 666.0 50.0 tyrannie n’a pas eſté ſi preiudiciable ores qu’ils y ſoyẽt

76.0 1249.0 664.0 49.0 paruenus contre les loix que celle de ceux qui eſtoyent

77.0 1282.0 663.0 44.0 legitimement eſtablis qui les ont violees pour regner

76.0 1311.0 661.0 49.0 plus ſeigneurialement. La premiere tyrannie vient d’vn

74.0 1344.0 661.0 47.0 amour de ſoy-meſme. La ſecõde d’vne haine à l’autruy,

76.0 1373.0 660.0 60.0 comme de Neron ſous lequel l’Empire qui auoit fleury

749.0 1309.0 130.0 40.0 D’ou viẽt la

745.0 1345.0 97.0 39.0 tyrannie.
