1000 1671
113.0 102.0 159.0 41.0 M. D. LXXITII

111.0 232.0 101.0 43.0 epiſt. 10.

250.0 156.0 665.0 40.0 ment de telle philoſophie c’eſt foy, conſtance & ſince¬

110.0 187.0 135.0 55.0 Platο ἀAι

261.0 181.0 652.0 43.0 ité. Car quant aux autres ſciences & diſciplines qui y

252.0 211.0 667.0 47.0 ſont compriſes, ce ne ſont que les ornemens d’icelle. Et

252.0 243.0 671.0 48.0 tout ainſi que les reigles domeſtiques ſont à obſeruer

252.0 274.0 667.0 45.0 en l’œconomie ſous l’autorité du pere de famille, ainſi

250.0 306.0 667.0 43.0 faut il que le prince y procede. Or ſi quelqu’vn en la fa¬

116.0 330.0 131.0 51.0 Au.19. liu.

260.0 336.0 657.0 48.0 mille eſt contraire à la paix domeſtique, qu’il y ait puni¬

110.0 370.0 125.0 44.0 de la cité de

256.0 371.0 663.0 45.0 tion (dit S. Auguſtin) autant que permet la compagnie

250.0 402.0 668.0 47.0 humaine pour le profit & reunion de celuy qui eſt cor¬

252.0 433.0 667.0 48.0 rigé, ou pour intimider par exemple le reſidu de la mai¬

252.0 465.0 669.0 40.0 ſon. Voila comment toutes loix & executions d’icelles

252.0 494.0 667.0 50.0 ſe rapportent au public. duquel l’vtilité eſt la reigle na¬

253.0 530.0 668.0 46.0 turelle, qui meſure & reduit toutes choſes politiques à

253.0 568.0 149.0 40.0 ſa droiture.

114.0 409.0 76.0 44.0 Dieu.

443.0 100.0 284.0 49.0 Eſtat de France

113.0 594.0 141.0 45.0 ff. l.3. de iu¬

114.0 629.0 58.0 60.0 rſa¬

284.0 603.0 638.0 31.0 Le magiſtrat a pour ceſt effect la ſuperintendẽce, ſur

255.0 621.0 667.0 44.0 lequel le public ſe repoſe & a en main ceſte haute iuſti¬

257.0 655.0 665.0 45.0 ce, que les iuriſconſultes apelent merum Imperium c’eſt

257.0 686.0 665.0 45.0 à dire vne ſouueraine puiſſance du glaiue pour punir

258.0 719.0 665.0 44.0 corporellemẽt & de mort naturelle ſi le cas le requiert.

257.0 747.0 670.0 46.0 Enquoy il faut vſer de telle diſcretion que le prince ſoit

257.0 781.0 667.0 47.0 trouué iuſticier & non meurtrier: ce qui ſera quand il

257.0 814.0 666.0 46.0 entretiendra eſgalité ſans acception des perſonnes, &

258.0 845.0 667.0 47.0 que toutes circonſtances ſoyent peſees en equité &

257.0 877.0 668.0 46.0 raiſon, qui ſont les conſtructions de la loy. Car toutes

259.0 907.0 666.0 49.0 perſonnes ne ſont pas puniſſables de meſme peine, pour

259.0 939.0 666.0 45.0 auoir commis meſmes forfaicts, ains faut auoir eſgard

259.0 971.0 666.0 41.0 aux circonſtances, comme il a eſté dit. Et en outre que

259.0 1000.0 666.0 47.0 l’ineſgalité des perſonnes emporte l’ineſgalité des pu¬

259.0 1034.0 668.0 43.0 nitions quant aux mesfaicts. Comme qui auroit frappé

259.0 1064.0 668.0 48.0 le prince ſeroit puni de mort, & le prince n’encourroit

260.0 1097.0 667.0 46.0 aucune punition pour auoir frappé vn ſien ſuiet. Telle

261.0 1127.0 668.0 44.0 eſgalité de Iuſtice eſt pareillement conſiderable en ce

261.0 1159.0 667.0 45.0 que ſi le particulier faict faute il eſt puniſſable tant pour

263.0 1190.0 665.0 48.0 le mesfaict que pour l’exemple du public. Mais ſi le pu¬

265.0 1224.0 663.0 46.0 blic commet erreur il n’eſt pas à dompter par puni¬

262.0 1255.0 666.0 45.0 tion de mort par ſentence d’aucun homme mortel, ains

263.0 1285.0 667.0 46.0 de Dieu ſeulement qui eſt ſouuerain ſcrutateur des cau¬

263.0 1317.0 667.0 49.0 ſes & de la iuſtice: tellement que ſi le prince a le public

263.0 1349.0 669.0 45.0 à partie il n’eſt plus que perſõne priuee. Et meſme quãd

265.0 1382.0 663.0 49.0 tout le corps ne ſeroit vni en telle conteſtation, ſi eſt

837.0 1418.0 89.0 50.0 ce que

123.0 1208.0 130.0 47.0 Ariſt ethe

123.0 1243.0 121.0 48.0 ques 5.l.12.

126.0 1276.0 64.0 58.0 chap.
