1000 1671
125.0 108.0 159.0 47.0 M.D.LXXIIII

454.0 106.0 293.0 48.0 Eſtat de France

261.0 158.0 686.0 41.0 que telle deffectuoſité le ſupplee par la conference des

261.0 187.0 674.0 44.0 autres loix qui y pouruoyẽt, & par la ſentẽce des loix ge

263.0 217.0 672.0 46.0 nerales, conſiderant auec equité les circonſtãces du de¬

259.0 249.0 676.0 43.0 lict: comme lon void ceſt ordre eſtre tenu en toutes les

263.0 280.0 672.0 41.0 loix iudiciales, qui ſont dependãtes de la morale, & des

263.0 311.0 673.0 46.0 fois iudiciales entre elleſmeſmes, leſquelles s’interpretẽt

263.0 345.0 672.0 46.0 les vnes les autres, & enſeignent le iugement des peines

263.0 376.0 673.0 44.0 ſelon la qualité des crimes. Quant au iuge, Dieu l’eſt biẽ

263.0 407.0 673.0 46.0 fouuerainement: mais ſi vſa il d’autre moyen, aſauoir par

263.0 440.0 673.0 43.0 le peuple, cõme il eſt dit cy deſſus. Le Roy eſt au peuple,

263.0 471.0 673.0 47.0 & à luy donfié de Dieu pour ſon vtilité. Le peuple luy eſt

265.0 503.0 671.0 45.0 donc ſupeſieur, & cela reconoit biẽ le prince quand il

263.0 534.0 674.0 44.0 donne le ſerment au peuple de le maintenir en ſes fran¬

264.0 566.0 672.0 46.0 chiſes & le garentir d’oppreſſion & iniuſtice. Le Roy ne

264.0 597.0 671.0 50.0 peut eſtre ſans peuple & le peuple peut biẽ eſtre ſans roy

265.0 631.0 672.0 47.0 qui eſt enfant de la patrie quãt à ſa generation, & eſt fait

266.0 661.0 672.0 50.0 pere d’icelle quãt à la charge. Le peuple eſt ſouuent puni

266.0 694.0 672.0 48.0 pour le peché du prince, commę quand Dauid en fit vn

266.0 727.0 670.0 40.0 denombrement contre la Loy, Deut. 17. qui deffend les

267.0 756.0 669.0 47.0 bobances des Roys: à quoy le peuple ſuiuant le vouloir

267.0 790.0 672.0 42.0 de Dieu, deuoit reſiſter. Le crime de Plagiñ eſt imputé au

268.0 822.0 670.0 47.0 peuple qui ne reſiſta au Roy quand il retint en ſeruitude

269.0 854.0 670.0 46.0 ceux de la meſme patrie, comme dit Ieremie 34. Il faloit

271.0 884.0 668.0 49.0 dõc que le peuple pour euader ceſte playe, pratiquaſt ſur

269.0 916.0 669.0 42.0 Ie prince ce quieſt dit en la Loy d’Exode 21.c’eſt que qui

270.0 948.0 665.0 41.0 aura deſrobé vn hõe, l’aura vẽdu ou recelé vn tel meure.

296.0 988.0 644.0 37.0 Or eſt il donc que la Loy eſt cõmiſe à quelqu’vn pour

271.0 1009.0 667.0 48.0 la faire valoir: mais la loy peculiere du roy, auquel il luy

269.0 1041.0 670.0 47.0 eſt defendu de ne s’eſleuer ſur ſes freres, ne luy ſera pas

272.0 1073.0 668.0 49.0 dõnee à luy meſmes pour en eſtre gardiẽ & depoſitaire,

271.0 1106.0 671.0 42.0 pour eſtre iuge de ſa propre cauſe. Et pourtant voit on

272.0 1137.0 670.0 48.0 biẽ attendu meſme qu’il n’y auoit aucũ roy preſentquãd

271.0 1170.0 672.0 44.0 Moyſe la donna, qu’il l’a commit aux mains de ceux

271.0 1200.0 671.0 48.0 qui ſtipuloyẽt pour la multitude, pour la faire obſeruer

271.0 1234.0 670.0 45.0 comme elle a fait en l’execution d’Athalia vſurpatrice,

271.0 1263.0 672.0 46.0 & d’Amaſſas tyran. Et ne fait rien d’alleguer que l’adulte

271.0 1299.0 671.0 43.0 re & trahiſon de Dauid ont eſté immediatement punis

271.0 1329.0 669.0 44.0 de Dieu. It em que Oſias qui tranſgreſſa la loy, Deut.17.

271.0 1360.0 673.0 45.0 où il eſt dit que qui reſiſtera par arrogãce au ſacrificateur

271.0 1393.0 671.0 52.0 mourra, cépendãt autre que Dieu n’y mit la main. Car il

900.0 1426.0 40.0 42.0 eſt
