1000 1671
116.0 100.0 161.0 50.0 BL.D.LAXTTIT

115.0 224.0 118.0 67.0 Frephor¬

248.0 149.0 679.0 43.0 l’exemple de Dauid qui n’exerça ſur Ioab & fur Semej

252.0 181.0 674.0 40.0 la punition qu’ils auoyent deſſe ruie, afin de n’alterer la

253.0 214.0 672.0 36.0 tranquilité publique. Ainſi en ont vſé Conſtantin & les

253.0 242.0 672.0 44.0 Theodoſes, quand l’Empire a eſte infecte de l’hereſie Ar

255.0 275.0 670.0 42.0 fiane, craignans que par vne mutuelle contention ils ne

256.0 308.0 666.0 41.0 defiſſent la ſaine partie auec celle qui eſtoit corrompue,

261.0 335.0 663.0 43.0 Les Iuifs par le droit canon ſont declairez de condition

263.0 369.0 660.0 43.0 ſerue, à cauſe de la mort du Seigneur par eux procuree,

255.0 402.0 671.0 42.0 & leur Religion eſt blaſphematoire contre le regne, la

256.0 431.0 669.0 48.0 prophetie, & la ſacrificature d’iceluy: & toutesfois conſi¬

256.0 467.0 670.0 40.0 derant que c’eſt vne multitude qui ne ſe pourroit exter¬

267.0 498.0 657.0 45.0 miner qu’auec inhumanité & barbarie, la loy veut que

266.0 526.0 658.0 50.0 pourueu qu’ils viuẽt en paix en l’Empire, & ſans le dom

256.0 561.0 631.0 43.0 mage & iniure du prochain, qu’ils ſoyent ſupportez.

114.0 316.0 140.0 69.0 Ertradeva

114.0 362.0 140.0 51.0 dæis, cap. ſi

115.0 397.0 95.0 74.0 Iudeos.

482.0 97.0 281.0 58.0 Eſtat de France

114.0 495.0 135.0 60.0 Cod. de Ius

119.0 541.0 135.0 43.0 dæis. l. nul¬

116.0 572.0 52.0 39.0 lus.

116.0 605.0 143.0 42.0 De la gran¬

121.0 699.0 49.0 38.0 Fous.

123.0 729.0 47.0 34.0 844.

118.0 632.0 131.0 47.0 deur & ſou¬

116.0 672.0 140.0 53.0 uerainerédes

285.0 603.0 643.0 34.0 Là deſſus on peut dire que la cauſe des grands royau

266.0 629.0 658.0 36.0 mes, qui au temps des ſiecles dorez eſtoyent petits (au ra

267.0 651.0 661.0 52.0 portde luſtin) eſt premieremẽt la deprauatiõ des peuples

261.0 688.0 668.0 43.0 conquis, qui par leurs mœurs ſe ſont rendus dignes de

259.0 718.0 670.0 46.0 ſeruitude ioint l’iniquité des conquerans inſatiables en

260.0 751.0 673.0 43.0 leurambition. Tels grands royaumes ſont auec raiſon

260.0 782.0 670.0 47.0 appelez grands brigandages: mais le brigandage eſt plus

262.0 819.0 667.0 39.0 vituperable, quand l’homme veut croiſtre non en eſten¬

262.0 847.0 668.0 37.0 due de limites mais en ſeigneurie abſolue, aux deſpens

262.0 877.0 668.0 42.0 de la liberté de ſon peuple. Ils crient que le peuple qui

262.0 910.0 669.0 39.0 ne leur obeit en tout & par tout eſt infidele & rebelle, à

262.0 941.0 668.0 44.0 cauſe qu’il n’accomplit pas le ſerment de fidelité qu’il

263.0 971.0 667.0 47.0 leur doit. Mais quelque generalité qu’emporte le ſer¬

263.0 1005.0 664.0 43.0 ment, encor qu’il n’y eut ne loix ne conuenãces eſcrites,

264.0 1036.0 664.0 45.0 ſi eſt-ce que tacitement le droit de Dieu & de nature y

264.0 1067.0 667.0 45.0 ſont reſeruez. Contre Dieu, la patrie, & lé ſang, les pro¬

263.0 1101.0 668.0 42.0 meſſes ne ſont de tenir. Celuy qui a promis au Roy de

264.0 1133.0 669.0 43.0 ſeruir enuers tous & contre tous n’entend pas de ſeruir

264.0 1165.0 663.0 43.0 contre Dięu ne contre ſoymeſmes, ne contre ſon ſang

265.0 1197.0 665.0 45.0 qui eſt reputé partié de ſoy: & quelque amour que le

265.0 1230.0 667.0 41.0 peuple porte au prince, ſi ne faut il de rien iniuſtement

259.0 1260.0 668.0 41.0 conuenir; autrement ce ne ſeroit plus amitié ne deuoir,

267.0 1293.0 664.0 42.0 ains ſe deuroit dire conſpiration. Voicy qu’en diſent les

265.0 1325.0 668.0 42.0 legiſtes à ce propos: c’eſt que celuy qui auroit promis au

262.0 1388.0 672.0 53.0 tous, quand ce viendra à l’acompliſſement de ce qu’il a

127.0 1256.0 117.0 45.0 Ci.3.oſfic.

122.0 1321.0 114.0 37.0 to de iure

123.0 1380.0 118.0 55.0 de fenator.

125.0 1283.0 132.0 53.0 gloſ. cap. pet

133.0 1346.0 124.0 49.0 Barto.l.1. ff.

874.0 1425.0 59.0 50.0 iuré
