1000 1671
665.0 127.0 62.0 46.0 187

218.0 120.0 305.0 52.0 Sous Charles Ix.

74.0 172.0 659.0 35.0 s’eſſit vn chef de part pour le conduire ſelon ſa volon¬

72.0 202.0 665.0 41.0 té, comme tel fut autresfois reputé laques d’Arteuelle

72.0 234.0 665.0 40.0 en Flandres. C’eſt vn commẽcemẽt pour venir à l’Anar¬

71.0 264.0 666.0 43.0 chie, qui eſt de viure ſans gouuernement, & reſſembler

71.0 297.0 667.0 39.0 en cela les beſtes brutes. En ce cas le prince peut &

72.0 327.0 667.0 42.0 doit employer ſes forces à reprimer tels eſprits: & ſi

73.0 360.0 666.0 40.0 tant eſtoit que par telle deprauation & deſir de licence

75.0 390.0 663.0 44.0 la multitude ſe rẽdoit indigne de gouuernemẽt Royal,

75.0 423.0 665.0 43.0 comme auſſi il luy pourroit auenir par beſtiſe, le prince

72.0 454.0 667.0 45.0 auroit quelque raiſon de luy eſtre deſpotique autant

72.0 488.0 666.0 42.0 de temps que les mauuaiſes mœurs & la ſtupidité du

72.0 520.0 667.0 40.0 peuple le requerroit, mais non à touſiours, ne meſmes

73.0 551.0 665.0 40.0 quand ceſte multitude eſt compoſee auec le peuple bas

72.0 582.0 666.0 39.0 de gens nobles & digne de conſeiller le Roy, capables

75.0 614.0 664.0 40.0 d’offices & de charges publiques. Telle multitude ne

73.0 644.0 665.0 41.0 doit eſtre reduite en ſeruitude: car ceux qui ont la ſuffi¬

74.0 675.0 664.0 43.0 ſance & dignité ſont pour duire le reſte à vie politique,

73.0 708.0 666.0 40.0 hõneſte & cõuenable: & ſont tellemẽt liez par affinité

73.0 738.0 667.0 42.0 d’afaires, que l’on ne peut aſſeruir les vns que ce ne ſoit

72.0 773.0 667.0 40.0 au preiudice des autres. Outre ce que la nature enſeigne

72.0 805.0 667.0 40.0 que tel gouuernemẽt luy eſt contraire, dõt ne peut eſtre

71.0 833.0 669.0 42.0 & elle tous deux enſẽble eſtre ſuiuis. Si dõc la multitude

71.0 866.0 665.0 44.0 eſt rẽdue ſeruile elle ne peut vſer de cõmuniõ politique,

71.0 894.0 668.0 51.0 car l’vſage en ſubſiſté par liberté: par cõſequẽt le nõ de

72.0 931.0 660.0 43.0 peuple & de cité ſe perdra ſuiuant l’etymologie de ces

75.0 959.0 657.0 46.0 noms qui s’entendent eſtre dits de gens fraucs & non

69.0 987.0 662.0 47.0 ſerfs ne beſtiaux. Pareillement tel prince ſeroit deſpoti¬

71.0 1019.0 662.0 44.0 que & nõ Royal & politique. Or il ne doit eſtre deſpo¬

76.0 1058.0 660.0 49.0 tique, ſinon en intẽtiõ de deuenir Roy, apres aüoir rãgé

72.0 1085.0 304.0 42.0 Ie peuple comme il faut.

740.0 937.0 136.0 46.0 potique, c’eſt

742.0 973.0 129.0 39.0 à dire faiſãt

738.0 1002.0 118.0 43.0 eſclaues ſes

739.0 1038.0 137.0 41.0 Juiects libres

742.0 1072.0 108.0 43.0 & francs.

103.0 1126.0 632.0 35.0 Le Roy gouuerne donc ſur vne multitude ordonnee

73.0 1150.0 656.0 41.0 à viure ſelõ vertu & honneſteté qui s’appellent citoyẽs

73.0 1181.0 657.0 43.0 mot cõtraire à celuy de ſerf, qui n’a rien qui ſoit ſien &

73.0 1214.0 661.0 42.0 eſt luymeſme poſſeſſiõ de ſon ſeigneur, comme ſeroit vn

73.0 1246.0 663.0 43.0 peuple beſtial & incapable de ciuilité, comme poutroiõt

72.0 1277.0 663.0 44.0 eſtre les Troglodytes ou ſauuages Anthropophages. La

69.0 1306.0 666.0 47.0 ſeruitude n’eſt ſuruenue au mõde que par peché & male

68.0 1342.0 663.0 39.0 dictiõ: car auãt que Noé euſt maudit Chanaã il y n’auoit

69.0 1370.0 663.0 44.0 fdiſent aucuns) perſonne de ſerue condition. Ainſi pour

70.0 1403.0 667.0 47.0 punir les lionmes, ils y peuuent eſtre reduits: mais ceux

743.0 1296.0 131.0 50.0 5. Auguſt.

742.0 1334.0 134.0 43.0 au I& lix de

742.0 1361.0 99.0 46.0 la cuéde

548.0 1442.0 85.0 38.0 AA 5

744.0 1139.0 131.0 45.0 Quel eſt le

746.0 1174.0 130.0 41.0 couuernemẽt

741.0 1203.0 63.0 43.0 royal
