1000 1671
66.0 140.0 665.0 34.0 raiſonnable, attendu que les hommes n’euſſent eſté en¬

64.0 167.0 667.0 43.0 clins à deſordre comme ils ſont par leurs affections cor

65.0 201.0 666.0 43.0 rompues: pour à quoy pouruoir la puiſſance ciuile, en

64.0 231.0 668.0 41.0 la main de laquelle ſont depoſees les loix humaines, a

64.0 262.0 669.0 41.0 eſté introduitte au monde: & la loy de nature auoit aſ¬

64.0 293.0 670.0 44.0 ſez de vigueur, & ſuffiſoit pour ranger chaſcun en ſon

65.0 325.0 670.0 43.0 deuoir ayans leur regard à Dieu qui les enſeignoit fami

65.0 357.0 668.0 41.0 lierement par ſes oracles. Mais ie nie que ceſte puiſſan¬

65.0 389.0 670.0 41.0 ce ciuile nous ſoit donnee en l’ire de Dieu ne pour ven

65.0 424.0 669.0 39.0 geance & malediction, ne meſme pour punition, ſi ce

65.0 452.0 667.0 41.0 n’eſt en l’endroit des meſchans qui l’ont en horreur,

64.0 479.0 663.0 47.0 pource que la iuſtice leur eſt contraire.S. Pierre dit que

735.0 466.0 92.0 65.0 Piera¬

64.0 516.0 667.0 41.0 les Magiſtrats ſont enuoyez de par Dieu à la vengeance

66.0 548.0 661.0 42.0 des malfaiteurs & à la louange de ceux qui font bien.S.

64.0 579.0 663.0 39.0 Paul dit que le prince eſt ſeruiteur de Dieu pour le bien

65.0 612.0 665.0 39.0 du peuple, pour couronner de louange les bienfaiſans,

65.0 641.0 664.0 40.0 & faire iuſtice en ire de celuy qui fait mal. Les princes

64.0 673.0 667.0 39.0 donc ſont donnez par grace de Dieu pour maintenir le

64.0 703.0 664.0 37.0 monde par la iuſtice, & non en l’ire de Dieu, ni pour luy

64.0 735.0 668.0 41.0 ſeruir de bourreaux: car ce qu’ils puniſſent quelques vns

64.0 765.0 663.0 38.0 tend au bien & ſoulagement de la multitude. Les prin¬

64.0 797.0 663.0 44.0 ces ſont l’image de Dieu (& pourtant ſont auſſi appelez

62.0 829.0 659.0 42.0 Dieux) le repreſentans au gouuernement du monde &

61.0 863.0 663.0 37.0 que ſa parolle leur eſt adreſſee, dirons nous que Dieu ſe

64.0 893.0 658.0 42.0 propoſe courroucé en ce qui nous eſt pour ſa repreſen¬

64.0 925.0 335.0 40.0 tation & pour noſtre bien?

729.0 827.0 99.0 51.0 Pſeau.81.

731.0 861.0 97.0 60.0 Iean. 10.

227.0 87.0 302.0 55.0 Sous Charles Ix.

681.0 95.0 37.0 50.0 153

732.0 569.0 98.0 45.0 Rom. 13.

91.0 961.0 632.0 35.0 On void comment il conioint ces deux puiſſances pa

62.0 986.0 659.0 40.0 ternelle & ciuile, s’en attribuant la ſouueraineté, & les

61.0 1018.0 661.0 39.0 monſtre deriuer de meſme ſource &tendre à pareille fin

62.0 1049.0 659.0 42.0 comme il a eſté dit. On ſçait bien que la paternité à la¬

63.0 1081.0 655.0 41.0 quelle il conioint le magiſtrat ne cõſiſte que en charité,

63.0 1114.0 655.0 38.0 & que quand il nous veut propoſer ſa benignité, c’eſt a¬

61.0 1144.0 658.0 40.0 uec le tiltre qu’il nous confere de ſes enfans, ſe diſant no

59.0 1176.0 659.0 37.0 ſtre pere. Ie conclus donc tout autrement, Que c’eſt vn

61.0 1207.0 657.0 40.0 ordre inſtitué de Dieu pour l’entretenement de la ſo¬

60.0 1237.0 661.0 42.0 cieté humaine, laquelle eſt image de l’heureuſe & cele¬

59.0 1269.0 662.0 39.0 ſte ſocieté: car elle tend à vnité, comme quand l’Egliſe

60.0 1301.0 659.0 42.0 ſera iointe & vnie à ſon chef qui eſt roy des roys à qui

61.0 1334.0 655.0 40.0 toute puiſſance appartient. Et pourtant au commence¬

60.0 1363.0 654.0 48.0 ment Dieu a creé vn ſeul homme pour monſtrer l’vniõ

151.0 1404.0 152.0 38.0 Il I.vobume.
