1000 1671
116.0 111.0 163.0 43.0 M.D.LXXIIII

256.0 157.0 673.0 50.0 gens ſous luy qui aiment l’vilité publicque, & qui ſoyẽt

258.0 194.0 668.0 43.0 ſà ſon exemple) veritables: car en fin les menſonges ſim

256.0 227.0 668.0 43.0 ples ameinent des fauſſetez & calomnies, ce que le prin¬

255.0 259.0 667.0 43.0 ce doit chaſtier & eſlõgner de toutes charges publiques.

256.0 291.0 671.0 39.0 S’il en vſe autrement, il preſte la main à leur malice ſe rẽ¬

255.0 320.0 670.0 41.0 dant complice de leur meſchanceté, artendu qu’il la ſou

115.0 327.0 142.0 72.0 Cod l fnal

263.0 353.0 663.0 42.0 ſtient. Or c’eſt vne coulpe deteſtable & inhumaine que

116.0 388.0 136.0 42.0 de accuſa. c.

263.0 382.0 663.0 44.0 Calomnie, qui a eſté de tout temps ſi odieuſe aux bons

116.0 414.0 119.0 52.0 quiſquis.5.

257.0 413.0 666.0 46.0 empereurs qu’ils n’õt voulu qu’aucune couleur de droit,

114.0 452.0 139.0 43.0 quæſt.c. pau¬

260.0 449.0 664.0 39.0 abolition publique ou priuee, ne meſme permiſſion ſpe

115.0 483.0 138.0 47.0 lũ.2. quæ.3.

263.0 477.0 661.0 45.0 ciale du prince la peut garentir, & luy ont impoſe peine

256.0 511.0 671.0 43.0 de Talion, qui eſt ſelon les loix des douze tables, qui di¬

256.0 543.0 670.0 39.0 ſent que ſelon la paction il y ait Taliõ, c’eſt que lon deuſt

257.0 577.0 669.0 35.0 ſouffrir telle choſe que meriteroit l’accuſé s’il n’eſtoit

257.0 604.0 669.0 42.0 trouué innocent. De cecy diſputent les philoſophes Pha

259.0 640.0 668.0 37.0 uarin & Sixte Cilicien es nuits d’Aulugelle. Les canoni¬

116.0 661.0 133.0 49.0 t ſalaciter.c.

264.0 665.0 662.0 46.0 ſtes ont auſſi bien ſainement iugé de ce fait, diſans que

115.0 699.0 139.0 39.0 de cal.c. fina,

267.0 697.0 657.0 46.0 les calomniateurs ſont dignes de peines plus cruelles

118.0 735.0 135.0 37.0 & ibi Inno¬

263.0 729.0 663.0 46.0 que les accuſez s’ils eſtoyent conuaincus des crimes. La

118.0 768.0 138.0 34.0 cent. & Pa¬

266.0 767.0 662.0 33.0 raiſon en eſt bien patente, car les crimes ſe peuuent cõ¬

116.0 797.0 141.0 41.0 normit de ca¬

267.0 792.0 661.0 44.0 mettre ſans intention ne deliberation precedente, com

116.0 828.0 120.0 46.0 lumniator.

263.0 829.0 663.0 37.0 me vn meurtre par celuy qui eſt ſurmonté de colere, vn

260.0 860.0 666.0 38.0 larcin par diſette, vn blaſpheme ou meſdiſance par lu¬

260.0 891.0 666.0 41.0 bricité de lãgue. Mais calomnie eſt touſiours deliberee,

260.0 922.0 666.0 40.0 conſpiree & malicieuſement pourpenſee. Pourtãt la ſain

122.0 981.0 141.0 37.0 Au 3. de la

261.0 953.0 667.0 39.0 te Eſcriture orne l’ennemi de Dieu & des hommts de ce

261.0 1017.0 665.0 40.0 honneſte de mentir pour le biẽ commun: (qui eſt le con

260.0 1050.0 659.0 39.0 traire des calomniateurs qui mẽtẽt pour endommager)

259.0 1082.0 669.0 40.0 mais encores en exclud il ceux qui gouuernent la repu¬

260.0 1111.0 669.0 41.0 blique, leſquels il dit ne deuoir mentir pour cauſe ne rai

260.0 1143.0 667.0 42.0 ſon quelconque. C’eſt, dit il, vne telle offence que le prin

259.0 1175.0 672.0 38.0 ce mente à ceux qui ont charge ſous lui, & les princes

259.0 1205.0 669.0 43.0 inferieurs au peuple, que ce ſeroit ſi vn malade diſoit

261.0 1240.0 665.0 42.0 menſonge à ſon medecin: comparãt en cela le corps du

261.0 1269.0 363.0 43.0 public auec vn corps humain.

470.0 111.0 283.0 55.0 Eſtat de France

120.0 1010.0 89.0 48.0 republ.

125.0 1298.0 134.0 39.0 Louange de

125.0 1328.0 80.0 52.0 renté.

297.0 1308.0 630.0 29.0 Verité eſt donc vn ornement notable & conuena¬

263.0 1333.0 664.0 42.0 ble à toutes perſonnes & ſur tout à gens qui ont char¬

264.0 1365.0 663.0 42.0 ge & adminiſtration. Les fauſſetez, menſonges & ca¬

263.0 1397.0 662.0 50.0 lomnies ſe deſfont, quelque appuy qu’on leur donne.

876.0 1435.0 47.0 48.0 Au
