1000 1671
111.0 104.0 170.0 46.0 M. D. 1*XIIII

247.0 176.0 665.0 29.0 DISCOVRS POLIIIOVES

285.0 197.0 631.0 49.0 des diuerſes puiſſances eſtablies de Dieu au

285.0 236.0 627.0 53.0 monde, du gouuernement legitime d’icelles, &

284.0 278.0 527.0 51.0 du deuoir de ceux qui y ſont aſſuiettis:

280.0 353.0 604.0 48.0 Neceſſaires & pleins d’excellentes inſtru¬

400.0 392.0 367.0 55.0 ctions à toutes ſortes de

498.0 436.0 170.0 47.0 perſonnes.

111.0 512.0 129.0 45.0 Ordre requi

109.0 549.0 139.0 45.0 en toutes cho

109.0 580.0 45.0 54.0 ſes.

446.0 505.0 475.0 40.0 L n’y a choſe en la nature crece qui puiſ

448.0 533.0 472.0 41.0 ſe ſubſiſter ſans vn ordre, & non ſeule¬

450.0 567.0 471.0 39.0 ment ceſte neceſſité ſe trouue en l’har¬

448.0 599.0 472.0 38.0 monie & concordãce des choſes diſtin

449.0 629.0 471.0 41.0 ctes & aucunement differentes entre el

451.0 662.0 465.0 41.0 les, mais auſſi en la compoſition des In¬

251.0 691.0 670.0 48.0 diuidus, pour faire qu’ils s’entretiennent. C’eſt ordre eſt

252.0 724.0 668.0 49.0 vneloy impoſee du Souuerain, &comme dit S.Auguſtin

251.0 754.0 669.0 45.0 au 19. liure de la cité de Dieu ceſt vne diſpoſition des cho

251.0 786.0 670.0 44.0 ſes pareilles & non pareilles, baillant à chaſcune ſon lieu

252.0 819.0 670.0 44.0 Cela n’eſtant la paix ne peut eſtre, & par ce moyen tout

252.0 854.0 670.0 38.0 l’vniuers, enſemble les parties d’iceluy viendroyent à ſe

253.0 880.0 668.0 49.0 diſſouldre. Ie ne m’amuſeray point à reciter au long l’e¬

252.0 913.0 670.0 44.0 ſtat des choſes inanimees ſans volõté ou raiſõ, que Dieu

255.0 945.0 667.0 48.0 gouuerne par ceſt ordre qu’il a mis en leur nature, lequel

255.0 975.0 667.0 43.0 il conduit & entretient par ſa prouidence, mais bien de

255.0 1007.0 667.0 49.0 ce qui touche le particulier des hommes auſquels Dieu

251.0 1039.0 671.0 45.0 a donné la raiſon ains ſeulement pour monſtrer qu’il

254.0 1070.0 668.0 48.0 faut que la paix procedante de l’ordre entretienne tou¬

251.0 1102.0 670.0 48.0 tes creatures. Voicy ce qu’en ditle meſme docteur propo

254.0 1134.0 668.0 47.0 ſant les vertus de la paix fille engendree de ceſt ordre

253.0 1165.0 669.0 45.0 quant à ce qui concerne les hõmes. La paix du corps eſt

256.0 1203.0 669.0 40.0 vne ordonnee temperature des parties. La paix de l’ame

255.0 1230.0 669.0 46.0 irraiſonnable c’eſt vn ordõné repos d’appetis. La paix de

256.0 1263.0 667.0 39.0 l’ame raiſonnable c’eſt vn ordonné conſentement de co

255.0 1291.0 669.0 47.0 noiſſance & d’action. La paix du corps & de l’ame c’eſt

256.0 1322.0 666.0 48.0 la vie & ſalut de l’animant bien ordonné. La paix de l’hõ

256.0 1355.0 669.0 48.0 me mortel & de Dieu immortel eſt vne obeiſſance ordõ

256.0 1390.0 669.0 57.0 nes en foy ſous la loy eternelle. La paix des hõmes c’eſt

873.0 1423.0 52.0 35.0 vne
