1000 1671
97.0 102.0 158.0 42.0 M. D.LXXIIII

99.0 240.0 132.0 38.0 De la Serui¬

97.0 267.0 68.0 43.0 tude.

235.0 157.0 669.0 40.0 qui n’ont merité ceſte rigueur & auſterité de vie, & (cõ¬

235.0 185.0 668.0 42.0 me dit Denis Halicarnaſſiẽ) ne differẽt pas des libres par

237.0 218.0 665.0 41.0 nature, ains par fortune. Les ſerfs eſtoyent faicts tels aux

239.0 248.0 662.0 46.0 guerres des priſonniers que l’õ reſeruoit en vie pour s’ẽ

236.0 280.0 665.0 41.0 ſeruir: & la raiſõ de la ſeruitude, cõme auſſi de la guerre

235.0 311.0 666.0 44.0 eſt bien ſous la conſtitution du droit des gents, mais ce

99.0 344.0 138.0 42.0 Ariſt.1. po¬

235.0 376.0 667.0 42.0 Mais l’vne & l’autre ont eſté introduites cõtre le droit

235.0 410.0 665.0 38.0 naturel: ſi ce n’eſt, cõme dit Ciceron, que les indoctes

97.0 448.0 131.0 36.0 Aux para¬

233.0 469.0 666.0 46.0 du conſeil, eſprit & gouuernemẽt deſquels ils ne ſe peu¬

233.0 504.0 663.0 40.0 uẽt paſſer. quant à la ſeruitude violente & tyrannique,

233.0 534.0 667.0 40.0 il eſt dit que l’hõme de bien & hõneſte qui eſtoit reduit

233.0 565.0 664.0 41.0 ſous icelle ne laiſoit d’eſtre frãc: car ce n’eſt peine de cri¬

233.0 598.0 667.0 41.0 me qu’il ſupporte, mais eſpreuue de ſa vertu: & celuy qui

233.0 630.0 664.0 40.0 regne ainſi eſt eſclaue d’autant de ſeigneurs qu’il a de vi¬

235.0 660.0 662.0 44.0 ces. Le peuple d’Iſrael a eſté digne de l’amour de ſõ Roy

237.0 693.0 661.0 41.0 pour l’auoir deſiré & aimé de grãde affection: & ſur ce

237.0 725.0 662.0 41.0 on peut dire que le peuple Frãçois n’eſt aucunement di¬

237.0 755.0 661.0 42.0 gne de tyrãnie veu l’amitié qu’il a touſiours demõſtree

235.0 786.0 661.0 43.0 à ſon Roy, & eſt de ceux deſquels il eſt dit qu’il ſõt peu¬

235.0 820.0 661.0 42.0 ples regnables, aſauoir né enclin à ſupporter la domina¬

104.0 854.0 135.0 44.0 Ariſt.3.des

234.0 883.0 662.0 40.0 toute multitude, à cauſe de la varieté des mœurs &

232.0 915.0 664.0 39.0 nourriture des hommes, & pareillement de la qualité

233.0 945.0 573.0 39.0 & eſtendue de la region & autres circonſtances.

102.0 375.0 52.0 41.0 lit.

433.0 99.0 284.0 66.0 Eſtat de France

98.0 479.0 77.0 38.0 doxes.

95.0 894.0 84.0 47.0 politiq.

266.0 984.0 630.0 35.0 Or quant aux pauures laboureurs, pourueu qu’on les

232.0 1007.0 664.0 40.0 laiſſe cultiuer la terre & faire leurs petis trafics, & qu’ils

229.0 1040.0 667.0 40.0 ne ſoyent point pillez, ils ſupporteront toutes ſortes

229.0 1071.0 663.0 36.0 de dominations quelques dures qu’elles puiſſent eſtre.

229.0 1105.0 667.0 34.0 Mais malheur aux nobles, qui ſont comme petits rois

227.0 1135.0 669.0 41.0 ſur ces pauures moutons, & malheur aux iuges & gens

228.0 1166.0 668.0 40.0 de Iuſtice qui les trouuẽt ſi ſoubmis à la Iuriſdictiõ où

225.0 1196.0 675.0 43.0 ils preſident, & malheur encores aux Eccleſiaſtiques

225.0 1230.0 671.0 41.0 s’ils n’ont compaſſion de la ſimplicité de ces gens: &

225.0 1261.0 668.0 41.0 ſi tous enſemble ne s’oppoſent à la vexation & dure ſer¬

225.0 1293.0 668.0 41.0 uitude que on leur veut impoſer, puiſque les pauures

224.0 1326.0 670.0 34.0 n’ont d’eux meſmes autres armes que les pleurs & la pa¬

223.0 1355.0 671.0 43.0 tience. Or de tel peuple la democrarie eſt biẽ la meil leu¬

222.0 1387.0 669.0 54.0 re:mais en la monarchie faut qu’ils ſoyẽt aſſiſtez de gẽs
