1392 2252
127 151 1028 70 faux prophetes, qu'ils ne veulent pas eſtre idolatres, & tõ¬

130 211 1031 66 ber en apoſtaſie de la pure Religion enſeignée par les

132 258 1032 62 Apoſtres. Les moyẽs d’y proceder c’eſtoit anciennement

131 304 1030 65 d’interroguer la bouche du Seigneur, & puis par ſon or¬

131 351 1029 58 donnãce paſſer outre, cõme fit Moyſe:ou bien de mõſtrer

133 399 1027 62 par miracles cõme fit Elie, que partie aduerſe eſtoit iuſte

128 446 1034 59 ment condamnee par l’ordonnance faite de Dieu, ou en

130 495 1030 64 tout euenemẽt ſe reigler par la parole de Dieu, qui porte

130 542 1030 61 cõment le prince doit ſe gouuerner en cela. Il faut donc,

130 588 1030 61 que tout ainſi que le prince prenoit le liure de la maindu

128 633 1029 63 facrificateur qui eſtoit inſtruit de la volõte de Dieu, & qui

127 680 1033 59 iugeoit, par l'aſſemblee eccleſiaſtique, de l'hereſie de

126 726 1033 64 celuy qui en eſtoit accuſé, qu'auiourd'huy l’egliſe co¬

128 774 1031 62 noiſſe de l'hereſie, & par la meſme parole, puis ſe prince

128 821 1031 66 puniſſe les heretiques. Ie n'entẽ pas tous errãs, ou qui ont

128 868 1031 62 quelque fauſſe opmiõ: mais les apoſtats, & ceuxqui blaſ¬

128 915 1032 64 phemẽt, cõtre les choſes neceſſaires à ſalut, & qui dogma

128 964 1031 60 ti ſent. Car de vouloir exterminer tous ceux quiautremẽt

128 1015 1026 52 ſont reputez heretiques, il s’en trouueroit plus q̃ d’autres.

249 97 776 71 L’ESTAT DE FRANCE.

174 1055 982 60 AR. On vous dira que ceſte doctrine des Proreſtans

125 1102 1029 57 eſt condamned dé l'Egliſe. & qu’auec l'aduis de l'Egliſe le

130 1156 1025 58 prince employe ſa puiſſãce pour en punir les profeſſeurs.

1085 105 70 75 139

174 1201 975 61 Po. Elle ne peut eſtre condamnee, puiſque elle eſt ap

130 1241 1024 65 prouuee de Dieu par ſa parole, àlaquelle ellé ſe cõforme.

126 1289 1026 64 & n'eſt point Egliſe ceſte aſſemble equi luy eſt aduerſai¬

127 1337 1023 64 re, d'autãt qu'elle n’a point la parole de Dieu pour reigle,

127 1384 1024 63 ains l’authorité que le Pape & ſes ſuppoſts ſe ſont attri¬

128 1431 1023 62 buee hors d'icelle. On peut iuger de ce que ie di en leur

125 1475 1028 58 maniere de proceder. Car les fideles ſont par eux eõdam

126 1526 1026 60 nez ſans eſtre ouys, & ne veulent permettre que les cho¬

123 1576 1031 59 ſes ſe debattent par la parole de Dieu, reigle infaillible, de

123 1620 1029 61 laquelle ils interdiſent la lecture:tellement qu’au lieu que

123 1673 1029 56 le prince deuroit auoir pour vn manuel ordinaire celiure

122 1712 1033 64 ordonné au Roy d’Iſrael, pour apprendre à ne s'efleuer

122 1757 1028 62 ſus ſes freres, il execute ſur les innocens leur meſchan¬

122 1810 1028 57 te volonté, ſans zele de la gloire de Dieu, & ſans amour

123 1856 1024 61 du public, & ce par trahiſons, perfidie, & cruauté. Voy-

120 1901 1027 60 la comment il n’y a rien de ſemblable, en ce que font les

123 1949 1021 107 princes d’auiourdhuy, & ce qu’ont fait les anciens mint.

121 1994 259 111 ſtres de Dieu.
