1385 2273
133 146 980 81 Po. Cela eſt cerrain, & ſainct Auguſtin, ſur le pſeau¬

90 202 1020 73 me cinquanteſeptieme dit, que la verité a eſcrit en nos

88 251 1020 72 cœurs, & la main de celuy qui nous a formez, ce precepte

87 295 1023 73 Ne fay à autruy ce que tu voudras ne t’eſtre fait: & de¬

88 344 1022 68 uant que la loy fuſt donnee, il n’eſtoit permis à aucun d’i¬

89 388 1021 74 gnorer cela. Ce qu’il fut eſcrit dans deux tables eſtoit

92 436 1020 72 pour mettre deuant les yeux des hommes, ce qu’ilsne dai

90 484 1018 72 guent lire en leurs cœurs. S, leroſme ſur Iſaie, chapit.14.

93 529 1017 73 S. Ambroiſe en ſon liure de paradis chap.8. en diſent au¬

87 582 1022 69 tant, & que nous la portons imprimee en nos cœurs, no¬

92 623 710 67 ſtre conſcience eſtant loy à ſoymeſme.

187 87 773 81 L’ESTAT DE FRANCE.

132 668 977 70 AR. Cela me contente touſiours fort de vous ouyr

88 719 1022 71 propoſer des authoritez, ſans apporter en noſtre confe¬

84 763 1028 72 rence, des longs diſcours de vos propres raiſons. cela au

84 811 1026 74 moins vous abſout de ce qu’on vous pourroit imputer de

87 859 1021 70 parler d’affection & de meſler quelque choſe du voſtre.

85 904 1024 73 Ie vous prie donc continuer ceſte matiere commencee,

82 950 1027 72 & me reſpondez a ce qui eſt dit, que lulia voulant eſpou¬

84 998 1024 70 ſer l’Empereur Caracala ſon beau ſils, voyant que au¬

83 1044 1025 72 cune loy ne permettoit tel mariage, luy dit que l’Em¬

88 1093 1022 72 pereur donne les loix, & ne les prent point. Il en fut dit

82 1139 1026 74 autant à Cambyſes voulant eſpouſer ſa ſœur, aſauoir que

80 1189 1029 71 ceſte loy auoit lieu ſur tous les autres, & que le Royfai¬

82 1231 1032 68 ſoit ce qu’il vouloit. Et apres que Alexandre euſt fait mou

82 1277 1032 75 rir Clitus, il luy fut dit, que tout ce qui eſt dit & e¬

82 1325 1032 70 xecuté par le prince, eſt bon, iuſte, legitime, & droitu¬

83 1370 1030 74 rier: car Dicé & Themis, c’eſt à dire droit & iuſtice,

80 1416 1030 85 ſont aſſeſſeurs & collateraux de Iupiter, repreſenté par

82 1464 197 62 le prince.

1051 113 52 63 11,

131 1507 982 79 Po. Quand il ny auroit autre raiſon, ſinon que cela

82 1559 1031 71 eſt propoſé par des flateurs, la choſe ſe refuteroit aſ¬

80 1610 1035 70 ſez de ſoymeſme. Car comme dit Pindare, la loy eſt

82 1656 1030 70 royne des mortels & immortels. & quil ne ſoit ainſi,

80 1699 1032 75 Dieu ſouuerain prince du monde, quand il a donné ſes

82 1747 1031 73 loix, ne s’eſt il pas ſubmis à quelque loy par certaines

80 1791 1033 74 conditions reciproques, promettant demeurer Dieu de

82 1839 1027 71 ſon peuple, le garentir & conſeruer, l’inſtruire, le condui¬

82 1908 1028 51 re d le noulinenan pas fait contract & alliance? Il s’eſtoit

83 1934 1022 109 fubmis par ſerment à ces chofes. N’a il pas paſſé ſous
