1414 2257
212 151 987 64 AR. Il en obtint le nom de debonnaire, accommo¬

164 206 1035 58 dant ceſte mauuaiſe ordonnance au droit naturel & hu¬

163 254 1036 58 main: comme auſsi il faut que toutes ſe reiglent par la.

169 305 1030 54 Car Cicerõ au dialogue des loix dit que ce droit naturel

170 348 1026 62 eſt la ſouueraine loy & eternelle prudence, qui comman¬

169 394 933 59 de les choſes droites, procedantes de l’eſprit Diuin.

284 90 760 73 L’ESTAT DE FRANCE.

217 438 982 61 Po. Il ſeroit bien beſoin en ce temps, que nous euſ¬

155 490 1045 59 ſions des Antonins & debonnaires, pour reprimer les

161 555 1040 39 Pnaiaos, qui pai vne batbarle (yianmque veuient oner

164 588 1039 57 la liberté à ceux qui les ont eſleuez en l’eminence où

161 628 177 59 ils ſont.

220 672 985 65 AR. Ce dire de S. Auguſtin au 4. liure de la Cité de

165 719 1038 63 Dieu, chap.3. a touſiours lieu, que combien qu’vn hom¬

165 771 1041 61 me de bien ſoit reduit par ty rannie en ſeruitude il ne laiſ

163 821 1036 57 ſe d’eſtre franc, car ce n’eſt pas peine de crime qu’il ſup¬

165 863 1033 62 porte mais eſperance de ſa vertu, & celuy qui ſe dit Roy

163 911 1035 59 regnant ainſi, eſt neantmoins eſclaue de ſes flateurs, &

165 956 1030 63 priſonnier d’autant de brigands qu’il a de vices. Mais ce

165 1003 1028 64 pendant, ie ne vous puis accorder que ce ſoit oſter la li¬

163 1053 1032 57 berté dont nous auons parlé, quand les princes veulent

163 1098 944 63 abolir en leurs pays, vne religion contraire à la leur.

1115 115 83 49 121

202 1143 1160 64 Po. La liberté ſerue n’eſt point liberté, & ne peut e-Si le prin¬

163 1189 1199 64 ſtre dite vraye, ſi elle ne s’eſtend qu’aux choſes viles du ce peut o¬

163 1240 1026 57 corps', & non à la plus diuine partie de l’homme, qui eſt

163 1287 1022 62 l'eſprit, pour la plus excellẽte de toutes les actions qu’on

163 1335 1027 56 nomme pieté: car en ce cas les eſprits ne ſe ployent ni

166 1381 1024 69 par feu ni par glaiue, ains par vne perſuaſion, & par la rai¬

165 1441 306 47 ſon dominante.

208 1468 987 59 AR. Seroit-il loiſible de tolerer toutes opinions &

164 1520 1030 66 ſectes, qui tendent à apoſtaſie & blaſpheme? n’eſt ce pas le

161 1567 606 60 deuoir des Princes d’y pouruoir?

207 1613 988 62 Po. Ouy de vray, mais il faut cõuaincre les hommes

161 1661 1034 61 de ces choſes par la parole de Dieu. Or les princes pro¬

161 1709 1037 56 cedent autrement, à ſauoir ſuyuant les cẽſures & decret

161 1756 1034 60 de l’Antechriſt, pour le plaiſir duquel ils exercent toutes

160 1803 1034 62 meſchãcetez ſur les pauures peuples que Dieu leur a cõ¬

160 1853 1035 59 mis: & quãd biẽ ils ſeroyẽt en erreur, ſi ne faut il pas tout

163 1898 1032 63 perdre pour les exterminer, & faut pluſtoſt eſſayer de deſ

160 1946 1031 61 raciner l’erreur, que d’exterminer les errãs, & ce pour l’a¬

161 1991 1025 84 mout & regard du public: cõme ont fait les empereurs.

1194 1230 163 60 ſter la li¬

1199 1275 151 50 berté des

1198 1317 153 74 cõſciẽ́ce¬
