1404 2252
213 83 99 63 124

204 140 1034 57 & maſſacres par tout le pays, & en fin amenent les hõmes

206 187 1036 59 à ce poinct, d’eſtre ſans reſpect ne reuerence à Dieu, au

206 233 1036 63 Prince, à la Iuſti ce, & tenir à peu l’authorité legitime, faire

207 280 1034 65 toutes choſes par la force, mal penſer & parler du gou¬

207 329 1035 60 uernement de l’eſtat, gouſter la douceur d’vne fauſſe li¬

206 374 1037 57 berté, ou pluſtoſt licence de toutes choſes, & par là ceſſe

205 422 1040 59 Ie cours de toute bonne police, & diſcipline. Mais ſur qui

207 470 1035 61 ſe reiettera la faute de tout cela? A qui eſt-ce d’y donner

210 516 1032 63 ordre? eſt-ce pas au Prince? & ſi le Prince eſt empeſché

211 566 957 60 de commander au peuple par les armes, que ſera-ce?

410 68 611 77 MEMOIRES DE

252 610 993 64 Po. La coulpe en doit eſtre reiettee ſur celuy qui

210 658 1037 62 empeſche que Dieu ſoit purement ſerui, cõme Elie nota

210 705 1037 53 Achab de ce meſme crime. Au ſurplus les Princes ne vou¬

208 748 1038 62 lans receuoir de leurs ſuiets autres cõditions, ſinõ de leur

212 795 1033 62 oſter leur vie & liberté ſoit par trahiſon, infidelité, ou au¬

212 845 1036 62 tres moyens, ils leur donnent iuſte cauſe de prendre les

215 895 1035 60 armes & emprunter le glaiue dont ils auoyẽt muny leur

216 939 1032 65 Prince, afin de les en conſeruer, pour l’employer comme

218 985 756 63 contre vn traiſtre & oppreſſeur du public.

43 1008 167 86 Mat.5.39

260 1038 992 57 AR. Que deuiendra ce qui eſt dit par Chriſt? ſi on te

221 1082 1030 55 frappe en vne iouë, tourne l’autre pour en receuoir autãt.

232 1124 1018 60 Et S.Paul, qui dit ne vous vẽgez point. Il ſemble biẽ par là

225 1174 1013 62 que toute voye d’hoſtilité ſoit defendue aux Chreſtiens.

43 1118 146 81 Rom.12

53 1181 30 45 15

56 1219 167 59 De la pa¬

45 1279 160 33 tiẽce Cht

45 1309 137 44 ſtienne.

50 1347 146 54 Iean 18.2

47 1393 158 69 Adtes?3.

257 1221 995 55 Po. Si l’Eſcriture ſe doit ainſi expoſer, Chriſt meſme

219 1274 1032 49 & S.Paul ont contreuenu à leurs preceptes: car Chriſt re¬

227 1314 1026 63 print bien aſprement celuy qui l’auoit ſouffleté, & S. Paul

228 1362 1024 64 appela paroy blãchie, celuy qui le fit frapper. Mais voicy

227 1411 1029 57 que S. Auguſtin donne pour expoſition à tels paſſages, en

226 1456 1031 61 l’epiſtre à Marcellin. L’hõme iuſte & religieux, dit-il, doit

225 1510 1032 53 bien porter patiemment la malice de ceux qu’il procure

227 1552 1030 54 eſtre faits bõs, afin que pluſtoſt le nombre en croiſſe, que

226 1598 1032 60 de dire que par vne meſme malice ceſtuy s’adioigne au

227 1645 1034 56 nombre des meſchans. On doit donc ſouffrir, mais c’eſt

227 1691 1033 56 autant que la patiẽce peut edifier. Que fera-on auec ceux

230 1736 1031 59 qui ne ſe cõtentent d’oſter le bien & la vie? La defenſe eſt

231 1786 1029 63 legitime, pour la vie & liberté, cõtre laquelle on conſpire

230 1834 1027 57 en violãt les loix, la nature, & toute humanité. La vẽgeãce

231 1881 1026 55 eſt biẽ interdite au particulier, mais non la iuſte defenſe:

232 1926 1028 59 quãd il ſe void oppreſſé par violẽce, lors meſmes qu’il ne

236 1974 1025 92 peut rien eſperer du magiſtrat, ſelon les loix & l'equité.

1177 2021 88 77 Car
