1385 2257
242 57 99 88 144

235 133 1033 53 cvrannie: mais en tels faits il faut auoir vocation ſpeciale

235 174 1033 61 de Dieu, & ſentir ſa conſcience nette de toute autre affe¬

233 221 1036 62 ction, finon de la gloire de Dieu & vtilité publique. Mais

233 272 1036 61 d’autant que aucun ne peut iuger du cœur que Dieu, &

234 315 1035 66 que l’homme eſt ſi corrompu qu’il ſuyura touſiours plus

232 363 1037 64 toſt ſa peruerſe volõté que la voye equitable, voila pour

233 412 1062 63 quoy entre Chreſtiens il ſemble que tels maſſacres & en¬

232 457 755 64 trepriſes deſeſperees ne conuiennent pas.

440 58 612 69 MEMOIRES DE

275 504 990 61 AR. I’eſtime que l’affection du prince doyue bien au

229 550 1035 61 tant eſtre reiglee, que celle du ſuiet, & plus: dautant qu’ila

230 595 1034 67 plus de pouuoir de faire mal,q̃ le ſuiet de s’y laiſſer aller.

273 645 991 60 Po. Sur tout, il ne faut iamais qu’il employe ſa force

227 690 1035 66 publique, pour ſa vengeance priuee, ains qu’il pardonne

229 746 1033 56 pour le regard du public. Ceſt pourquoy S. Ambroiſe en

227 788 1035 54 l’Exameron, cha.5. dit qu’il faut que le prince ſoit doux &

228 830 1035 65 pitoyable en ſes mœurs, & cõbien qu’il ait l’aiguillon &la

224 881 1039 60 force, il n’en doit vſer en ſa propre vengeance. Ceſte rai¬

225 925 1038 61 ſon eſt priſe par ſimilitude des abeilles, deſquelles on dit

229 973 1030 62 que le Roy n’a pouuoir de s’aider de l’aguillon. Ainſi Da¬

225 1020 1035 63 uid le pratiqua quand Semey luy iettoit des pierres, def¬

224 1067 1035 62 fendãt qu’on ne luy couruſt ſus: mais quand l’iniure tou¬

223 1110 1032 69 cha la dignité par deſobeiſſance, Salomon le fit punir.

225 1162 1035 61 vray eſt, comme diſoit Ageſilaus, qu’il ne faut pas que le

225 1208 1034 64 prince par tolerance ſe rende contemptible. Mais la ſeue¬

223 1255 1036 59 rité dont le prince a couſtume d’vſer eſt, que la punition

224 1302 1034 64 ſe face pour le regard du bien& repos public.Auguſte Cæ

224 1347 1033 62 ſar, comme recite Cornelius Tacitus, eſtoit en opinion,

225 1398 1032 60 qu’vn ſien gentilhomme auoit accointance trop familie¬

225 1444 1034 61 re auec ſa fille, dont le trouuant en lieu ſecret, commen¬

227 1489 1033 67 ça a l’outrager. Mais l’autre luy remonſtrant qu’il ſe por¬

228 1541 1034 60 toit pour partie, iuge & executeur d’vne meſme çauſe, il

227 1586 1031 55 le quitta tout confus. Car qui a le pouuoir auec la paſſiõ,

225 1631 1033 63 ne peut demeurer dansles bornes de iuſtice, en la punitiõ

227 1678 1028 64 de ſa propre iniure. Iules Cæſar ſe ſouuenoit de tout fors

227 1725 1027 60 que des iniures particulieres, & vouloit ſelon la ſentence

225 1772 1029 63 de Periander Corinthien, par clemence acquerir la bien

227 1819 1028 64 neillance des ſiens, qui eſtoit, cõme il dit en ſes cõmentai¬

227 1867 1031 65 res, la plus ſeure de toutes ſes gardes. Il approuuo ir auſſi

227 1915 1032 56 fort la ſentẽce d’Ariſton, oppoſee a celle de Cleomenes,

227 1961 1035 125 lequel maintenoi que le Roy deuoit fare bie à ſes amis:

1211 2008 49 96 &
