1380 2259
263 71 60 87 96

256 144 1031 59 commandent la Monarchie, mais ſi quelqu’vne de ces

254 188 1038 65 choſes, qu’auez alleguees, defaut, i’eſtime qu’il en peut

256 235 1033 63 auenir plus de mal que d’aucun des autres gouuerne¬

257 279 1031 61 mens: & de fait ie n’approuue pas qu’on louë tant la Mo¬

254 330 1035 61 narchie, que pour cela on deſpriſe les autres polices cõme

256 375 1031 56 mauuaiſes. Car ſi les bons eſtats monarchiques ſont deſi¬

256 425 1031 55 rables, il faut eſtimer que peu ſouuent ils ſe rencontrent.

257 470 1030 59 Car les bons Monarques ſont bien rarement remarquez:

257 515 1031 63 veu meſme que en luda, de 22. Roys qu’il y eut, il ne ſe

256 562 1032 62 trouue que Dauid, Aza, Ioſaphat, loas, Ioathan, Ezechias

257 608 1026 65 & Ioſias qui ayent teſmoignage de probité & bonne po¬

257 655 1028 64 lice. encores ont ils fait de grãdes fautes. Or de cela par¬

258 701 1027 68 lerons-nous plus amplement. Mais que vous ſemble des

259 750 623 63 royaumes hereditaires & electifs?

458 72 618 73 MEMOTRES DE

86 803 170 57 Des royau

80 847 177 43 mes here¬

80 884 174 61 ditaires &

84 923 128 91 electifs.

299 805 984 53 Po. Il me ſemble que & l'vn & l'autre ne ſont ſi louable ¬

272 837 1013 60 bles que ceux qui ſont par election & ſucceſſion tout en¬

274 890 795 64 emble, pour ſuiure vn ordre iuſte & naturel.

286 934 1002 67 AR. Ie m’esbahi de ce que vous dites, car prenant

252 984 1035 60 vaſtre fondement & patron, pour vne puiſſance bien po¬

252 1029 1035 60 licee, vous ne pouuez mieux faire que de propoſer le re¬

252 1074 1035 68 gne de Iuda immediatement eſtabli de la main de Dieu

249 1120 1036 68 ſon legiſlateur. Or eſtoit il hereditaire de pere en fils, cõ¬

249 1182 1041 49 me la promeſſe faite à Dauid & à Salomon le porte, &

249 1218 1038 65 comme la pratique le demõſtre. Et pour moy, quand ce¬

249 1262 1036 60 la ne ſeroit point, i'eſtime ſelon l’apparence, les heredi¬

251 1310 1037 65 taires plus fermes & durables que les electifs. Car le pere

251 1356 1036 65 deſire touſiours laiſſer aux ſiens les choſes bien ordon¬

253 1403 1034 67 nees, ce qui ne peut eſtre, que pour l’vtilité publique, là

253 1453 1037 65 ou, ceux qui ſont eſleus, ne tendent pas naturellement à

254 1497 1035 67 amplifier les royaumes, de la iouiſſance deſquels leurs

253 1544 1036 59 naturels heritiers ſont forclos, Ains eſt plus à craindre,

254 1590 1036 67 qu’ils attirent à leur particulier, pour laiſſer à leur famille

254 1639 1036 67 quelque marque ou fruict du degré auquel ils eſtoyent

254 1686 1036 67 paruenus, & auſſi qu’ils ſeront touſiours tenus de fauori¬

251 1731 1041 69 ſer leurs electeurs, qui ſeront choſes qui tourneront au

254 1790 341 56 detriment public.

288 1823 1002 67 Po. I’auoue bien que par couſtume la choſe eſt telle¬

249 1873 1043 64 ment receue qu’elle eſt reputee pour droit, mais puis que

251 1921 1037 63 les peuples ont le droit de mettre les magiſtrats ſur eux

251 1970 1038 79 comme nous l’auons ia monſtré & le monſtrerons encor

1229 2020 48 98 O
