1424 2266
201 69 88 74 122

196 133 1034 72 Conſtantin & les Theodoſes, qui de leur temps ont bien

193 191 1035 64 eu de tels combats à deſmeſler. Paul Emile, au premier li¬

192 236 1038 62 ure de ſon hiſtoire, recite, qu’vn Empereur luſtin chaſſa

195 285 1030 64 tous les Arriẽs de ſon Empire: parquoy Theodorie Roy

196 334 1031 63 des Oſtrogots, qui eſtoit Arrien, commença par deſpit à

197 381 1028 57 tourmenter les Chreſtiens, & enuoya vers le pape lean,

197 426 1029 62 l’eueſque de Rauẽne & les principaux du ſenar de Rome,

198 477 1033 58 le menacer, que s’il ne reintegroit les Arriẽs, il ruineroit

200 521 1030 61 tous les Chreſtiens de ſes pays. Le Pape le premier fut

201 570 1030 59 d’auis, pour eſpargner ceſte innocente multitude, que le

202 623 1028 53 decret contre les Arriens fuſt reuoqué. Ainſi l’amour du

202 659 1029 67 public tient plus de lieu en vne bõne nature, que quelque

203 711 1027 59 autre affection que puiſſe auoir l’homme. Les princes

205 760 1028 59 d’auiourd’huy bandent leurs peuples en deux parties &

205 804 1027 60 desfont meſme celle qu’ils approuuent, qui ſe conſume

203 852 1029 58 en voulant ruiner ſa partie aduerſe. Il faut au contraire,

206 898 1029 61 que les princes quittẽt leurs affections au public, & cõme

207 945 1024 59 on dit ſouuent, cedẽt au temps, & touſiours à la neceſsité.

396 70 620 69 MEMOIRES DE

253 992 980 60 AR. Ouy, mais ceſt vn grand fait de s’armer contre

51 1027 1187 73 Que c’eſt l'ordõnance de ſon prince. Ce nom de ſeditieux conuiẽt

212 1086 1024 55 mal à ceux qui s’appellent Chreſtiens. Sachez que mal¬

210 1133 1027 59 aiſémẽt en euiterõt le nom ceux qui prennẽt les armes.

214 1179 1024 58 Car voici les couléurs que Ciceron donne aux ſeditieux,

207 1227 1028 58 auó. de ſa republique. Seditieux, eſt celuy qui ſe ſepare

210 1273 1030 62 des autres, en vn eſtat, & ſans authorité publique arme le

211 1319 996 64 peuple, & le maintient contre la diſcipline de ceſt eſtat.

32 1066 159 55 d’eſtre ſe¬

31 1109 166 52 ditieux, &

39 1153 143 49 à qui ce

31 1188 157 58 nom ap¬

31 1237 157 79 partient.

214 1365 1024 62 Po. Ce fondement eſt invariable, qu’on ne doit obeir

210 1414 1031 58 au Roy ni à ſes ordõnances, quãd elles ſont iniuſtes. Or ne

210 1457 1033 66 peuuẽt elles eſtre plus iniuſtes, que quãd elles veulẽt for¬

209 1506 1036 58 cer le peuple à impieté. Et pourtant S.Pierre dit qu’il vaut

212 1555 1033 61 mieux obeir à Dieu qu’aux hõmes. Malheur donc à ceux

212 1598 1033 66 qui obeiſſent à l’homme, ſi ce n’eſt auſsi en obeiſſant à

211 1654 1035 55 Dieu. Il faut diſtinguer entre vne defenſe forcee pour la

211 1695 1033 57 vie & liberté, & vne entremiſe volontaire qui trouble l'e¬

211 1743 1036 62 ſtat. Car telle choſe eſt pluſtoſt pour le maintenir, que

214 1788 1032 60 pour le desfaire. Il eſt dit au Code, loy 1.des ſedirieux, que

211 1837 1035 62 tels eſmeuuent le peuple contre le prince pour faire leur

214 1883 1033 65 proufit particulier, au detrimẽt du public. Ou eſt-ce que

211 1931 1036 63 cela ſe trouuera en ceux de la Religion euãgelique? Item,

216 1977 1029 87 qui bandẽt vne partie du peuple contre l’autre, violant les

37 1528 151 85 Act.4.19.

1157 2023 89 59 loix
