1369 2259
59 135 1032 70 recours à vn, qui d’vne commune voix ſeroit appelé

57 190 1035 63 pour diſtributeur de ce que l’equité ordonnoit, & fuſt

62 235 1031 64 gardien de la Loy, & mainteneur de la iuſtice. Ariſtote

61 287 1031 58 au proiſieſme liure de ſes Politiques dit, que le Royaume

60 331 1033 65 eſt la puiſſance d’vn qui regit & modere vne Republique

56 378 1034 60 ne cerchant ſon proufit particulier, ains celuy de ſes

62 427 1030 58 ſuiets. Senecque en ſon premier liure de Clemence,

62 470 1034 63 eſcriuant à Neron dit, que le Prince eſt comme l'eſprit

66 527 1030 54 vital, & ame de l’Empire: car ſans luy tant de milliers

65 566 1030 64 d’hommes qui luy ſont ſubmis, ne ſeroyent que proye

66 612 1032 64 à perdition. Auſsi void-on qu’ils s’accordent en ſon a¬

67 661 1033 60 mour & protection: tellement qu’ils s’expoſent auec

69 705 1028 63 leurs biens pour tirer la part où ſon ſaluraire comman¬

70 755 1028 59 dement les appelle, & pour cela pluſieurs milliers ſe

67 804 1030 51 hazardent & ſouuent meurent ieunes & vigoureux, pour

71 850 1029 53 ſauuer le corps d’iceluy ia tout caduque & amorti, à la

72 894 1025 58 mode que pour l’ame le feroit le corps, & les membres,

71 942 1026 60 comtae ſes organes & inſtrumens. Car comme dit Xe¬

74 986 1023 64 nophon aux enſeignemens de Cambyſes à Cyrus, le

74 1035 1024 60 Prince eſt pour le bien de tous, lequel il procure conti¬

75 1080 1026 62 nuellement, & ſi tant eſt qu’il ne le puiſſe produire cõme

75 1126 1027 63 il eſt obligé & qu’il le deſire, il empeſche s’il peut le mal

76 1179 1031 57 de ſon peuple, ſinon il porte ſa part de la douleur auec

77 1222 1029 59 celuy auquel il ſera meſaduenu. Le Prince louë auſsi &

79 1268 1027 62 remunere les obeiſſans, non ſeulement pource que l'o¬

80 1315 1027 60 beiſſance luy eſt deuë, mais auſsi pource qu'elle prouient

80 1364 1025 54 d’vne bonne opinion qu’ils ont dé la iuſtice du comman¬

81 1409 1029 55 deur: lequel neantmoins pour perſuader ſa ſuffiſance, faut

82 1454 1027 59 à la verité qu’il en ſoit doué auſsi. C’eſt vn biẽ aſſez defiré

82 1502 1027 60 mais peu rencontré, & lequel Ariſtote louë tellement au

81 1548 1025 63 rà liure de ſa Metaphyſique, qu’il prẽd occaſion de meſ¬

84 1598 1026 61 dire des gouuernemens populaires, & au premier liure

84 1644 1026 57 des Ethiques, où il dit, qu’vn peuple eſt origine d’erreur.

86 1691 1026 63 Que le vulgaire n’a raiſon, diſcretiõ ni diligẽce, & que ce

84 1736 1028 56 monſtre à pluſieurs teſtes eſt couſtumier de mal reco¬

85 1784 1030 62 noiſtre ſes ſeruiteurs & bienfaicteurs de la patrie. Cela eſt

87 1828 1023 64 bien aduenu à Metellus, qui fut banny, à Annibal & Ca¬

87 1877 1027 65 mille qui furent chaſſez, Socrates empoiſonné, Lycurgus

85 1922 663 65 outragé, & Solon relegué en Cypre.

175 96 780 49 LESTAT DE FRANCE.

1030 80 62 76 95

134 1966 983 89 AR. Voila vne ample deduction des choſes qui re¬
