1388 2257
233 48 85 91 146

227 131 1029 62 monſtra de telle vie telle mort. Mais c’eſt vn grand cas,

230 175 1027 64 mon frere, que toufiours quelque iugement de Dieu

228 223 1029 57 apparoit ſur ces diables encharnez, auant leur mort;

227 274 1030 58 & ſi vous y prenez garde, vous n’en trouuerez gueres par

229 318 1029 61 les hiſtoires, qui ayent regné plus de treize ans, en

228 363 1030 60 leur tyrannie, qu’ils n’ayent pris fin, & principale¬

228 408 1025 63 ment des perſecuteurs de l’Egliſe. Tout bien confide¬

228 461 1030 59 ré, voila ce que doyuent attendre les heritiers des mœurs

232 504 1027 62 de Sylla. Il me ſouuient pour antitheſe de la legende de

229 551 1030 63 ces Tygres & bellues furieuſes, du dire de ceſt Empe¬

234 603 1027 60 reur Antonin le debonnaire, qu’il aimoit mieux garder

234 644 1025 63 vn citoyen, que tuer mille ennemis. Quinte Curſe re¬

232 693 1030 60 cite que Alexandre le grand, encor qu’autrement il fuſt

232 737 1029 66 aſſez furieux, eſtant ſollicité par Olympias ſa meſchan¬

233 786 1026 62 te mere, de faire mourir quelqu’vn pour ſe venger,

233 833 1030 64 reſpondit, qu’il eſtoit innocent, & que le pris de la vie de

233 880 1026 69 l’homme ne ſe peut vendre ni payer par richeſſe quel¬

237 931 162 65 conque.

445 60 617 64 MEMOTRES DE

283 966 983 70 AR. Ie loue auſſi ce que dit Herodian du regne de

238 1018 1024 60 I’Empereur Alexandre Seuere, qu’il fut ſi paiſible, que

242 1069 1023 60 ſon empire fut nommé du mot Grec Anematon, qui

239 1113 1029 65 eſt à dire ſans ſang. Mais combien que ce ſoit vn vice

242 1161 1024 61 fort vituperable aux princes que cruauté, & que les hi¬

243 1213 1024 54 ſtoires fourniſſent d’aſſez d’exemples de la Barbarie des

243 1255 1024 62 anciens (inferieurs touteſfois à ceux de ce temps) & que

240 1302 1028 62 comme dit luuenal en ſes Satyres, tant plus le mal eſt

243 1350 1025 63 en perſonnes eminentes, plus retient il en ſoy claire &

242 1398 1025 61 apparente marque, outre ce que par ceſte grandeur, il

245 1444 1023 61 s’y adioint tant plus de ſectateurs: ſi eſt ce que ceux

243 1487 1025 65 qui voudroyent, pour cauſe de ce deſordrellà, deietter

242 1538 1026 61 toute puiſſance, introduiroyent encores au monde vne

242 1582 1025 60 confuſion plus grande. Car encor que les tyrannies ſoy¬

243 1636 1023 56 ent fort pernicieuſes, elles retiennent toutesfois plu¬

244 1675 1022 65 ſieurs bons offices de iuſtice & pieté. comme pour exem

248 1722 1015 67 ple, Neron opprimoit le monde ſous ſon empire, com¬

249 1771 1017 63 me monſtre Suetone, ce neantmoins quelque eſpeces de

250 1821 1016 56 iuſtice ne laiſſoyent d’eſtre lors adminiſtrées. Car ſous

254 1864 1018 63 luy ſainct Paul fut deliuré du tumulte populaire, & de¬

257 1912 1013 80 la priſon, ſe reclamant bourgeois de Rome, & emme¬

1223 1951 50 100 *
