1395 2261
80 243 157 92 Iugesas.

80 317 63 40 10.

260 84 80 81 156

256 146 1029 76 bapteſme. Mais les Iſraelites adoroyẽt en Dan qui eſtoit

257 204 1031 58 vn lieu d’anciẽne ſuperſtition, ou fut adoree l'idole de

258 252 1026 60 Michas comme il en eſt parlé au liure des luges: & en Be¬

256 297 1029 62 thel, qui eſtoit le li eu anciennement nommé Luz ou Ia¬

255 345 1029 63 cob vid l’eſchelle qui touchoit le ciel & les Anges, mon¬

255 396 1029 57 tãs & deſcendans par icelle. Voyez cõme il y a touſiours

252 439 1033 58 couleur pour maintenir l’impieté. Les Iuifs adoroyent au

252 484 1033 64 ſeul temple de Ieruſalem, qui denotoit le ſeul Media¬

253 532 1028 64 teur, & ce par ordonnance diuine. Auiourdhuy les Catho

252 577 1029 67 liques Romains ont pluſieurs moyens de ſalut, qu’ils re¬

253 624 1031 65 conoiſſent hors Ieſus Chriſt, & quaſi toute leur Religion

252 670 1029 68 brouillee d’inuentiõs humaines. Les Reformez n’õt que

255 717 1029 66 Ieſus Chriſt ſeul moyẽneur, & ſe rapportent à l’ancienne

253 766 1027 60 forme obſeruee en l’Egliſe par les Apoſtres. leroboam

252 813 1029 66 empeſchoit le peuple de retourner en leruſalẽ, de peur

256 857 1023 70 que le zele à la vraye religion ne les r’appelaſt à ſe rendre

255 908 1025 64 ſous le Roy venu de Dauid. Les Roys enfans du Pape, qui

255 954 1024 65 participẽt à la graiſſe, que le Pape tire par la ſuperſtition,

257 1001 1023 70 ne veulent pas qu’on ſe range au vray temple, c’eſt à dire

256 1047 354 63 à la pure Religion.

79 374 137 63 Gen.28.

91 420 30 82 19

454 89 618 74 MEMOIRES DE

299 1092 982 68 AR. Si eſt-ce qu’ils ne ſeront obeys en ce temps-cy

256 1138 1025 70 non plus que furent ceux d’Iſrael. Car touſiours y en a-il

253 1187 1027 66 de bons, comme on void qu’il fut dit à Elie qu’il en re¬

256 1233 1022 65 ſtoit ſept mille de purs. On void en la ſolennité de Paſ¬

256 1281 1024 63 ques, du temps d’Ezechias & Ioſias, qu’il en fut conuoqué

257 1328 1021 67 depuis Dã iuſqu’en Berſabee, qui y vindrẽeque du temps

255 1376 1024 64 de Ieſabel Abdia nourriſſoit cent Prophetes, & pluſieurs

250 1423 1030 65 autres enſeignemens, que lon peut recueillir des Prophe¬

257 1469 1023 64 tes qui monſtrent cela meſmes. Princes Chreſtiens,

256 1516 1023 67 conſiderez que, ſuyuant le dire de l’Apoſtre, on prie pour

257 1565 1021 57 vous, afin que ſous vous lon viue en toute pieté & hon¬

73 1614 175 66 qui s’ap¬

263 1607 1013 66 neſteté. Il faut que l’exemple en prouienne de vous, &

77 1665 171 57 pelẽt Chre

262 1654 1010 68 conſiderez que pieté eſt encores preferee à honneſteté.

250 1702 1023 67 S’il eſt dit, Honorez le Roy, il eſt dit auſsi Graignez Dieu.

253 1751 1021 62 Donnez à Cæſar ce qui eſt à Cæſar, mais auſsi à Dieu ce

257 1798 1018 66 qui eſt à Dieu. Il eſt dit qu’il n’y a qu’vn Pere, maiſtre &

253 1846 1023 59 ſeigneur commun de tous hommes & de la nature.

81 1893 160 74 Math.22.

265 1886 1011 67 Hors luy donc, il n’y a aucune paternité, maiſtriſe ne

252 1938 1027 68 domination, n’eſtans les ſuperieurs terriens que ſes mi¬

262 1984 1018 86 niſtres & lieutenans. Gonſiderez l’admonition d’Amos

80 1156 141 81 1. Rois.

79 1225 113 49 19.18.

79 1262 159 50 2. Chron.

80 1302 158 63 30.5.&35

81 1351 54 55 17.

76 1404 133 80 1.Rois.

81 1469 93 43 18.4.

76 1499 145 53 Remon¬

76 1538 169 61 ſtrãce aux

75 1582 136 53 princes

77 1702 119 56 ſtiens.

77 1810 154 64 2.Pier.2.

81 1944 67 51 21.

1232 2042 52 64 le
