1421 2252
215 40 87 73 114

206 116 1038 58 ſeuerement, voire meſme quand il n’y euſt eu que l’a¬

207 160 1039 63 mour de la patrie, la nation, & le peuple, qui eſt ſi dou¬

206 207 1040 64 ce choſe, que (fors Dieu) toutes autres y ſont poſtpo¬

206 253 1042 66 ſees. A ce propos (Cicero en ſes offices, met pour la pre¬

209 302 1039 60 miere choſe recommandee, les Dieux, la ſeconde le

214 346 1032 64 pays, & la troiſieſme les parents: & croy, que ce mot la¬

212 396 1034 64 tin patria, qui eſt deduit du nom de pere, & en genre

210 442 1036 68 fœminin eſt pour ſignifier que le pays eſt pere & mere

214 490 295 62 tout enſemble.

426 45 615 72 MEMOIRES DE

249 532 997 67 Po. Il ſe peut faire, & par ainſi le Roy qui en a la meil¬

214 580 1036 66 leure part, en doit tant plus auoir de ſoin que nul autre:

215 629 1036 54 ce qu’il fait, quand par les loix il entretient les liens d'v¬

216 676 1038 60 nité. Cela s’appelle la ſocieté ciuile, d’ou eſt le nom de

220 723 1033 63 peuple ou bien de cité. Gar peuple eſt vne multitude aſ¬

216 770 1034 59 ſociee ſous meſmes loix, & ſe dit ainſi, quand il y a plu¬

219 816 1036 63 ſieurs citez ſous vn meſme gouuernement. Cité en la¬

220 862 1038 56 tin veut dire vnité de citoyens, & deſſus tout cela eſt eſ¬

221 914 1034 61 leué vn prince, duquel l’affection doit eſtre comparee à

222 958 1036 64 la paternelle. S’il en auient autrement, il quitte le nom de

226 1004 1029 68 prince, pour celuy d’ennemi du genre humain, en deſpi¬

227 1055 817 60 tant le commun prince & pere des hommes.

57 1080 168 72 Quellecor

55 1136 164 52 reſpõdãce

56 1181 165 52 il y doit a¬

56 1219 164 49 uoir entre

58 1264 163 55 le Roy &

57 1302 163 72 ſes ſuiets.

270 1097 986 65 AR. Il faut donc, ſuiuant voſtre diſcours, neceſſaire¬

231 1144 1028 64 ment conclutre, qu’vne mutuelle correſpondance doit

234 1192 1029 64 eſtre entre le Roy & le peuple:le tout regardant à Dieu &

239 1242 1020 57 à l’equité. autrement de là procedent les ruines des eſtats.

236 1284 1027 65 Cela eſt auſſi bien dit pour les payens que pour les Chre

235 1334 1032 63 ſtiens. Car quant aux payens, encores qu’ils n’ayent la

249 1384 1015 56 grace d’eſtre illuminez par la parole de Dieu, à ſuiure

239 1425 1028 63 leur deuoir ſelon Dieu, ſi ont ils l’eſtincelle de la lumiere

240 1473 1027 63 de l’equité naturelle, qui les duit à tendre à l’vtilité publi

242 1520 1027 72 que. Car on void que leurs legiſlateurs ont approché de

245 1570 339 63 pres la loy diuine.

287 1610 982 68 Po. Cela eſt vray, ſi tant eſtoit que la loy n’aſſuie¬

242 1660 1033 67 tiſt que l’vne des parties, il n’y auroit pas droit que pour

244 1709 1030 67 celle qui ſeroit libre. Mais il y a loy entre les deux par¬

246 1760 1028 62 ties qui ordonne pactions & conuenances reciproques.

249 1807 1025 59 qui ne ſe peuuent, ny par le prince, ny par les ſuiets, ſans

250 1852 1027 60 iuſtice violer. Il y a vne loy, au 26. des digeſt. des parolles

252 1899 1023 81 preſcrittes, qui dit que l’obligation inſtituee du conſen¬

1129 1946 148 100 tement
