1378 2285
121 163 1032 67 cy apres, il faut conclurre qu’ils les peuuent auſſi demet¬

121 214 1034 61 tre, & par là ſont electeurs de leurs princes. Vray eſt que

124 258 1030 63 pour les biensfaits receus d’vne famille, les peuples le

124 308 1029 61 plus ſouuent en ont eſleu vn d’icelle, pour recognoiſſan¬

123 355 1031 61 ce:tellement que par telles voyes a eſté cõferee aux prin¬

121 401 1036 54 ces l’heredité des royaumes (compriſes leurs menees &

127 446 1028 64 pratiques) mais il apparoit qu’au regne de luda meſme,

125 493 1032 61 l'election y auoit lieu, auec la ſucceſſion. Car Dieu eſleut

124 540 1031 62 Dauid & ſa poſterité pour regir ſon peuple, aſſignãt qu’en

123 587 1028 60 icelle naiſtroit leſus Chriſt vray roy & vray heritier: &

121 632 1029 63 les aiſnez de la famille de Dauid n’ont pas touſiours ob¬

123 682 1030 59 renu le royaume, mais bien vn de la famille, qui auoit eſté

121 728 1034 56 eſleu de Dieu, ou des anciens du peuple. Et qu’il ne ſoit

119 775 1036 56 ainſi, Salomon n’eſtoit pas l’aiſné, & toutesfois fut eſleu

121 821 1033 63 de Dieu. Roboam ſon fils fut Roy, mais eſtant eſleu par

123 872 1034 59 les anciens des douze lignees. Auſurplus on void que le

123 915 1035 59 vray Roy Ieſus Chriſt n’eſt pas deſcendu de Salomon, &

121 966 1036 60 n’eſt parlé de ſa genealogie, ſinon en ſucceſſion legale,

120 1010 1038 57 cõme le recite ſainct Matthieu. Mais ſainct Luc monſtre

123 1056 1035 61 que quant à la ſucceſſion naturelle, il eſt deſcendu de Na¬

121 1103 1037 62 than fils de Dauid hors ceſt ordre ſucceſſif. On void quant

120 1151 1037 56 à ceſte election comment on en a vſé au couronnement

120 1197 1031 62 de loas & de Ioſias, & autres Roys, là ou le peuple les cõ¬

121 1245 1030 57 ſtitue ſur ſoy auec certaines conditions, faiſans alliance

118 1291 1033 60 entre Dieu, le Roy & le peuple. & à la verité ceſte façon de

120 1341 1031 57 creer les Roys, regarde à deux bonnes fins, l'vne pour ne

119 1386 1032 59 deſtituer le peuple de ſa liberté, & l’autre pour ne reiet¬

120 1431 1034 61 ter ingratement la famille qui auroit obligé le public: &

121 1480 1032 62 par ce meſme moyen ſe pouruoit à deux maux, l’vn que

123 1527 1031 58 quand la ſucceſſion hereditaire a lieu, ſouuent l’empire

121 1574 1033 59 eſchet à perſonnes indignes & tyranniques: l’autre que

120 1621 1033 55 quand la choſe va par ſimple election, c’eſt vne ouuerture

119 1668 1031 58 à ſeditions & guerres, par le moyen des partialitez qui s’y

123 1713 1031 66 pratiquent. Ainſi ſemble bien que ceſte forme ſoit la plus

120 1761 479 58 conuenable & temperee.

248 112 778 55 L'ESTAT DE FRANCE.

1083 124 58 44 97

168 1803 987 59 AR. Mais ſeroit. il loiſible de reuoquer en doute la

120 1853 1033 57 Royauté de celuy qui eſt proprement heritier & ſeigneur

120 1899 1034 64 du royaume, qu’il poſſede, cõme luy eſtant legitimement

121 1948 794 58 eſcheu par heredité procedant de ſes peres?

166 1991 983 87 Po. I'ay deſia reſpõdu, que la choſe eſt tellemẽt intro¬

966 2046 47 73 G
