1390 2261
295 82 69 83 94

289 143 1024 74 exhorte les Corinthiens de tranſiger amiablement aſa

284 203 1030 55 de n’aller deuant les iuges infideles, dautant que c'eſtoit

282 246 1030 65 ſcandale aux ignorans, qu’ils viſſent les diſſentions de¬

281 295 1029 64 Chreſtiens, & meſme les pourſuiure par aigreur & opi¬

280 341 1029 57 niaſtreté: mais qu’eſt-ce de ceſte ſubmiſſion à arbitrage,

279 388 1028 62 finon vn iugement? ou que ſont-ce arbitres? ſinon iuges,

279 434 1030 57 & vne repreſentation de l’office des premiers magiſtrats,

277 481 1031 61 qui ont eſté aux ſiecles paſſez, ſuyuant ce qui en à eſté ia

279 528 1030 58 dit. Sainct Paul leur ſera vn treſmauuais garand. Car en

284 574 1024 59 l'epiſtre aux Romains il commande expreſſement qu'on

280 623 1027 60 reſpecte le magiſtrat comme nous eſtant donné de Dieu.

492 90 611 69 MEMOTRES DE

109 572 164 76 Lom.13.1

326 668 981 63 AR. Ie ſuis bien aiſe, d’auoir entendu ces refutations

277 714 1030 58 faites biẽ à propos. Mais cela eſtãt reſolu, qu’il faut auoir

279 764 1028 62 magiſtrats pour le gouuernement, lequel vous ſemble

279 810 1024 62 entre tous les gouuernemens le plus celebre & deſirable.

107 864 174 51 Quel gou¬

107 906 162 60 uernemét

109 950 127 52 eſt plus

106 983 141 69 louable.

292 864 1013 47 Po. Il n’y en a point de ſi louable que la Monarchie.

288 898 1013 66 ce me ſemble. Cela a eſté debatu entre ces ſept grands

273 953 1030 56 conſeillers de Perſe: deſquels Othanes ſouſtenoit la De¬

277 996 1026 67 mocratie: Megabiſe l’Ariſtocratie:mais tout le reſte s’ad¬

277 1043 1023 59 ioignit à Daire, qui maintenoit la Monarchie, comme

275 1090 1024 63 dit Herodote au liure Thalia. Et à dire vray, il ſemble que

273 1136 1027 64 Dieu l’ait pour plus recõmandable, eſtãt la figure du gou

273 1184 1025 60 uernemẽt eternel & image de la diuine Monarchie, con¬

270 1228 1028 65 feree à ſon fils, ſeul dominateur, & Roy des Roys, & meſ¬

272 1279 1026 61 me que au premier patron de police qui eſt l’œconomie,

270 1330 1025 50 Dieu a inſtitué vn ſeul chef.qui eſt le pere de famille. ſri¬

270 1370 1024 64 ſtote en ſes politiques,liure premier, propoſe à ce pro¬

271 1418 1027 64 pos, par ſimilitude, les elemens: & dit, que de corps diuers

270 1463 1024 65 ils font vn corps mixte, auquel reſide vne harmonie, pro¬

268 1508 1028 65 cedant de ce que tous ſont contraints d’adherer à vn, qui

266 1560 1032 64 eſt la terre qui a plus de force que tous. La principauté

270 1610 1021 59 Royale & monarchique (comme il eſt à preſuppoſer)

270 1655 1026 59 a dõc ſa ſource de la paternelle œconomie, apres laquelle

271 1697 1022 64 ſoudain ſemble bien qu’en la ville d’Enoch que Cain ba¬

266 1744 1030 62 ſtit y euſt deslors forme de Monarchie. Et ſuyuant ceſte

267 1794 1028 61 raiſon les Roys ont eſté tenus comme les peres des

268 1841 1027 63 peuples, & meſmes en quelque pays en ont eù le nom:

260 1889 1028 59 comme les Abimelechs, qui eſt à dire, mon pere le Roy.

267 1934 1027 60 Ciceron au ſecond liure de ſes Offices dit, que la neceſ¬

266 1980 1029 102 fité vouloit, que pour euiter oppreſsion, le peupte eust

98 1690 154 78 Gen.4.17

92 1884 160 83 Gen.10.:

1141 2032 155 80 recours
