1395 2254
125 142 1018 74 des heritages, afin qu’ils ne fuſſent alienez des mains des

122 195 1017 73 naturels proprietaires & ſeigneurs, & void on que les pa

122 246 1017 60 triarches y achettent en poſſeſfion des ſepulchres com¬

122 291 1023 68 me arres de la reſurrection, qui met en iouyſſance les

123 338 1025 67 fideles de la vraye Ganaam. Voyla pourquoy Naboth

123 389 1025 63 refuſoit ce qui luy fut tyranniquement raui. Et quant

123 434 1022 66 à ce que vous pretendez que les loix humaines ſe doy¬

123 479 1026 66 uent conformer à ceſte authorité tyrannique, ſainct

125 525 1025 66 Auguſtin au 19. liu. de la cité de Dieu, chap. 21.le refute,

127 576 1023 63 monſtrant que tels appellent droit, ce qui peut eſtre plus

125 623 1028 63 toſt dit tort ou extorſion. Car ce peut eſtre acquiſition

125 669 1028 62 iniuſte, ou choſe de longue main vſurpee: mais droit

125 715 1028 63 eſt-ce qui decoule de la ſource de iuſtice, & ne peut eſtre

123 761 1030 61 dit droit, ce dont on a ſpolié autruy. Et quant à ce qui

125 808 1027 63 eſt commandé d’obeir & d’honnorer le Roy, il eſt cer¬

125 856 1027 63 tain qu’il le faut faire aux choſes ciuiles, & principalle¬

125 909 1029 56 ment conuenoit aux Chreſtiens eſpars & qui n’eſtoyent

128 950 1025 60 point admis en aucune charge publique. Mais cela n’em

128 995 1024 66 peſcha pas que Neron par l’authorité des puiſſances in¬

125 1044 1029 60 ferieures, ne fuſt condamné d’auoir vne fourche pendue

125 1090 1030 64 au col & fouetté iuſques à la mort: mais il preuint ce

125 1138 928 65 ſupplice en ſe procurant la mort par autre moyen.

223 86 747 69 L’ESTAT DE FRANCE,

1058 95 81 57 107

1146 195 149 98 Gen. 23¬

1148 246 58 84 16.

171 1184 984 64 AR. A ce que ie voy vous limitez toutes puiſſances

125 1237 1028 64 dans certains limites qui ne ſe doyuent point outre¬

126 1278 143 68 paſſer.

187 1316 967 73 PO. Ouy, car il n’y a empire infini, ſinon vn, qui

126 1372 1028 65 eſt celuy de l’Eternel, qui ne peut varier: & quant

126 1420 1027 65 aux princes terriens, il faut qu’ils ſoyent ce què dit

124 1470 1024 58 Pomponius Lætus: le prince, eſt vne loy parlante.

126 1513 1026 68 la loy, eſt vn prince muet : car de ſoy il n’eſt ſinon

126 1564 180 58 homme.

170 1596 980 73 AR. Comment mettez vous ainſi le prince à l'eſtroit?

126 1667 1027 48 ſi cela auoit lieu, il vaudrort mieux eſtre vn du commun

127 1705 346 63 que d’eſtre prince.

169 1744 985 65 PO. C’eſt belle choſe que d’eſtre en ceſte eminence.

126 1794 1026 60 & de dominer, &  vne belle charge pour vn homme de

125 1839 1028 63 bien, qui en icelle repreſente la maieſté de Dieu, & eſt

126 1888 1029 57 comme tuteur du public: mais quand il en vſe autrement

123 1934 1032 64 malheur pour luy. Le gouuernement d’Iſrael doit auec

125 1993 1022 78 fanont martou. hanedume lepat. pous tien & legi¬
