1436 2257
268 63 95 63 130

263 126 290 62 Dieu meſmes.

307 169 993 62 Po. Quant aux Iſraelites, preſque tous abandonnerent

265 216 1034 64 le vray fils de Dauid, ſe ſeparans du Royaume, quant ils

265 270 1034 56 eſleuerent l’idolatrie en Dan & en Bethel, & renoncerent

267 313 1032 60 au vray temple & ſeruice, mais non tous, comme il ap¬

273 354 1028 66 pert, quand Ezechias & Ioſias celebrerent la ſolennité

274 405 1025 63 de la Paſque, où pluſieurs Iſraelites eſtans conuiez ſe trou

272 453 1024 62 uerent, pour verification de ce que Dieu auoit dit à Elie,

273 499 1026 62 que ſept mille d’iceux eſtoyent exempts d’auoir fleſchy

273 547 1027 62 le genouil deuant Baal. Et quant à Lobna, il ſemble

273 594 1027 60 bien qu’elle retourna en l’obeiſſance des Roys de luda,

274 639 1029 56 quand l’idolatrie en fut hors. Car Ioſias qui eſtoit

275 687 1028 62 Roy ſi ſainct & politique, y print alliance, eſpouſant la

282 731 1016 66 fille de Ieremie de Lobna, comme il eſt dit en l’hiſtoire

275 781 155 72 ſaincte.

95 337 154 61 2.Chron.

97 393 156 59 30.1.&34

94 453 163 64 1.Rois 19.

101 514 43 60 18

468 47 602 79 MEMOIRES DE

97 724 164 69 2.Rois 13

102 851 126 80 1. Rois

104 915 79 63 16.9

319 825 962 67 AR. N’y en a-il plus que vous ne puiſsiez alleguer?

321 877 980 60 Po. Si a bien. Il ſe trouue que Achas, pere d’Eze¬

278 922 1025 62 chias, par conuenances accordees s’eſtoit rendu tribu¬

280 969 1023 61 taire du Roy des Aſſyriens. Ezechias ſon ſucceſſeur

283 1018 1018 61 voyant qu’il auoit afaire à vn tyran, qui vouloit triom¬

279 1063 1029 62 pher du Dieu de Iuda, comme il ſe vantoit de faire des

275 1117 1033 57 autres dieux, ſe reuolta de luy. Eſtant aſſailli il fut

277 1159 1031 62 ſecouru par l’Ange, qui desfit l’armee de ce tyran¬

284 1206 1025 60 Cyrus ayant donné permiſsion à Zorobabel & Eſdras

283 1252 1027 60 de remener le peuple & reedifier le temple, ſon edit ſe

279 1300 1029 60 reuoque par ſes ſucceſſeurs: au moyen dequoy depuis,

291 1346 1017 57 ſous Nehemie, les Iuifs tenoyent l’outil pour baſtir d’vne

284 1393 1025 60 main, & les armes pour ſe defendre de l’autre. Celuy que

285 1440 1024 58 les Iuifs ordinairement nomment Nebuchadnezar, vou¬

287 1490 1023 53 lut par ſon lieutenant Holopherne ſe faire reconoiſtre

290 1542 1021 51 pour Dieu, & enuoya armee en Iudee pour ceſt effect.

289 1582 1022 59 Mais encores que les luifs luy fuſſent aſſuiettis, Bethulie

295 1623 1018 58 s’arma, ludith tua Holopherne, & deliura Iſrael: & le

290 1673 1019 63 ſacrificateur Ioachim vint de Ieruſalem en Bethulie pour

293 1722 1018 62 benir çeſt acte. Antiochus l’illuſtre ayant aſſuietty la

290 1769 1020 62 Iudee, voulut tyranniquement forcer les Iuifs contre

304 1813 1005 67 leur conſcience. Mathatias homme de la race de Leui,

289 1864 1021 58 au iour meſme du Sabbath prit les armes, pour deſtour¬

292 1912 1022 69 ner la violence qui tendoit à la ruine publique en haine

292 1957 283 88 de la Religion,

106 1107 133 72 2.Rois

114 1158 85 90 187

112 1341 166 86 Néhe.4.17

114 1621 151 67 Iudith 4.

117 1676 140 46 7,13.1o,

117 1706 118 69 & 15.8

120 1807 164 81 1. Mæha.

121 1862 112 80 1.141

1230 2007 91 74 AR.
