1364 2254
200 83 105 66 104

200 137 1032 70 ſoulageant le peuple, ſe ſouciant du public, faiſant reſpe¬

195 189 1035 58 cter les loix, & ne theſauriſant par trop. Tels moyens

197 240 1032 55 di-ie, de douceur & de ſage conduite feront tenir le tyran

199 291 1029 58 pour Roy & ſa tyrannie Royauté, & en fin deuenir cela

195 331 1029 63 meſmes. Au cõtraire, le Roy naturel, qui cõmande à per¬

197 380 1031 58 ſonnes libres, & volontaires, deuient tyran, & ſa Royauté

200 429 1027 61 tyrãnie, quãd il prend les mœurs & enſeignes tyrãniques.

200 474 1028 61 Car il doit rapporter toutes ſes actions à ce but, d’obte¬

197 520 1030 62 nir que ſes ſuiets l’eſtiment œconome, & non oppreſſeur.

199 568 1028 59 Mais on void qu’il eſt comme impoſsible, que les hõmes

197 616 1029 61 ſe tiennent cois en ceſte grãdeur & proſperité, ſans mon¬

197 667 1031 55 ſtrer leur corruption qui tend à exces. Platon au 3. liure

200 711 1023 61 des loix confere (à propos des exces des gouuernemẽs)

197 758 1026 59 deux eſtats contraires en police, aſauoir la Monarchie

199 806 1025 51 des Perſes, & la Democratie des Atheniens, tous deux

199 849 1024 56 extremes en leurs eſpeces. L’eſtat (dit-il) pour demeu¬

194 897 1028 54 rer heureux, doit diſtribuer les honneurs & peines droi¬

197 950 1029 56 tement, & faut en iceluy que les biens de l’ame ſoyent

196 993 1026 57 honnorez ou ſe trouue temperance, puis ceux du corps,

195 1038 1028 63 puis ceux des cheuances. Que ſi les chefs tranſgreſſent

194 1086 1025 54 ceſt ordre, preferans quelque choſe poſterieure ils ne fe¬

194 1133 1029 60 ront acte ne ſainct ne politic. Les Perſes ont oſté trop la

191 1177 1028 62 liberté au peuple, introduiſans vne authorité de ſeigneu¬

189 1227 1029 57 rie, plus abſolue, qu’il n’eſtoit pas conuenable: au moyen

189 1273 1027 60 dequoy ils ont perdu l’amitié d’iceluy & la communion

189 1319 1033 58 de l’eſtat. Cela eſtant perdu, les Princes ne regardent

191 1366 1028 62 plus à l’vtilité populaire, ains à la conſeruation de leur

191 1415 1026 60 authorité, ſans eſpargner villes ne nations, & en hayſſant

189 1458 1028 60 hoſtilément & ſans miſericorde, ſe ſont ſemblablement

190 1511 1022 58 fait hair, & n’ont plus eu le cœur des hommes, pour com¬

190 1554 1026 56 batre pour eux, ni pour leur obeir volontairement,

189 1600 1027 62 ains la trop grande ſeruitude a demonſtré ſon vice, dau¬

189 1650 910 60 tant qu’elle a empeſché la longue duree de l’eſtat.

409 76 610 71 MEMOIRES DE

234 1694 983 64 AR. Voila vn bel exemple pour les Princes d’au¬

189 1741 938 55 iourdhuy. Et quant aux Atheniens, qu’en dit Platon?

234 1789 980 60 Po. Il dit au contraire que la liberté de ceſt eſtat non

189 1834 1023 64 ſuiet aux magiſtrats, ains ſeulement aux loix ſans autre

189 1887 1023 60 moyen, a tenu l’autre oppoſite extremité, dautant qu’elle

190 1930 1028 61 n’a eſté temperee, par conuenable domination d’iceux:

189 1974 1019 100 mais en fin par le commun danger de leur republique ils

1083 2026 129 80 furent
