1409 2261
236 97 88 95 132

228 172 1023 77 chaſſerent en perpetuel banniſſemẽt. Boſon roy de Bour

231 237 1022 60 gogne, fut de treſmauuais gouuernement. ceux dAutun

226 275 1027 64 ne le pouuans plus ſouffrir s’allierent de Louys & Carlo¬

227 321 1028 68 man qui les mirent en liberté. Marie Royne d’Eſcoſſe

227 368 1027 69 eſtaut chatgée de la mort de ſon mari a eſté conſtituee

226 414 1024 73 priſonniere par ſes ſuiets. Ainſi mon frere, lon void qu’il

227 464 1023 69 y avne concordance en tous peuples ſous ceſte loy gene

226 512 1025 65 rale, qui veut que les meſchans princes ſoyent chaſtiez.

226 556 1024 70 Que ſi les princes qui ſont auiourdhuy veulẽt impugner

224 604 1027 69 ceſte puiſſance des peuples, qu’ils ſachent qu’ils ſont tous

226 653 1023 65 veſtus des deſpouilles de ceux que les peuples ont de¬

223 702 1028 67 ueſtus, pour les en veſtir, & qu’il faut donc pour l’aneantir,

224 747 1025 66 qu’on ramene les heritiers des deueſtus, pour les remet¬

224 791 1020 68 tré au lieu de ceux qui regnent auiourdhuy: à quoy i'eſti¬

224 840 745 68 me qu’ils ne conſentiront pas volontiers.

426 118 636 71 MEMOTRES DE

268 889 982 64 AR. Voicy merueilles ! comment donc les peuples

224 934 1024 69 ont-ils laiſſé monter en ſi haut degré de puiſſance les

228 984 444 68 princes commeils ſont?

271 1023 977 69 Po. Les peuples ſont ainſi aiſez à piper: mais à l'ex¬

227 1075 1021 63 tréme neceſſiré ils ſe reſentent, & conoiſſent que ce

228 1130 1017 69 n’eſt que perfidie de tout ce que les princes leur iu¬

228 1175 116 61 rent.

49 1238 173 63 De la per¬

47 1285 150 54 fidie &

49 1366 62 62 té.

267 1208 844 74 AR. Ie tien la perfidie pour vn mal notable.

267 1279 983 49 Po. Ouy, ſur tout à vn prince, duquel le ſuiet ne peut

47 1311 1204 71 deſloyau- auoir autre gage que la foy. Iſocrates aux enſeignemens

223 1356 1028 69 à Nicocles dit, que tels ont ce ver qui les ronge, qu’ils ſe

226 1404 1024 61 desfient & d’amis &d’ennemis. Soyez, dit-il, touſiours ve¬

224 1452 1026 66 ritable, & tenez ce que vous promettez, tellement que

222 1494 1030 67 lon adiouſte plus de foy à voſtre parole, qu'au ſerment

226 1546 1025 64 d’vn autre. La mauuaiſe adminiſtratipn d'vn prince,

223 1604 1027 54 monſtre deſia que là foy generalement donnee à ſon

226 1639 1028 68 peuple, eſt par luy violee: mais quand peur tauſe ſpeciale,

222 1686 1029 62 il leut a ſolennellement promis & iuré quelque choſe, le

219 1733 1031 69 forfait redouble. Valere le grand monſtre, que ſouuent

221 1778 1025 67 les Phaliſques s'eſtans rebellez tontre les Romains leur

219 1826 1026 71 ville fut aſſiegee & rendue au conſul Luctarius, qui pro¬

222 1875 1021 70 poſa de la faire raſer contre la capitulation. Mais Papi¬

218 1923 1032 67 rius notaire qui l’auoit dreſſee, dit, que cela n’eſtoit con¬

217 1967 1039 94 uenable au nom Romain,& que les Phaliſques s’eſtoyent

1116 2017 142 84 rendus
