1404 2259
138 153 1027 74 perſecution qu'on leur mettoit ſus pour cauſe de la Re¬

133 217 1034 65 ligiõ. Vn peu de temps apres, les Chreſtiens, qui eſtoyen

138 262 1027 63 vexez par ce meſme tyran en ſes pays, requirent Con¬

133 308 1031 65 ſtantin de les venir ſecourir, ce qu’il fit auec les armes.

133 353 1032 67 Depuis ledit Conſtantin eut guerre pour la Religion con

134 399 1030 65 tre Licinius ſon aſſocié, lequel il deffit. Cecy eſt traitté

133 449 1029 70 par Nicephore en ſon hiſtoire Eccleſiaſtique. Et d’autant

135 494 1024 69 qu’on allegue, que les ſaincts perſonnages & anciens do¬

133 542 1031 66 cteurs ont touſiours contredit à telles deffenſes contre

133 589 1028 62 l’oppreſſion tyrannique, qui veut contraindre à apoſtaſie,

133 636 1031 65 en ces temps que i’ay dit viuoyent Macaire, eueſque de

133 680 1033 70 Ieruſalem, le docteur Lactance Firmian. Paphuntius, eueſ

134 729 1027 71 que de Thebes en Egypte, Spiridion eueſque en Cypre,

134 776 1030 67 Antoine moine Egyptien fort familier de Conſtantin, &

133 823 1031 69 Athanaſe le grand eueſque d’Alexandrie, leſquels on ne

133 872 1029 59 trouue auoir iamais preſché ne eſcrit au cõtraire. Outre¬

133 917 1026 70 plus le meſme autheur recite, que du temps de l’Empe¬

134 967 1027 59 reur Theodoſe le ieune, les Chreſtiens refidens en Perſe

131 1012 1031 64 eſtans tourmentez par Varanes leur Roy, requirent ledit

133 1059 1031 66 Empereur, de les garentir de perſecution, ce qu’il fit à

133 1105 1029 64 la ſuggeſtion & requeſte d’Atticus Eueſque de Conſtã¬

134 1153 1035 65 tinople, & ne ſe trouue point que S. Cyrille eueſque d’Ale

133 1198 1036 68 xandrie, S. Ambroiſe Eueſque de Milan, & S. Auguſtin E¬

134 1247 1040 69 ueſque de Hippo, qui viuoyent en ce temps là, ayent deſ

135 1295 1035 60 conſeillé ne condamné ceſte entrepriſe. Du temps de Iu¬

133 1340 1039 69 ſtin ſecond du nom, Empereur, les Armeniens, auec l'aide

131 1386 1039 69 des armes Romaines ſecouerent le ioug de Sapores leur

136 1435 1036 65 Roy & tyran. De ce temps la viuoit Pelagius Eueſque de

136 1480 1035 71 Rome, & le grand Gregoire, reputé pour vn des docteurs

133 1528 1039 68 de l’Egliſe, & le moine Caſſiodore qui a eu grand bruit

133 1576 1039 63 entre les Chreſtiens: qui n’ont autrement repris Iuſtin, ni

130 1621 1041 71 les Armeniens pour ce fait. Voyla les armes priſes pour

134 1671 1038 67 la Religion de prince à prince, de ſuiets à ſuperieurs, &

131 1718 1043 62 de ſuiets ſuſcitans les eſtrangers à leur ſecours, contre

133 1767 1039 67 leurs princes tyranniſans. Le meſme Nicephore dit plu¬

134 1812 1036 61 outre, que luſtine mere de Valentinian Empereur, vou¬

133 1857 1038 69 lut abolir, ce qui auoit eſté ſaintement decreté au Conci¬

133 1905 1037 69 le de Nicee pour eſtablir l’opinion Arienne du concile

135 1952 1032 62 d’Arimini:& d’autant que S. Ambroiſe Eueſque de Milan

134 1999 1031 84 n’y voulut adherer elle le calomnia vers l’Empereur ſon

235 94 773 73 L’ESTAT DE FRANCE.

1083 124 72 42 131
