<?xml version="1.0" encoding="UTF-8"?>
<alto xmlns:xsi="http://www.w3.org/2001/XMLSchema-instance"
      xmlns="http://www.loc.gov/standards/alto/ns-v4#"
      xsi:schemaLocation="http://www.loc.gov/standards/alto/ns-v4# http://www.loc.gov/standards/alto/v4/alto-4-2.xsd">
  <Description>
    <MeasurementUnit>pixel</MeasurementUnit>
    <sourceImageInformation>
      <fileName>page_00057.png</fileName>
    </sourceImageInformation>
  </Description>
  <Tags>
    <OtherTag ID="BT7" LABEL="CustomZone" DESCRIPTION="block type CustomZone"/><OtherTag ID="BT8" LABEL="DamageZone" DESCRIPTION="block type DamageZone"/><OtherTag ID="BT9" LABEL="DigitizationArtefactZone" DESCRIPTION="block type DigitizationArtefactZone"/><OtherTag ID="BT10" LABEL="DropCapitalZone" DESCRIPTION="block type DropCapitalZone"/><OtherTag ID="BT11" LABEL="GraphicZone" DESCRIPTION="block type GraphicZone"/><OtherTag ID="BT12" LABEL="MainZone" DESCRIPTION="block type MainZone"/><OtherTag ID="BT13" LABEL="MarginTextZone" DESCRIPTION="block type MarginTextZone"/><OtherTag ID="BT14" LABEL="MusicZone" DESCRIPTION="block type MusicZone"/><OtherTag ID="BT15" LABEL="NumberingZone" DESCRIPTION="block type NumberingZone"/><OtherTag ID="BT17" LABEL="QuireMarksZone" DESCRIPTION="block type QuireMarksZone"/><OtherTag ID="BT18" LABEL="RunningTitleZone" DESCRIPTION="block type RunningTitleZone"/><OtherTag ID="BT19" LABEL="SealZone" DESCRIPTION="block type SealZone"/><OtherTag ID="BT20" LABEL="StampZone" DESCRIPTION="block type StampZone"/><OtherTag ID="BT21" LABEL="TableZone" DESCRIPTION="block type TableZone"/><OtherTag ID="BT22" LABEL="TitlePageZone" DESCRIPTION="block type TitlePageZone"/><OtherTag ID="BT100006" LABEL="MainZone-Continued" DESCRIPTION="block type MainZone-Continued"/><OtherTag ID="BT100001" LABEL="MainZone-Head" DESCRIPTION="block type MainZone-Head"/><OtherTag ID="BT100005" LABEL="MainZone-P" DESCRIPTION="block type MainZone-P"/><OtherTag ID="BT100008" LABEL="MainZone-Sp" DESCRIPTION="block type MainZone-Sp"/><OtherTag ID="BT100009" LABEL="MarginTextZone-Notes" DESCRIPTION="block type MarginTextZone-Notes"/><OtherTag ID="BT100011" LABEL="MainZone-Entry" DESCRIPTION="block type MainZone-Entry"/><OtherTag ID="BT100002" LABEL="MainZone-Lg" DESCRIPTION="block type MainZone-Lg"/>
    <OtherTag ID="LT7" LABEL="CustomLine" DESCRIPTION="line type CustomLine"/><OtherTag ID="LT8" LABEL="DefaultLine" DESCRIPTION="line type DefaultLine"/><OtherTag ID="LT9" LABEL="DropCapitalLine" DESCRIPTION="line type DropCapitalLine"/><OtherTag ID="LT10" LABEL="HeadingLine" DESCRIPTION="line type HeadingLine"/><OtherTag ID="LT11" LABEL="InterlinearLine" DESCRIPTION="line type InterlinearLine"/><OtherTag ID="LT12" LABEL="MusicLine" DESCRIPTION="line type MusicLine"/><OtherTag ID="LT746" LABEL="default" DESCRIPTION="line type default"/>
  </Tags>
  <Layout>
    <Page WIDTH="1395"
          HEIGHT="2254"
          PHYSICAL_IMG_NR="56"
          ID="eSc_dummypage_">
      <PrintSpace HPOS="0"
                  VPOS="0"
                  WIDTH="1395"
                  HEIGHT="2254">
        <TextBlock HPOS="226"
                   VPOS="85"
                   WIDTH="92"
                   HEIGHT="66"
                   ID="eSc_textblock_4e043f98"
                   TAGREFS="BT15">
          <Shape><Polygon POINTS="226 85 226 151 318 151 318 85"/></Shape>
          <TextLine ID="eSc_line_7ba4ce94"
                    TAGREFS="LT8"
                    BASELINE="302 141 248 139" 
                    HPOS="244"
                    VPOS="75"
                    WIDTH="56"
                    HEIGHT="73">
            <Shape><Polygon POINTS="246 138 244 148 261 148 280 148 298 148 300 140 300 75 246 82 246 138"/></Shape>
	    <String CONTENT="136"
                    HPOS="244"
                    VPOS="75"
                    WIDTH="56"
                    HEIGHT="73"></String>
          </TextLine>
        </TextBlock>
        <TextBlock HPOS="231"
                   VPOS="160"
                   WIDTH="1048"
                   HEIGHT="288"
                   ID="block_0"
                   TAGREFS="BT100008">
          <Shape><Polygon POINTS="1279 160 1279 448 231 448 231 160"/></Shape>
          <TextLine ID="line_1"
                    TAGREFS="LT8"
                    BASELINE="279 195 1269 200" 
                    HPOS="279"
                    VPOS="150"
                    WIDTH="990"
                    HEIGHT="74">
            <Shape><Polygon POINTS="279 195 279 216 315 211 464 217 492 219 493 219 494 219 497 219 517 212 534 219 539 220 540 220 542 220 543 220 547 219 563 212 618 212 644 219 646 219 647 219 648 219 694 212 705 220 706 220 707 220 708 220 723 220 822 214 912 220 914 220 915 220 930 214 946 221 947 221 949 221 950 221 955 221 1003 215 1029 221 1033 222 1034 222 1035 222 1045 221 1088 216 1105 222 1108 222 1109 222 1110 224 1268 224 1269 200 1269 155 1148 154 1147 154 1145 154 1144 154 1143 155 1133 161 1118 155 1115 154 1114 154 1113 154 1104 155 1073 160 1053 155 1048 154 1046 154 1045 154 1044 154 1041 155 1024 164 1009 156 1008 156 1006 156 956 162 937 155 936 155 935 155 934 155 932 155 931 155 906 164 776 164 741 156 728 154 727 154 726 154 717 156 693 161 664 156 651 154 649 154 648 154 647 154 644 156 634 162 579 162 572 156 567 152 566 152 564 152 563 152 562 152 547 156 527 161 489 161 480 156 467 150 465 150 464 150 423 156 400 161 346 161 338 156 320 150 319 150 318 150 316 150 304 157 298 160 279 157 279 195"/></Shape>
	    <String CONTENT="AR. Eſtimerez-vous le public vne partie du peuple"
                    HPOS="279"
                    VPOS="150"
                    WIDTH="990"
                    HEIGHT="74"
                    WC="0.9986723345153186"></String>
          </TextLine>
          <TextLine ID="line_2"
                    TAGREFS="LT8"
                    BASELINE="235 242 1269 245" 
                    HPOS="235"
                    VPOS="212"
                    WIDTH="1034"
                    HEIGHT="58">
            <Shape><Polygon POINTS="235 242 235 266 363 260 395 266 406 267 408 267 423 266 463 260 473 265 478 267 479 267 480 267 482 267 487 265 499 260 564 260 574 265 581 267 582 267 583 267 597 265 613 261 629 265 646 267 647 267 723 264 781 261 786 264 797 269 798 269 800 270 1066 270 1066 269 1099 261 1103 261 1106 261 1145 269 1147 269 1148 269 1149 269 1158 261 1159 261 1163 261 1233 267 1234 267 1268 260 1269 245 1268 214 235 212 235 242"/></Shape>
	    <String CONTENT="pluſtoſt que l’autre partie qui eſt plus grande, qui adhere¬"
                    HPOS="235"
                    VPOS="212"
                    WIDTH="1034"
                    HEIGHT="58"
                    WC="0.9915085126956303"></String>
          </TextLine>
          <TextLine ID="line_3"
                    TAGREFS="LT8"
                    BASELINE="232 288 1269 294" 
                    HPOS="232"
                    VPOS="251"
                    WIDTH="1037"
                    HEIGHT="65">
            <Shape><Polygon POINTS="232 288 232 309 439 305 518 309 576 313 577 313 599 309 621 306 632 309 647 314 648 314 649 315 746 315 746 314 747 314 756 309 758 308 761 309 766 314 767 314 768 314 920 315 921 315 949 309 955 309 976 309 1113 316 1114 316 1268 309 1269 294 1269 256 1205 256 1204 256 1203 256 1202 256 1188 265 1130 265 1109 256 1108 256 1106 256 1105 256 1070 264 998 264 978 256 972 255 971 255 970 255 969 255 965 256 951 262 801 256 775 256 773 256 761 256 707 261 667 257 624 252 623 252 602 257 589 260 581 257 568 252 567 252 566 252 502 257 467 260 453 257 420 251 419 251 418 251 416 251 406 257 404 259 403 257 389 251 388 251 386 251 385 251 365 257 360 259 350 257 299 251 298 251 232 257 232 288"/></Shape>
	    <String CONTENT="ra à vn Prince ia des long temps reconu: &amp; voudrez-vous"
                    HPOS="232"
                    VPOS="251"
                    WIDTH="1037"
                    HEIGHT="65"
                    WC="0.988277538546494"></String>
          </TextLine>
          <TextLine ID="line_4"
                    TAGREFS="LT8"
                    BASELINE="235 335 1266 339" 
                    HPOS="235"
                    VPOS="300"
                    WIDTH="1031"
                    HEIGHT="58">
            <Shape><Polygon POINTS="235 335 235 358 1264 355 1266 339 1264 311 1213 304 1212 304 983 308 892 309 887 306 880 303 879 303 877 303 855 306 837 309 726 305 656 303 654 303 642 304 607 309 577 304 564 301 563 301 527 303 425 308 325 301 324 301 323 301 300 308 235 300 235 335"/></Shape>
	    <String CONTENT="permettre que contre le Prince, &amp; ceſte partie qui luy"
                    HPOS="235"
                    VPOS="300"
                    WIDTH="1031"
                    HEIGHT="58"
                    WC="0.9676204401033895"></String>
          </TextLine>
          <TextLine ID="line_5"
                    TAGREFS="LT8"
                    BASELINE="231 381 1268 388" 
                    HPOS="230"
                    VPOS="345"
                    WIDTH="1038"
                    HEIGHT="69">
            <Shape><Polygon POINTS="231 381 230 400 251 408 252 408 254 408 350 403 351 403 354 403 439 410 440 410 549 405 577 404 579 405 586 410 587 410 588 410 589 410 720 408 812 405 836 409 861 413 862 413 864 413 871 409 876 406 905 410 932 413 934 413 971 410 1036 406 1063 411 1075 414 1076 414 1104 413 1172 408 1266 414 1268 388 1268 359 1234 350 1233 350 1232 350 1133 358 1125 358 1120 358 1060 349 1059 349 1058 349 1036 356 1036 358 951 358 949 356 921 349 920 349 919 349 917 349 916 349 906 356 905 358 860 358 859 356 850 349 850 348 849 348 847 348 846 348 735 354 712 348 711 348 710 348 708 348 707 348 696 355 687 355 619 349 618 349 484 354 463 354 460 354 449 346 448 346 447 346 445 346 346 353 341 353 340 353 331 345 330 345 329 345 328 345 231 351 231 381"/></Shape>
	    <String CONTENT="adhere, ceſte autre moindre ſe face des cheſs de part &amp;"
                    HPOS="230"
                    VPOS="345"
                    WIDTH="1038"
                    HEIGHT="69"
                    WC="0.9908748095685785"></String>
          </TextLine>
          <TextLine ID="line_6"
                    TAGREFS="LT8"
                    BASELINE="229 429 584 432" 
                    HPOS="227"
                    VPOS="394"
                    WIDTH="357"
                    HEIGHT="58">
            <Shape><Polygon POINTS="229 429 227 452 583 448 584 432 582 395 528 401 504 395 500 395 499 395 498 395 462 396 369 400 366 398 363 395 363 394 361 394 360 394 359 394 229 399 229 429"/></Shape>
	    <String CONTENT="nouueaux princes?"
                    HPOS="227"
                    VPOS="394"
                    WIDTH="357"
                    HEIGHT="58"
                    WC="0.9998938897076775"></String>
          </TextLine>
        </TextBlock>
        <TextBlock HPOS="428"
                   VPOS="88"
                   WIDTH="618"
                   HEIGHT="68"
                   ID="block_3"
                   TAGREFS="BT18">
          <Shape><Polygon POINTS="1046 88 1046 156 428 156 428 88"/></Shape>
          <TextLine ID="line_0"
                    TAGREFS="LT8"
                    BASELINE="435 136 721 135 722 135 1059 142" 
                    HPOS="432"
                    VPOS="88"
                    WIDTH="626"
                    HEIGHT="81">
            <Shape><Polygon POINTS="921 88 434 88 432 155 520 163 547 152 594 163 688 152 733 165 846 154 876 169 941 169 1026 155 1052 165 1058 140 1058 90 921 88"/></Shape>
	    <String CONTENT="MEMOIRES DE"
                    HPOS="432"
                    VPOS="88"
                    WIDTH="626"
                    HEIGHT="81"></String>
          </TextLine>
        </TextBlock>
        <TextBlock HPOS="213"
                   VPOS="443"
                   WIDTH="1059"
                   HEIGHT="1563"
                   ID="block_4"
                   TAGREFS="BT100008">
          <Shape><Polygon POINTS="1272 443 1272 1996 213 2006 227 445"/></Shape>
          <TextLine ID="line_7"
                    TAGREFS="LT8"
                    BASELINE="270 478 1266 483" 
                    HPOS="269"
                    VPOS="438"
                    WIDTH="997"
                    HEIGHT="67">
            <Shape><Polygon POINTS="270 478 269 495 523 502 524 502 557 497 564 495 571 497 594 503 596 503 597 503 598 503 617 497 619 495 623 497 641 503 642 503 643 503 698 497 712 495 722 497 768 504 770 504 771 504 793 498 921 504 922 504 990 497 996 497 998 497 1015 505 1016 505 1018 505 1019 505 1050 498 1098 504 1099 504 1264 497 1266 483 1266 453 1239 442 1238 442 1237 442 1235 442 1210 452 1162 444 1160 444 1159 444 1140 452 1139 453 1079 453 1070 450 1016 440 952 440 951 440 950 440 949 440 940 447 870 442 869 442 867 442 854 448 849 450 844 448 822 440 821 440 820 440 818 440 798 448 791 450 671 449 666 447 652 439 651 439 649 439 583 442 582 442 581 442 577 445 572 449 555 445 543 443 542 443 540 443 535 445 525 449 448 449 437 444 422 438 420 438 419 438 418 438 406 444 398 448 270 443 270 478"/></Shape>
	    <String CONTENT="Po. Si vne partie du corps ſe plaint d’eſtre extreme¬"
                    HPOS="269"
                    VPOS="438"
                    WIDTH="997"
                    HEIGHT="67"
                    WC="0.983149675828106"></String>
          </TextLine>
          <TextLine ID="line_8"
                    TAGREFS="LT8"
                    BASELINE="229 524 1264 530" 
                    HPOS="227"
                    VPOS="487"
                    WIDTH="1037"
                    HEIGHT="65">
            <Shape><Polygon POINTS="229 524 227 538 296 545 298 545 549 543 642 542 649 544 664 548 666 548 667 548 761 545 832 543 841 545 850 549 851 549 852 549 939 547 1055 544 1079 549 1089 550 1090 552 1263 552 1264 530 1263 500 1124 492 1123 492 1084 498 1075 499 1073 498 1058 490 1056 490 1055 490 902 497 851 498 846 495 831 489 830 489 828 489 827 489 808 495 803 498 755 498 751 495 738 489 737 489 736 489 661 494 632 495 613 493 569 488 568 488 530 493 508 495 479 492 450 489 449 489 430 492 414 494 403 492 386 487 385 487 384 487 348 490 318 494 229 490 229 524"/></Shape>
	    <String CONTENT="ment greuee, il faut conſiderer la cauſe de ſes plaintes,"
                    HPOS="227"
                    VPOS="487"
                    WIDTH="1037"
                    HEIGHT="65"
                    WC="0.9977733241884332"></String>
          </TextLine>
          <TextLine ID="line_9"
                    TAGREFS="LT8"
                    BASELINE="229 571 1263 574" 
                    HPOS="227"
                    VPOS="542"
                    WIDTH="1036"
                    HEIGHT="55">
            <Shape><Polygon POINTS="1256 548 1243 548 1230 548 1218 548 1205 548 1193 548 1180 548 1168 548 1155 548 1143 548 1130 548 1118 548 1105 548 1093 548 1080 548 1068 548 1055 548 1043 548 1030 548 1018 548 1005 548 993 548 980 548 967 548 955 548 942 548 930 548 917 548 905 548 892 548 880 548 867 548 855 548 842 548 830 548 817 548 805 548 792 548 780 548 767 548 755 548 742 548 730 548 717 548 705 548 692 548 679 548 667 548 654 548 642 548 629 548 617 548 604 548 592 548 579 548 567 548 554 548 542 548 529 548 517 548 504 548 492 548 479 548 467 548 454 548 442 548 429 548 416 548 404 548 391 548 379 548 366 548 354 548 341 548 329 548 316 548 304 548 291 548 279 548 275 542 229 542 229 571 227 586 272 594 274 594 275 594 303 588 364 594 365 594 528 588 597 596 598 596 599 596 613 589 642 596 643 596 827 589 917 597 919 597 1262 589 1263 574 1262 548 1256 548"/></Shape>
	    <String CONTENT="&amp; la ſoulager ſi la iuſtice l’ordonne. S’il y a conſpiration"
                    HPOS="227"
                    VPOS="542"
                    WIDTH="1036"
                    HEIGHT="55"
                    WC="0.9919017513593038"></String>
          </TextLine>
          <TextLine ID="line_10"
                    TAGREFS="LT8"
                    BASELINE="230 618 1263 623" 
                    HPOS="229"
                    VPOS="581"
                    WIDTH="1034"
                    HEIGHT="66">
            <Shape><Polygon POINTS="230 618 229 633 261 643 262 643 264 643 454 636 518 644 519 644 559 637 584 644 586 644 587 646 657 646 657 644 658 644 673 637 684 644 686 644 687 644 747 646 748 646 820 638 851 646 852 646 854 646 916 639 1056 647 1058 647 1099 639 1130 647 1132 647 1133 647 1262 638 1263 623 1263 592 1242 584 1240 584 1132 584 1130 584 1129 584 1128 584 1118 591 1115 592 1095 591 1018 586 1016 586 1015 586 1014 586 1008 591 1005 592 1004 591 990 583 989 583 988 583 986 583 971 591 960 583 959 583 957 583 956 583 885 591 874 591 849 589 728 584 727 584 623 589 604 589 592 589 488 581 487 581 485 581 464 588 460 588 339 581 338 581 230 587 230 618"/></Shape>
	    <String CONTENT="du Prince, &amp; de l’autre partie contre icelle, &amp; que iniuſti¬"
                    HPOS="229"
                    VPOS="581"
                    WIDTH="1034"
                    HEIGHT="66"
                    WC="0.9892393122116725"></String>
          </TextLine>
          <TextLine ID="line_11"
                    TAGREFS="LT8"
                    BASELINE="229 664 1263 671" 
                    HPOS="227"
                    VPOS="628"
                    WIDTH="1036"
                    HEIGHT="66">
            <Shape><Polygon POINTS="229 664 227 684 300 689 301 689 368 684 434 681 442 684 450 691 452 691 453 691 454 691 478 684 492 682 505 684 528 691 529 691 530 692 623 692 623 691 651 684 661 683 664 684 678 692 679 692 681 692 802 687 850 693 851 693 852 693 869 684 871 684 875 684 911 693 912 694 1000 694 1000 693 1001 693 1024 684 1028 684 1039 684 1099 691 1100 691 1262 684 1263 671 1262 634 1224 633 1223 633 1222 633 1219 634 1205 641 1192 634 1189 633 1188 633 1187 633 1178 634 1129 641 1094 634 1088 633 1086 633 1085 633 1081 634 1058 641 1050 634 1048 632 1046 632 1045 632 1000 632 999 632 998 632 996 632 994 634 985 639 957 634 950 633 949 633 947 633 944 634 927 639 921 634 919 632 917 632 916 632 915 632 914 632 909 634 897 639 831 639 807 634 785 631 783 631 782 631 770 634 757 638 718 634 678 631 677 631 676 631 664 634 652 638 636 634 623 632 622 632 608 634 597 637 588 634 572 629 571 629 569 629 517 634 492 637 487 634 474 629 473 629 472 629 416 634 415 634 395 628 394 628 393 628 348 634 340 636 333 634 295 628 294 628 229 634 229 664"/></Shape>
	    <String CONTENT="ce luy ſoit faite, elle n’eſt pas obligee de quitter ſon droit"
                    HPOS="227"
                    VPOS="628"
                    WIDTH="1036"
                    HEIGHT="66"
                    WC="0.9705126405723633"></String>
          </TextLine>
          <TextLine ID="line_12"
                    TAGREFS="LT8"
                    BASELINE="230 712 1264 717" 
                    HPOS="229"
                    VPOS="673"
                    WIDTH="1035"
                    HEIGHT="65">
            <Shape><Polygon POINTS="229 727 298 735 299 735 468 728 487 728 488 728 495 736 497 736 498 736 499 736 500 736 502 736 510 730 577 736 578 737 728 737 728 736 730 736 743 730 745 730 772 737 773 737 775 737 990 731 993 731 994 731 1078 738 1079 738 1157 732 1234 738 1235 738 1237 738 1263 731 1264 717 1264 688 1249 681 1248 681 1247 681 1207 687 1195 678 1194 678 1193 678 1192 678 1090 686 1066 687 1063 686 1049 678 1048 678 1046 678 1005 684 993 686 962 683 869 677 867 677 866 677 865 677 859 682 852 687 775 687 738 681 711 677 710 677 708 677 700 681 689 684 678 679 668 676 667 676 666 676 664 676 652 679 634 686 549 686 507 677 487 674 485 674 484 674 478 677 465 683 452 677 447 674 445 674 374 674 373 674 371 674 369 676 348 683 325 676 324 676 323 676 321 676 320 676 308 684 247 684 232 673 230 712 229 727"/></Shape>
	    <String CONTENT="au plaiſir de l’vn ne de l’autre. Comme ſi vn Prince"
                    HPOS="229"
                    VPOS="673"
                    WIDTH="1035"
                    HEIGHT="65"
                    WC="0.9839867800474167"></String>
          </TextLine>
          <TextLine ID="line_13"
                    TAGREFS="LT8"
                    BASELINE="231 760 1262 763" 
                    HPOS="230"
                    VPOS="722"
                    WIDTH="1032"
                    HEIGHT="65">
            <Shape><Polygon POINTS="231 760 230 780 433 785 434 785 435 785 453 781 463 778 484 781 522 785 523 785 553 781 571 778 579 781 597 786 598 786 599 786 638 781 648 780 657 781 683 786 684 786 686 786 697 781 700 780 702 781 712 786 713 786 715 787 797 787 797 786 852 781 872 780 900 781 994 787 995 787 1031 781 1038 781 1045 781 1100 787 1101 787 1261 781 1262 763 1261 733 1210 733 1209 732 1197 725 1195 725 1194 725 1193 725 1159 732 1155 732 1134 732 995 725 994 725 993 725 991 725 984 730 979 733 922 733 902 730 866 723 865 723 715 727 587 731 581 726 577 723 577 722 576 722 574 722 573 722 542 726 510 730 502 726 494 722 493 722 492 722 490 722 479 725 463 730 427 725 405 722 404 722 403 722 395 725 378 730 361 725 355 722 354 722 353 722 351 722 345 723 328 730 231 723 231 760"/></Shape>
	    <String CONTENT="&amp; la pluſpart de ſon peuple deshonnorent Dieu par faux"
                    HPOS="230"
                    VPOS="722"
                    WIDTH="1032"
                    HEIGHT="65"
                    WC="0.9948879215452406"></String>
          </TextLine>
          <TextLine ID="line_14"
                    TAGREFS="LT8"
                    BASELINE="229 806 1261 811" 
                    HPOS="227"
                    VPOS="771"
                    WIDTH="1034"
                    HEIGHT="60">
            <Shape><Polygon POINTS="229 806 227 827 1258 831 1261 811 1258 776 803 780 568 772 557 772 555 772 553 772 489 778 465 771 463 771 462 771 460 771 437 771 283 777 229 771 229 806"/></Shape>
	    <String CONTENT="ſeruices, ceux qui le ſeruent purement, laiſſeront perir"
                    HPOS="227"
                    VPOS="771"
                    WIDTH="1034"
                    HEIGHT="60"
                    WC="0.9971845809902463"></String>
          </TextLine>
          <TextLine ID="line_15"
                    TAGREFS="LT8"
                    BASELINE="234 852 1261 857" 
                    HPOS="232"
                    VPOS="818"
                    WIDTH="1029"
                    HEIGHT="62">
            <Shape><Polygon POINTS="234 852 232 869 245 876 246 876 247 876 249 876 286 870 396 876 398 876 399 876 416 870 448 876 449 876 482 871 490 877 492 877 493 877 494 879 554 879 554 877 555 877 557 877 566 871 567 871 569 871 656 877 657 877 700 872 711 871 720 872 748 879 750 879 861 874 904 872 914 875 930 879 931 879 932 879 934 879 942 875 947 872 996 872 1001 875 1006 880 1008 880 1009 880 1010 880 1038 876 1051 874 1060 876 1073 880 1074 880 1075 880 1094 876 1108 874 1258 877 1261 857 1259 822 1217 830 1160 822 1159 822 1158 822 1157 822 1093 828 1073 823 1071 823 1070 823 1069 823 1068 823 1059 830 1035 822 1034 822 1033 822 1030 822 979 828 909 822 891 821 890 821 881 822 852 827 846 822 845 821 844 821 842 821 841 821 840 821 839 821 837 822 825 830 748 830 728 822 720 820 718 820 717 820 692 822 649 828 613 828 604 822 601 820 599 820 598 820 538 820 537 820 535 820 534 820 530 822 524 827 498 822 487 821 485 821 467 822 437 826 430 822 425 818 424 818 423 818 422 818 389 822 363 827 309 827 303 822 298 818 296 818 295 818 294 818 234 822 234 852"/></Shape>
	    <String CONTENT="qui voudra perir à ſon eſcient, n’eſtant raiſonnable que"
                    HPOS="232"
                    VPOS="818"
                    WIDTH="1029"
                    HEIGHT="62"
                    WC="0.9806441183675799"></String>
          </TextLine>
          <TextLine ID="line_16"
                    TAGREFS="LT8"
                    BASELINE="230 901 1261 906" 
                    HPOS="229"
                    VPOS="865"
                    WIDTH="1032"
                    HEIGHT="59">
            <Shape><Polygon POINTS="230 901 229 915 280 922 281 922 464 917 487 924 488 924 489 924 1259 920 1261 906 1259 870 230 865 230 901"/></Shape>
	    <String CONTENT="à la volonté d’autruy, le bien la vie, l’honneur &amp; le ſalut"
                    HPOS="229"
                    VPOS="865"
                    WIDTH="1032"
                    HEIGHT="59"
                    WC="0.9951695340578673"></String>
          </TextLine>
          <TextLine ID="line_17"
                    TAGREFS="LT8"
                    BASELINE="229 947 1261 954" 
                    HPOS="227"
                    VPOS="910"
                    WIDTH="1034"
                    HEIGHT="65">
            <Shape><Polygon POINTS="229 947 227 964 393 970 394 970 395 970 408 965 413 964 418 965 442 971 443 971 444 971 599 966 632 965 634 966 642 972 643 972 644 972 646 972 691 966 692 966 700 972 701 972 702 972 703 972 747 967 859 974 860 974 950 967 951 967 999 974 1000 974 1001 974 1019 967 1058 975 1059 975 1060 975 1083 969 1105 975 1106 975 1108 975 1259 967 1261 954 1259 924 1220 915 1219 915 1218 915 1199 921 1190 915 1189 915 1188 915 1117 915 1115 915 1076 922 1073 922 1071 922 1051 914 1050 914 1049 914 1048 914 1019 921 983 914 981 914 980 914 979 914 969 921 969 922 849 922 846 921 817 912 816 912 815 912 736 920 733 920 732 920 702 912 701 912 700 912 666 920 664 920 663 920 642 911 641 911 639 911 638 911 612 920 574 920 573 920 573 919 562 911 561 911 559 911 558 911 557 911 530 919 529 919 475 911 474 911 439 917 398 910 396 910 395 910 369 917 338 910 336 910 335 910 286 917 285 917 283 917 244 910 242 910 241 910 229 916 229 947"/></Shape>
	    <String CONTENT="d’iceux ſoit abandonné. Car ſi les autres ſe ſont obligez"
                    HPOS="227"
                    VPOS="910"
                    WIDTH="1034"
                    HEIGHT="65"
                    WC="0.9988597919201029"></String>
          </TextLine>
          <TextLine ID="line_18"
                    TAGREFS="LT8"
                    BASELINE="226 996 1258 1000" 
                    HPOS="226"
                    VPOS="960"
                    WIDTH="1032"
                    HEIGHT="65">
            <Shape><Polygon POINTS="226 996 226 1018 676 1016 686 1018 725 1023 726 1023 787 1018 798 1016 801 1016 813 1023 815 1023 816 1023 952 1018 1046 1024 1048 1024 1093 1018 1119 1024 1120 1024 1122 1024 1178 1018 1187 1024 1188 1024 1189 1024 1190 1025 1247 1025 1247 1024 1248 1024 1249 1024 1257 1018 1258 1000 1257 971 1111 964 1110 964 1004 967 970 969 956 967 911 961 910 961 909 961 896 966 894 969 667 969 653 964 643 961 642 961 641 961 562 962 438 966 430 961 429 960 428 960 427 960 425 960 401 961 329 966 226 960 226 996"/></Shape>
	    <String CONTENT="à iniquité, eux ne faiſant que vne partie ne peuuent pas"
                    HPOS="226"
                    VPOS="960"
                    WIDTH="1032"
                    HEIGHT="65"
                    WC="0.9934903712108217"></String>
          </TextLine>
          <TextLine ID="line_19"
                    TAGREFS="LT8"
                    BASELINE="227 1043 1257 1046" 
                    HPOS="227"
                    VPOS="1008"
                    WIDTH="1030"
                    HEIGHT="63">
            <Shape><Polygon POINTS="227 1043 227 1066 262 1061 272 1066 275 1069 276 1069 277 1069 279 1070 409 1070 409 1069 410 1069 418 1066 432 1060 445 1066 452 1069 453 1069 454 1069 455 1069 462 1066 475 1059 569 1059 586 1065 592 1068 593 1068 594 1068 596 1068 597 1068 599 1065 609 1060 672 1060 682 1065 693 1070 694 1070 696 1070 747 1065 760 1064 773 1065 841 1070 842 1070 844 1070 845 1070 852 1064 855 1063 906 1063 909 1064 916 1070 917 1070 919 1070 920 1070 921 1070 922 1070 930 1064 931 1064 937 1069 939 1069 940 1069 941 1069 976 1064 986 1063 990 1064 1011 1071 1013 1071 1014 1071 1015 1071 1034 1064 1040 1061 1099 1061 1103 1063 1119 1071 1120 1071 1122 1071 1175 1063 1180 1063 1185 1063 1239 1071 1240 1071 1242 1071 1243 1071 1256 1063 1257 1046 1256 1020 1223 1013 1222 1013 1117 1019 1113 1019 1111 1019 1100 1010 1099 1010 1098 1010 1070 1010 1069 1010 1068 1010 1066 1010 1056 1019 1055 1019 1051 1019 967 1010 966 1010 859 1018 835 1009 833 1009 832 1009 831 1009 830 1009 816 1018 773 1010 772 1010 771 1010 770 1010 761 1018 760 1019 702 1019 701 1018 683 1009 682 1009 599 1009 598 1009 597 1009 596 1009 584 1018 583 1018 578 1018 527 1010 525 1010 435 1016 434 1016 433 1016 420 1008 419 1008 418 1008 416 1008 335 1015 318 1008 316 1008 259 1008 257 1008 256 1008 227 1015 227 1043"/></Shape>
	    <String CONTENT="obliger le tout. Ainſi apres que ceſte partie greuee"
                    HPOS="227"
                    VPOS="1008"
                    WIDTH="1030"
                    HEIGHT="63"
                    WC="0.9954112665011332"></String>
          </TextLine>
          <TextLine ID="line_20"
                    TAGREFS="LT8"
                    BASELINE="225 1090 1259 1094" 
                    HPOS="224"
                    VPOS="1058"
                    WIDTH="1035"
                    HEIGHT="57">
            <Shape><Polygon POINTS="225 1090 224 1100 341 1111 343 1111 552 1103 599 1113 601 1113 647 1104 693 1113 694 1113 912 1104 939 1110 940 1110 941 1110 978 1105 989 1114 990 1114 991 1114 993 1114 994 1114 1021 1105 1034 1114 1035 1114 1036 1114 1038 1115 1080 1115 1080 1114 1081 1114 1098 1105 1138 1114 1139 1114 1140 1114 1162 1106 1237 1114 1238 1114 1239 1114 1258 1104 1259 1094 1258 1063 225 1058 225 1090"/></Shape>
	    <String CONTENT="aura remonſtré à ſes compagnons le deuoir de leur"
                    HPOS="224"
                    VPOS="1058"
                    WIDTH="1035"
                    HEIGHT="57"
                    WC="0.9901685656285754"></String>
          </TextLine>
          <TextLine ID="line_21"
                    TAGREFS="LT8"
                    BASELINE="224 1137 1258 1142" 
                    HPOS="222"
                    VPOS="1098"
                    WIDTH="1036"
                    HEIGHT="66">
            <Shape><Polygon POINTS="224 1137 222 1157 386 1160 388 1160 405 1159 443 1154 499 1159 529 1162 530 1162 550 1159 587 1155 608 1160 617 1162 618 1162 639 1160 698 1155 730 1160 742 1163 743 1164 972 1164 972 1163 974 1163 975 1163 999 1157 1071 1163 1085 1164 1086 1164 1108 1164 1222 1158 1256 1164 1258 1142 1258 1111 1228 1101 1227 1101 1225 1101 1224 1101 1197 1110 1170 1101 1169 1101 1168 1101 1127 1110 1124 1110 1123 1110 1105 1101 1104 1101 1103 1101 1053 1109 1045 1110 1044 1109 1034 1101 1033 1101 1031 1101 999 1100 998 1100 996 1100 969 1109 965 1109 957 1109 890 1100 889 1100 841 1108 830 1109 816 1108 780 1101 778 1101 777 1101 763 1106 756 1109 688 1109 684 1106 669 1099 668 1099 667 1099 627 1105 613 1108 606 1105 589 1099 588 1099 587 1099 586 1099 584 1099 577 1105 572 1108 533 1105 445 1098 444 1098 399 1104 375 1106 224 1103 224 1137"/></Shape>
	    <String CONTENT="charge, s’ils n’y entendent, il ſera permis à ceſte-là, de"
                    HPOS="222"
                    VPOS="1098"
                    WIDTH="1036"
                    HEIGHT="66"
                    WC="0.9960262964169184"></String>
          </TextLine>
          <TextLine ID="line_22"
                    TAGREFS="LT8"
                    BASELINE="224 1184 1257 1189" 
                    HPOS="222"
                    VPOS="1148"
                    WIDTH="1035"
                    HEIGHT="64">
            <Shape><Polygon POINTS="224 1184 222 1198 275 1208 276 1209 380 1209 380 1208 381 1208 383 1208 395 1200 447 1208 448 1208 449 1208 475 1200 489 1209 490 1209 492 1209 493 1209 494 1209 522 1203 653 1208 654 1208 656 1208 668 1202 741 1210 742 1210 791 1203 811 1210 812 1210 813 1210 851 1203 905 1209 906 1209 988 1203 999 1212 1000 1212 1001 1212 1003 1212 1049 1204 1106 1204 1118 1212 1119 1212 1120 1212 1122 1212 1256 1203 1257 1189 1256 1158 1117 1152 1115 1152 1114 1152 1105 1155 1098 1160 1006 1160 952 1154 900 1150 899 1150 897 1150 889 1154 881 1158 876 1154 871 1150 870 1150 869 1150 822 1150 821 1150 820 1150 818 1150 813 1154 805 1159 741 1159 716 1153 698 1149 697 1149 696 1149 687 1153 676 1157 664 1153 658 1150 657 1150 656 1150 643 1152 616 1157 573 1152 550 1149 549 1149 548 1149 547 1149 544 1152 535 1158 483 1158 464 1150 455 1148 454 1148 453 1148 423 1150 364 1155 345 1149 340 1148 339 1148 338 1148 336 1148 333 1149 321 1155 310 1149 306 1148 305 1148 304 1148 303 1148 299 1149 280 1155 224 1149 224 1184"/></Shape>
	    <String CONTENT="droit humain, politic, &amp; des gons, ſi elle ne peut depoſer"
                    HPOS="222"
                    VPOS="1148"
                    WIDTH="1035"
                    HEIGHT="64"
                    WC="0.9799769736569504"></String>
          </TextLine>
          <TextLine ID="line_23"
                    TAGREFS="LT8"
                    BASELINE="221 1232 1258 1237" 
                    HPOS="220"
                    VPOS="1193"
                    WIDTH="1038"
                    HEIGHT="65">
            <Shape><Polygon POINTS="221 1232 220 1245 262 1254 264 1255 453 1255 453 1254 454 1254 479 1248 505 1255 507 1255 508 1255 678 1249 741 1257 742 1257 825 1250 851 1257 852 1257 854 1257 855 1257 874 1250 896 1257 897 1257 899 1257 995 1250 1060 1258 1061 1258 1063 1258 1086 1252 1137 1258 1138 1258 1257 1250 1258 1237 1256 1198 1144 1207 1101 1197 1096 1197 1095 1197 1094 1197 1093 1197 1078 1208 998 1208 967 1197 962 1195 961 1195 870 1195 869 1195 867 1195 864 1197 846 1205 785 1197 780 1197 778 1197 776 1197 738 1205 725 1197 722 1194 721 1194 720 1194 718 1194 717 1194 707 1197 679 1204 648 1197 637 1194 581 1194 579 1194 578 1194 569 1197 548 1203 532 1197 525 1194 524 1194 523 1194 522 1194 520 1194 518 1197 504 1204 482 1197 472 1193 470 1193 469 1193 468 1193 455 1197 442 1200 427 1197 415 1193 414 1193 413 1193 411 1193 403 1197 391 1202 310 1203 221 1197 221 1232"/></Shape>
	    <String CONTENT="le tyran, de ſe ſouſtraire de ſon obeiſſance. Et à cela"
                    HPOS="220"
                    VPOS="1193"
                    WIDTH="1038"
                    HEIGHT="65"
                    WC="0.9884849850620542"></String>
          </TextLine>
          <TextLine ID="line_24"
                    TAGREFS="LT8"
                    BASELINE="222 1276 1256 1282" 
                    HPOS="221"
                    VPOS="1242"
                    WIDTH="1035"
                    HEIGHT="61">
            <Shape><Polygon POINTS="222 1276 221 1292 234 1299 235 1299 236 1299 237 1299 309 1292 350 1299 351 1299 353 1299 354 1299 364 1292 380 1299 381 1299 383 1299 528 1293 547 1301 548 1301 549 1301 550 1301 577 1293 651 1302 652 1302 752 1297 844 1303 845 1303 846 1303 862 1297 1217 1303 1218 1303 1254 1296 1256 1282 1256 1255 1227 1247 1225 1247 1224 1247 1190 1254 1189 1254 1185 1254 1073 1247 1071 1247 1070 1247 1054 1253 1053 1254 1050 1253 1034 1245 1033 1245 979 1245 978 1245 976 1245 975 1245 966 1253 965 1253 941 1245 940 1245 939 1245 892 1253 885 1253 798 1253 797 1252 782 1244 781 1244 780 1244 736 1252 730 1252 723 1250 688 1244 687 1244 686 1244 661 1250 654 1252 641 1250 584 1244 583 1244 522 1249 508 1250 505 1249 498 1243 497 1243 495 1243 494 1243 415 1249 404 1249 401 1249 393 1242 391 1242 390 1242 389 1242 388 1242 366 1248 336 1242 335 1242 334 1242 313 1248 306 1249 222 1248 222 1276"/></Shape>
	    <String CONTENT="conuiennent les exemples alleguez des Iſraelites, ſe¬"
                    HPOS="221"
                    VPOS="1242"
                    WIDTH="1035"
                    HEIGHT="61"
                    WC="0.9929299320814744"></String>
          </TextLine>
          <TextLine ID="line_25"
                    TAGREFS="LT8"
                    BASELINE="221 1324 1253 1328" 
                    HPOS="220"
                    VPOS="1288"
                    WIDTH="1033"
                    HEIGHT="60">
            <Shape><Polygon POINTS="221 1324 220 1339 252 1347 254 1348 1252 1348 1253 1328 1252 1296 934 1291 932 1291 931 1291 919 1296 909 1298 889 1296 855 1289 854 1289 852 1289 851 1289 844 1296 840 1298 651 1298 644 1296 629 1289 628 1289 627 1289 601 1296 592 1297 586 1296 566 1288 564 1288 563 1288 508 1296 498 1296 488 1296 420 1288 419 1288 418 1288 393 1296 390 1296 388 1296 371 1288 370 1288 369 1288 368 1288 366 1288 358 1296 355 1296 221 1296 221 1324"/></Shape>
	    <String CONTENT="couans le ioug de Roboam, &amp; de la ville de Lobna, qui"
                    HPOS="220"
                    VPOS="1288"
                    WIDTH="1033"
                    HEIGHT="60"
                    WC="0.990405557290563"></String>
          </TextLine>
          <TextLine ID="line_26"
                    TAGREFS="LT8"
                    BASELINE="219 1372 1252 1377" 
                    HPOS="217"
                    VPOS="1334"
                    WIDTH="1035"
                    HEIGHT="62">
            <Shape><Polygon POINTS="219 1372 217 1387 305 1394 306 1396 1250 1396 1252 1377 1250 1344 1203 1348 1175 1344 1139 1338 1138 1338 1104 1344 1086 1347 1081 1344 1073 1338 1071 1338 1070 1338 1069 1338 1068 1338 1044 1344 1029 1348 1021 1344 1010 1338 1009 1338 955 1337 954 1337 952 1337 936 1344 930 1348 847 1348 817 1344 732 1337 731 1337 662 1344 653 1346 651 1344 639 1336 638 1336 637 1336 636 1336 573 1342 532 1336 530 1336 529 1336 528 1336 520 1342 505 1336 504 1336 503 1336 502 1336 477 1346 475 1346 474 1346 459 1334 458 1334 457 1334 455 1334 454 1334 415 1344 368 1334 366 1334 365 1334 339 1346 264 1346 239 1334 237 1334 236 1334 235 1334 234 1334 219 1343 219 1372"/></Shape>
	    <String CONTENT="ſe reuolta de l’obeiſſance de Ioram. Auſurplus, ſi pour"
                    HPOS="217"
                    VPOS="1334"
                    WIDTH="1035"
                    HEIGHT="62"
                    WC="0.9940413572571495"></String>
          </TextLine>
          <TextLine ID="line_27"
                    TAGREFS="LT8"
                    BASELINE="217 1420 1254 1425" 
                    HPOS="216"
                    VPOS="1383"
                    WIDTH="1038"
                    HEIGHT="60">
            <Shape><Polygon POINTS="217 1420 216 1437 1252 1443 1254 1425 1253 1393 217 1383 217 1420"/></Shape>
	    <String CONTENT="la police humaine il eſt permis s’armer contre le tyran,"
                    HPOS="216"
                    VPOS="1383"
                    WIDTH="1038"
                    HEIGHT="60"
                    WC="0.9993852291788373"></String>
          </TextLine>
          <TextLine ID="line_28"
                    TAGREFS="LT8"
                    BASELINE="217 1466 1256 1471" 
                    HPOS="217"
                    VPOS="1427"
                    WIDTH="1039"
                    HEIGHT="59">
            <Shape><Polygon POINTS="217 1466 217 1486 1254 1486 1256 1471 1254 1441 1218 1432 1217 1432 1167 1440 1162 1440 1160 1440 1152 1432 1150 1432 1149 1432 1043 1432 1041 1432 1040 1432 1020 1437 1010 1440 1005 1437 993 1431 991 1431 990 1431 989 1431 971 1437 964 1438 954 1436 927 1431 926 1431 787 1435 661 1437 653 1432 649 1430 648 1430 647 1430 646 1430 644 1430 637 1432 622 1437 588 1432 574 1430 573 1430 550 1431 477 1437 371 1428 361 1428 360 1428 358 1428 328 1435 288 1428 286 1428 285 1428 261 1436 217 1427 217 1466"/></Shape>
	    <String CONTENT="il ſera bien auec plus de raiſon loiſible de ſe defendre"
                    HPOS="217"
                    VPOS="1427"
                    WIDTH="1039"
                    HEIGHT="59"
                    WC="0.9973088641251836"></String>
          </TextLine>
          <TextLine ID="line_29"
                    TAGREFS="LT8"
                    BASELINE="216 1515 1253 1517" 
                    HPOS="216"
                    VPOS="1482"
                    WIDTH="1037"
                    HEIGHT="54">
            <Shape><Polygon POINTS="216 1515 216 1536 1252 1536 1253 1517 1250 1482 216 1482 216 1515"/></Shape>
	    <String CONTENT="de celuy qui en violant les choſes ſainctes, ſe deſpouille"
                    HPOS="216"
                    VPOS="1482"
                    WIDTH="1037"
                    HEIGHT="54"
                    WC="0.984080248865588"></String>
          </TextLine>
          <TextLine ID="line_30"
                    TAGREFS="LT8"
                    BASELINE="216 1560 1253 1565" 
                    HPOS="215"
                    VPOS="1525"
                    WIDTH="1038"
                    HEIGHT="60">
            <Shape><Polygon POINTS="216 1560 215 1574 252 1581 254 1581 955 1579 994 1585 995 1585 1252 1579 1253 1565 1250 1528 1177 1536 1074 1528 1065 1528 1064 1528 1059 1528 1015 1536 994 1528 988 1527 986 1527 985 1527 984 1527 976 1528 952 1535 851 1530 801 1527 800 1527 780 1530 747 1535 740 1530 736 1526 735 1526 733 1526 732 1526 689 1530 656 1533 648 1530 638 1526 637 1526 636 1526 604 1531 583 1533 578 1531 571 1526 569 1526 568 1526 567 1526 535 1531 530 1531 524 1531 464 1525 463 1525 284 1532 260 1532 257 1532 234 1525 232 1525 231 1525 230 1525 216 1531 216 1560"/></Shape>
	    <String CONTENT="de toute affection naturelle, foulant aux pieds toute"
                    HPOS="215"
                    VPOS="1525"
                    WIDTH="1038"
                    HEIGHT="60"
                    WC="0.9931813062361952"></String>
          </TextLine>
          <TextLine ID="line_31"
                    TAGREFS="LT8"
                    BASELINE="217 1607 1249 1612" 
                    HPOS="216"
                    VPOS="1569"
                    WIDTH="1033"
                    HEIGHT="66">
            <Shape><Polygon POINTS="217 1607 216 1620 296 1630 298 1630 350 1622 386 1630 388 1630 510 1624 553 1631 554 1631 627 1625 801 1631 802 1631 803 1631 820 1625 836 1632 837 1632 839 1632 1069 1626 1081 1634 1083 1634 1084 1634 1085 1635 1179 1635 1179 1634 1248 1625 1249 1612 1248 1582 1208 1582 1207 1581 1189 1572 1188 1572 1187 1572 1128 1581 1122 1581 1119 1581 1093 1572 1091 1572 1090 1572 1039 1580 1029 1581 1016 1580 960 1571 959 1571 957 1571 927 1579 924 1580 920 1579 899 1571 897 1571 896 1571 841 1572 840 1572 839 1572 831 1579 828 1581 800 1581 796 1577 787 1571 786 1571 785 1571 783 1571 727 1577 712 1579 696 1577 637 1570 636 1570 608 1576 597 1579 581 1576 542 1570 510 1570 509 1570 508 1570 507 1570 500 1575 498 1577 494 1575 483 1570 482 1570 480 1570 479 1570 468 1575 462 1579 348 1579 331 1574 306 1569 305 1569 217 1572 217 1607"/></Shape>
	    <String CONTENT="Religion, qui eſt le principal lien de la ſocieté humaine."
                    HPOS="216"
                    VPOS="1569"
                    WIDTH="1033"
                    HEIGHT="66"
                    WC="0.9985129883733846"></String>
          </TextLine>
          <TextLine ID="line_32"
                    TAGREFS="LT8"
                    BASELINE="215 1655 1253 1660" 
                    HPOS="214"
                    VPOS="1617"
                    WIDTH="1039"
                    HEIGHT="64">
            <Shape><Polygon POINTS="215 1655 214 1669 351 1670 353 1671 365 1677 366 1677 368 1677 400 1672 489 1679 490 1679 492 1679 493 1679 502 1672 503 1672 517 1679 518 1679 519 1679 520 1679 522 1679 529 1674 530 1672 530 1674 542 1679 543 1679 544 1680 641 1680 641 1679 663 1675 677 1672 679 1675 684 1679 686 1679 687 1679 688 1679 787 1676 887 1674 916 1677 934 1680 935 1680 952 1679 994 1674 1250 1681 1253 1660 1250 1622 1120 1629 1039 1622 1038 1622 1036 1622 1009 1629 924 1621 922 1621 862 1627 836 1621 835 1621 833 1621 557 1626 517 1620 515 1620 474 1626 349 1619 348 1619 266 1625 215 1617 215 1655"/></Shape>
	    <String CONTENT="Et c’eſt enquoy la tyrannie ſort plus apertemẽt hors des"
                    HPOS="214"
                    VPOS="1617"
                    WIDTH="1039"
                    HEIGHT="64"
                    WC="0.9960777027565136"></String>
          </TextLine>
          <TextLine ID="line_33"
                    TAGREFS="LT8"
                    BASELINE="216 1704 1248 1706" 
                    HPOS="215"
                    VPOS="1665"
                    WIDTH="1033"
                    HEIGHT="61">
            <Shape><Polygon POINTS="216 1704 215 1721 298 1725 299 1725 300 1725 308 1721 318 1718 338 1721 358 1725 359 1725 389 1721 418 1718 440 1721 464 1725 465 1725 467 1725 483 1721 497 1718 651 1718 682 1720 747 1726 748 1726 793 1720 803 1719 826 1720 936 1726 937 1726 1061 1720 1078 1726 1079 1726 1080 1726 1115 1719 1117 1719 1119 1719 1189 1726 1190 1726 1247 1718 1248 1706 1247 1676 1187 1666 1185 1666 1143 1675 1142 1676 1117 1676 1117 1675 1104 1666 1103 1666 1101 1666 1005 1666 1004 1666 1003 1666 986 1675 970 1666 969 1666 967 1666 966 1666 965 1666 954 1674 882 1667 881 1667 880 1667 879 1667 870 1675 869 1676 737 1676 735 1675 717 1667 716 1667 715 1667 664 1674 663 1674 616 1665 614 1665 572 1674 571 1674 540 1665 539 1665 538 1665 537 1665 508 1674 507 1674 463 1674 420 1674 404 1665 403 1665 401 1665 216 1672 216 1704"/></Shape>
	    <String CONTENT="regles &amp; forme de droit, &amp; qui excit, pluſtoſt &amp; anime"
                    HPOS="215"
                    VPOS="1665"
                    WIDTH="1033"
                    HEIGHT="61"
                    WC="0.9939164971863782"></String>
          </TextLine>
          <TextLine ID="line_34"
                    TAGREFS="LT8"
                    BASELINE="217 1754 1248 1754" 
                    HPOS="217"
                    VPOS="1714"
                    WIDTH="1031"
                    HEIGHT="59">
            <Shape><Polygon POINTS="217 1773 1248 1770 1248 1754 1248 1719 1218 1714 1217 1714 1215 1714 1198 1718 1185 1721 1175 1718 1164 1714 1163 1714 1162 1714 1160 1714 1152 1718 1144 1723 1046 1723 1036 1718 1029 1715 1028 1715 1026 1715 1025 1715 1016 1718 1005 1721 994 1718 988 1715 986 1715 985 1715 969 1718 944 1721 937 1718 932 1714 931 1714 930 1714 929 1714 927 1714 920 1718 910 1723 840 1723 825 1718 813 1714 812 1714 811 1714 787 1716 757 1721 750 1716 748 1715 747 1715 746 1715 621 1714 619 1714 618 1714 612 1716 599 1721 592 1716 588 1714 587 1714 586 1714 543 1714 542 1714 540 1714 539 1714 535 1716 527 1721 507 1716 498 1714 497 1714 495 1714 494 1714 489 1716 477 1723 420 1723 409 1716 406 1714 405 1714 404 1714 403 1714 386 1716 353 1720 318 1715 303 1714 301 1714 300 1714 293 1715 269 1721 260 1715 259 1714 257 1714 256 1714 255 1714 254 1714 247 1715 227 1720 220 1715 217 1754 217 1773"/></Shape>
	    <String CONTENT="plus les hõmes à vſer d’iniuſtice. Cependant il n’y a choſe"
                    HPOS="217"
                    VPOS="1714"
                    WIDTH="1031"
                    HEIGHT="59"
                    WC="0.9946616897817517"></String>
          </TextLine>
          <TextLine ID="line_35"
                    TAGREFS="LT8"
                    BASELINE="216 1796 1245 1800" 
                    HPOS="215"
                    VPOS="1758"
                    WIDTH="1030"
                    HEIGHT="63">
            <Shape><Polygon POINTS="216 1796 215 1810 293 1819 294 1819 429 1813 447 1813 458 1813 513 1819 514 1819 574 1814 587 1814 591 1815 607 1820 608 1820 609 1820 633 1815 639 1814 646 1815 666 1820 667 1820 668 1820 669 1820 687 1815 696 1814 752 1816 841 1820 842 1820 844 1820 850 1818 856 1814 877 1818 901 1821 902 1821 1033 1819 1230 1815 1240 1821 1245 1800 1244 1765 1137 1760 1135 1760 1103 1765 1079 1768 1055 1765 1024 1760 1023 1760 972 1765 937 1768 931 1765 926 1760 925 1760 924 1760 922 1760 877 1765 856 1766 852 1765 846 1759 845 1759 844 1759 842 1759 803 1765 796 1765 788 1765 743 1759 742 1759 741 1759 730 1765 726 1766 717 1765 692 1759 691 1759 689 1759 688 1759 679 1765 676 1768 637 1768 633 1765 624 1759 623 1759 622 1759 537 1758 535 1758 480 1765 473 1765 464 1765 409 1758 408 1758 406 1758 405 1758 395 1765 393 1766 335 1766 328 1765 283 1758 281 1758 280 1758 262 1765 260 1765 216 1765 216 1796"/></Shape>
	    <String CONTENT="en la parole de Dieu dont il ſoit fait telle mẽtion, où lon"
                    HPOS="215"
                    VPOS="1758"
                    WIDTH="1030"
                    HEIGHT="63"
                    WC="0.9911518849310328"></String>
          </TextLine>
          <TextLine ID="line_36"
                    TAGREFS="LT8"
                    BASELINE="217 1842 1244 1847" 
                    HPOS="216"
                    VPOS="1806"
                    WIDTH="1028"
                    HEIGHT="61">
            <Shape><Polygon POINTS="217 1842 216 1857 309 1864 310 1864 453 1859 472 1859 475 1859 502 1865 503 1867 1243 1867 1244 1847 1243 1814 1182 1810 1180 1810 1179 1810 1168 1813 1155 1816 1140 1813 1124 1810 1123 1810 1108 1813 1093 1816 1083 1813 1075 1810 1074 1810 1073 1810 1053 1813 1029 1816 1004 1813 974 1809 972 1809 971 1809 970 1809 965 1813 960 1816 892 1816 885 1813 874 1809 872 1809 871 1809 788 1813 733 1815 682 1813 593 1808 592 1808 519 1813 492 1814 478 1813 439 1806 438 1806 217 1811 217 1842"/></Shape>
	    <String CONTENT="doyue deſobeir aux hõmes, comme pour l’impieté, quãd"
                    HPOS="216"
                    VPOS="1806"
                    WIDTH="1028"
                    HEIGHT="61"
                    WC="0.988712646744468"></String>
          </TextLine>
          <TextLine ID="line_37"
                    TAGREFS="LT8"
                    BASELINE="215 1892 1244 1895" 
                    HPOS="215"
                    VPOS="1853"
                    WIDTH="1029"
                    HEIGHT="62">
            <Shape><Polygon POINTS="215 1892 215 1912 557 1907 581 1913 584 1914 586 1914 587 1915 773 1915 773 1914 775 1914 776 1914 788 1908 802 1914 803 1914 805 1914 806 1915 1243 1915 1244 1895 1243 1864 1188 1857 1187 1857 1185 1857 1184 1857 1175 1863 1173 1865 1169 1863 1162 1857 1160 1857 1159 1857 1106 1857 1105 1857 1076 1862 1056 1865 1049 1862 1039 1857 1038 1857 1036 1857 1006 1860 978 1865 962 1860 955 1858 954 1858 952 1858 916 1860 867 1863 849 1859 828 1855 827 1855 826 1855 818 1859 808 1864 780 1858 773 1858 772 1858 771 1858 770 1858 757 1865 636 1865 571 1857 550 1854 549 1854 548 1854 540 1855 514 1863 492 1855 488 1854 487 1854 485 1854 484 1854 482 1855 465 1864 298 1864 274 1854 272 1854 215 1853 215 1892"/></Shape>
	    <String CONTENT="ils la commandent. A ce propos Euſebe en ſon hiſtoire"
                    HPOS="215"
                    VPOS="1853"
                    WIDTH="1029"
                    HEIGHT="62"
                    WC="0.993627777639425"></String>
          </TextLine>
          <TextLine ID="line_38"
                    TAGREFS="LT8"
                    BASELINE="215 1937 1244 1942" 
                    HPOS="214"
                    VPOS="1899"
                    WIDTH="1030"
                    HEIGHT="63">
            <Shape><Polygon POINTS="215 1937 214 1955 1242 1962 1244 1942 1243 1905 1143 1903 1142 1903 1140 1903 1139 1903 1137 1904 1129 1909 1120 1904 1117 1903 1115 1903 1114 1903 1113 1903 1105 1904 1080 1912 1058 1904 1053 1903 1051 1903 1050 1903 1049 1903 1044 1904 1024 1912 1006 1904 1001 1903 1000 1903 999 1903 983 1904 935 1910 924 1904 917 1902 916 1902 915 1902 895 1904 852 1912 737 1912 730 1904 728 1903 727 1903 726 1903 725 1903 723 1903 722 1903 721 1904 711 1910 574 1910 561 1904 550 1900 549 1900 548 1900 547 1900 534 1904 515 1909 469 1904 457 1903 455 1903 448 1904 424 1908 419 1904 413 1899 411 1899 410 1899 409 1899 215 1903 215 1937"/></Shape>
	    <String CONTENT="Eccleſiaſtique, 9. liure, recite, que les Armeniens ſe"
                    HPOS="214"
                    VPOS="1899"
                    WIDTH="1030"
                    HEIGHT="63"
                    WC="0.9892768859863281"></String>
          </TextLine>
          <TextLine ID="line_39"
                    TAGREFS="LT8"
                    BASELINE="214 1984 1248 1989" 
                    HPOS="212"
                    VPOS="1947"
                    WIDTH="1036"
                    HEIGHT="80">
            <Shape><Polygon POINTS="214 1984 212 2022 343 2023 344 2023 345 2023 350 2021 386 2003 423 2002 470 2002 487 2009 488 2009 489 2009 558 2004 581 2018 586 2022 587 2022 588 2022 589 2022 591 2022 598 2018 603 2016 607 2018 621 2024 622 2024 623 2024 698 2022 700 2022 718 2017 750 2007 775 2014 776 2014 777 2014 811 2007 820 2014 821 2014 822 2014 823 2014 931 2004 952 2013 955 2014 956 2014 957 2014 979 2013 1000 2012 1003 2013 1030 2027 1031 2027 1033 2027 1034 2027 1079 2012 1081 2012 1085 2012 1130 2017 1132 2017 1133 2017 1144 2011 1154 2006 1182 2011 1208 2016 1209 2016 1247 2009 1248 1989 1247 1953 1058 1958 1049 1952 1048 1952 1046 1952 1045 1952 1043 1952 1010 1958 994 1952 988 1949 986 1949 985 1949 926 1952 785 1957 771 1950 767 1949 766 1949 765 1949 735 1950 647 1955 621 1950 608 1948 607 1948 606 1948 599 1950 582 1955 533 1949 514 1948 513 1948 512 1948 507 1949 492 1955 474 1949 465 1947 464 1947 463 1947 462 1947 453 1949 437 1954 214 1949 214 1984"/></Shape>
	    <String CONTENT="reuolterent de l’Empereur Maximin Galerius pour la"
                    HPOS="212"
                    VPOS="1947"
                    WIDTH="1036"
                    HEIGHT="80"
                    WC="0.999086172580719"></String>
          </TextLine>
        </TextBlock>
        <TextBlock HPOS="1075"
                   VPOS="1999"
                   WIDTH="178"
                   HEIGHT="71"
                   ID="block_1"
                   TAGREFS="BT17">
          <Shape><Polygon POINTS="1253 1999 1253 2070 1075 2070 1075 1999"/></Shape>
          <TextLine ID="line_40"
                    TAGREFS="LT8"
                    BASELINE="1080 2039 1243 2037" 
                    HPOS="1079"
                    VPOS="1998"
                    WIDTH="164"
                    HEIGHT="89">
            <Shape><Polygon POINTS="1080 2039 1080 2086 1144 2087 1145 2087 1147 2087 1163 2079 1184 2069 1242 2072 1243 2037 1239 2006 1189 2006 1187 2004 1177 1998 1175 1998 1174 1998 1173 1998 1145 2004 1132 2007 1079 2004 1080 2039"/></Shape>
	    <String CONTENT="perſecu¬"
                    HPOS="1079"
                    VPOS="1998"
                    WIDTH="164"
                    HEIGHT="89"
                    WC="0.9992457777261734"></String>
          </TextLine>
        </TextBlock>
      </PrintSpace>
    </Page>
  </Layout>
</alto>
