<?xml version="1.0" encoding="UTF-8"?>
<alto xmlns:xsi="http://www.w3.org/2001/XMLSchema-instance"
      xmlns="http://www.loc.gov/standards/alto/ns-v4#"
      xsi:schemaLocation="http://www.loc.gov/standards/alto/ns-v4# http://www.loc.gov/standards/alto/v4/alto-4-2.xsd">
  <Description>
    <MeasurementUnit>pixel</MeasurementUnit>
    <sourceImageInformation>
      <fileName>page_00044.png</fileName>
    </sourceImageInformation>
  </Description>
  <Tags>
    <OtherTag ID="BT7" LABEL="CustomZone" DESCRIPTION="block type CustomZone"/><OtherTag ID="BT8" LABEL="DamageZone" DESCRIPTION="block type DamageZone"/><OtherTag ID="BT9" LABEL="DigitizationArtefactZone" DESCRIPTION="block type DigitizationArtefactZone"/><OtherTag ID="BT10" LABEL="DropCapitalZone" DESCRIPTION="block type DropCapitalZone"/><OtherTag ID="BT11" LABEL="GraphicZone" DESCRIPTION="block type GraphicZone"/><OtherTag ID="BT12" LABEL="MainZone" DESCRIPTION="block type MainZone"/><OtherTag ID="BT13" LABEL="MarginTextZone" DESCRIPTION="block type MarginTextZone"/><OtherTag ID="BT14" LABEL="MusicZone" DESCRIPTION="block type MusicZone"/><OtherTag ID="BT15" LABEL="NumberingZone" DESCRIPTION="block type NumberingZone"/><OtherTag ID="BT17" LABEL="QuireMarksZone" DESCRIPTION="block type QuireMarksZone"/><OtherTag ID="BT18" LABEL="RunningTitleZone" DESCRIPTION="block type RunningTitleZone"/><OtherTag ID="BT19" LABEL="SealZone" DESCRIPTION="block type SealZone"/><OtherTag ID="BT20" LABEL="StampZone" DESCRIPTION="block type StampZone"/><OtherTag ID="BT21" LABEL="TableZone" DESCRIPTION="block type TableZone"/><OtherTag ID="BT22" LABEL="TitlePageZone" DESCRIPTION="block type TitlePageZone"/><OtherTag ID="BT100006" LABEL="MainZone-Continued" DESCRIPTION="block type MainZone-Continued"/><OtherTag ID="BT100001" LABEL="MainZone-Head" DESCRIPTION="block type MainZone-Head"/><OtherTag ID="BT100005" LABEL="MainZone-P" DESCRIPTION="block type MainZone-P"/><OtherTag ID="BT100008" LABEL="MainZone-Sp" DESCRIPTION="block type MainZone-Sp"/><OtherTag ID="BT100009" LABEL="MarginTextZone-Notes" DESCRIPTION="block type MarginTextZone-Notes"/><OtherTag ID="BT100011" LABEL="MainZone-Entry" DESCRIPTION="block type MainZone-Entry"/><OtherTag ID="BT100002" LABEL="MainZone-Lg" DESCRIPTION="block type MainZone-Lg"/>
    <OtherTag ID="LT7" LABEL="CustomLine" DESCRIPTION="line type CustomLine"/><OtherTag ID="LT8" LABEL="DefaultLine" DESCRIPTION="line type DefaultLine"/><OtherTag ID="LT9" LABEL="DropCapitalLine" DESCRIPTION="line type DropCapitalLine"/><OtherTag ID="LT10" LABEL="HeadingLine" DESCRIPTION="line type HeadingLine"/><OtherTag ID="LT11" LABEL="InterlinearLine" DESCRIPTION="line type InterlinearLine"/><OtherTag ID="LT12" LABEL="MusicLine" DESCRIPTION="line type MusicLine"/><OtherTag ID="LT746" LABEL="default" DESCRIPTION="line type default"/>
  </Tags>
  <Layout>
    <Page WIDTH="1414"
          HEIGHT="2261"
          PHYSICAL_IMG_NR="43"
          ID="eSc_dummypage_">
      <PrintSpace HPOS="0"
                  VPOS="0"
                  WIDTH="1414"
                  HEIGHT="2261">
        <TextBlock HPOS="109"
                   VPOS="167"
                   WIDTH="1044"
                   HEIGHT="720"
                   ID="block_6"
                   TAGREFS="BT100006">
          <Shape><Polygon POINTS="1145 167 1153 869 109 887 109 167"/></Shape>
          <TextLine ID="line_1"
                    TAGREFS="LT8"
                    BASELINE="108 218 1142 195" 
                    HPOS="106"
                    VPOS="146"
                    WIDTH="1036"
                    HEIGHT="92">
            <Shape><Polygon POINTS="108 218 108 232 120 238 121 238 123 238 219 237 263 228 363 232 364 232 365 232 392 224 394 224 400 224 456 229 457 229 512 222 517 222 519 222 537 228 539 228 540 228 541 228 565 221 568 221 571 221 623 228 624 228 783 217 799 216 804 216 847 223 848 223 849 223 850 223 860 214 862 214 871 214 967 221 969 221 970 221 989 212 990 212 991 212 1025 219 1026 219 1141 208 1142 195 1138 150 1077 158 1067 151 1060 146 1059 146 1058 146 1057 146 1013 153 1002 154 1000 153 989 148 987 148 986 148 985 148 984 148 974 154 962 160 832 158 814 158 813 158 811 158 809 158 785 164 766 159 755 157 754 157 752 157 730 160 708 164 702 162 691 155 690 155 688 155 609 163 598 164 584 164 452 159 451 159 449 159 448 159 436 168 428 173 390 173 373 169 335 162 334 162 286 170 261 165 260 165 258 165 241 173 238 174 236 173 219 165 218 165 217 165 216 165 194 174 188 178 139 178 134 175 120 169 119 169 118 169 116 169 106 174 108 218"/></Shape>
	    <String CONTENT="loix de la ſocieté ciuile. Qui fait cela que les grands du"
                    HPOS="106"
                    VPOS="146"
                    WIDTH="1036"
                    HEIGHT="92"
                    WC="0.9923435065705898"></String>
          </TextLine>
          <TextLine ID="line_2"
                    TAGREFS="LT8"
                    BASELINE="110 266 1145 241" 
                    HPOS="108"
                    VPOS="209"
                    WIDTH="1037"
                    HEIGHT="68">
            <Shape><Polygon POINTS="1064 209 1052 209 1048 209 1028 214 1025 214 1023 214 1005 209 1001 209 989 209 984 209 977 216 976 217 891 217 889 217 855 209 854 209 853 209 819 219 818 219 816 219 798 211 796 211 795 211 728 212 614 224 607 224 604 224 575 216 574 216 573 216 571 216 554 226 553 226 551 226 524 218 522 218 521 218 427 228 414 229 400 229 282 223 281 223 280 223 255 233 252 233 250 233 219 224 218 224 217 224 216 224 188 234 187 236 139 236 134 254 126 236 108 236 110 266 110 277 1145 252 1145 241 1141 212 1088 213 1085 213 1075 209 1064 209"/></Shape>
	    <String CONTENT="mnonde, par menees, fraudes &amp; trahiſons? Item ſelon Bar¬"
                    HPOS="108"
                    VPOS="209"
                    WIDTH="1037"
                    HEIGHT="68"
                    WC="0.9931204350931304"></String>
          </TextLine>
          <TextLine ID="line_3"
                    TAGREFS="LT8"
                    BASELINE="110 310 1145 288" 
                    HPOS="109"
                    VPOS="248"
                    WIDTH="1036"
                    HEIGHT="77">
            <Shape><Polygon POINTS="134 297 125 277 109 277 110 310 110 324 413 325 414 325 480 316 485 316 492 316 595 321 597 321 651 320 652 320 653 320 663 312 664 311 827 309 860 309 873 315 874 315 876 315 877 315 893 309 953 314 955 314 992 306 1068 311 1069 311 1070 311 1072 311 1085 303 1085 302 1145 301 1145 288 1142 249 1097 248 1096 248 1094 248 1088 251 1065 258 1036 252 1030 251 1029 251 1002 253 955 257 930 254 901 252 899 252 869 257 827 263 819 258 814 254 813 254 811 254 781 254 780 254 750 260 716 266 691 262 666 257 664 257 639 263 620 268 473 271 462 268 442 262 441 262 439 262 438 262 419 270 411 272 394 270 353 263 351 263 297 272 284 275 275 273 247 267 246 267 245 267 243 267 232 275 230 276 224 275 197 267 196 267 194 267 193 267 192 267 180 276 179 277 142 277 134 297"/></Shape>
	    <String CONTENT="thole, le rebelle eſt celuy qui ſe veut ſouſtraite de l&#x27;obeiſ¬"
                    HPOS="109"
                    VPOS="248"
                    WIDTH="1036"
                    HEIGHT="77"
                    WC="0.9731382064280971"></String>
          </TextLine>
          <TextLine ID="line_4"
                    TAGREFS="LT8"
                    BASELINE="110 360 1148 335" 
                    HPOS="109"
                    VPOS="301"
                    WIDTH="1039"
                    HEIGHT="75">
            <Shape><Polygon POINTS="134 347 126 326 109 327 110 360 110 376 1148 349 1148 335 1146 301 889 301 888 301 847 309 835 310 805 310 682 306 681 306 679 306 657 314 654 314 643 314 545 311 544 311 542 311 526 317 524 317 512 317 426 312 424 312 361 321 358 321 355 321 295 316 294 316 292 316 276 322 247 317 246 317 140 325 134 347"/></Shape>
	    <String CONTENT="ſance de ſon prince legitime. Qui eſt celuy qui a attenté"
                    HPOS="109"
                    VPOS="301"
                    WIDTH="1039"
                    HEIGHT="75"
                    WC="0.9934059741168186"></String>
          </TextLine>
          <TextLine ID="line_5"
                    TAGREFS="LT8"
                    BASELINE="114 405 1147 384" 
                    HPOS="113"
                    VPOS="346"
                    WIDTH="1034"
                    HEIGHT="79">
            <Shape><Polygon POINTS="114 405 114 417 144 424 145 425 217 425 217 424 218 424 219 424 230 418 295 423 296 423 412 420 413 420 414 420 428 412 428 410 491 410 515 418 516 418 517 418 519 418 539 409 540 409 576 415 578 415 633 408 643 414 644 414 646 414 647 414 648 414 666 406 671 406 765 412 766 412 806 404 808 404 834 412 835 412 837 412 898 401 904 400 972 400 975 400 1004 408 1005 408 1006 408 1146 396 1147 384 1145 350 1025 346 1024 346 943 354 930 355 927 355 909 349 908 349 907 349 873 356 869 356 865 356 844 350 843 350 842 350 739 359 720 360 711 360 661 354 659 354 658 354 642 361 641 361 638 361 599 355 598 355 486 365 477 365 473 365 437 359 436 359 434 359 414 366 413 368 253 370 233 370 203 364 202 364 201 364 170 371 133 365 131 365 130 365 113 373 114 405"/></Shape>
	    <String CONTENT="de changer de prince? Mais à le bien prendre, où eſt le"
                    HPOS="113"
                    VPOS="346"
                    WIDTH="1034"
                    HEIGHT="79"
                    WC="0.9951701896232471"></String>
          </TextLine>
          <TextLine ID="line_6"
                    TAGREFS="LT8"
                    BASELINE="118 454 1146 430" 
                    HPOS="116"
                    VPOS="390"
                    WIDTH="1030"
                    HEIGHT="82">
            <Shape><Polygon POINTS="118 454 118 472 393 459 502 460 560 462 561 462 578 459 604 454 652 457 701 459 702 459 703 459 705 459 711 455 717 452 755 454 811 457 813 457 814 457 815 457 822 452 825 448 874 448 891 449 927 454 928 454 970 448 984 445 1008 447 1089 450 1090 450 1145 442 1146 430 1142 390 1069 400 1035 393 1030 393 1029 393 1028 393 1024 394 1004 399 932 396 886 395 884 395 883 395 882 395 882 396 879 398 871 405 819 400 789 398 788 398 786 398 778 401 764 408 747 403 742 401 741 401 740 401 722 404 681 409 628 406 550 403 549 403 548 403 525 410 515 413 496 412 463 408 462 408 412 414 387 417 377 415 343 408 341 408 282 418 281 418 263 410 262 410 261 410 221 420 217 420 214 420 172 412 170 412 116 423 118 454"/></Shape>
	    <String CONTENT="prince legitime auquel on doyue ceſte obeiſſance que"
                    HPOS="116"
                    VPOS="390"
                    WIDTH="1030"
                    HEIGHT="82"
                    WC="0.9890738668350073"></String>
          </TextLine>
          <TextLine ID="line_7"
                    TAGREFS="LT8"
                    BASELINE="118 498 1142 474" 
                    HPOS="116"
                    VPOS="439"
                    WIDTH="1026"
                    HEIGHT="73">
            <Shape><Polygon POINTS="118 498 118 512 1142 488 1142 474 1139 442 979 439 977 439 976 439 961 445 956 449 899 449 894 448 881 442 879 442 878 442 877 442 876 442 865 448 862 450 859 449 847 443 845 443 844 443 766 444 765 444 764 444 756 452 755 452 736 445 735 445 734 445 732 445 712 453 706 454 696 453 657 447 656 447 654 447 653 447 641 454 639 455 634 454 602 448 600 448 505 458 491 459 488 459 468 452 467 452 466 452 394 453 393 453 392 453 382 462 380 462 378 462 334 454 333 454 280 464 277 464 275 464 233 457 232 457 231 457 208 466 170 460 169 460 116 468 118 498"/></Shape>
	    <String CONTENT="veut Barthole, ſi celuy qui ſe dit tel vſe de tyrannie into¬"
                    HPOS="116"
                    VPOS="439"
                    WIDTH="1026"
                    HEIGHT="73"
                    WC="0.9884256780147552"></String>
          </TextLine>
          <TextLine ID="line_8"
                    TAGREFS="LT8"
                    BASELINE="116 546 1147 523" 
                    HPOS="115"
                    VPOS="482"
                    WIDTH="1032"
                    HEIGHT="81">
            <Shape><Polygon POINTS="116 546 116 556 158 563 159 563 160 563 175 556 286 561 287 561 351 552 573 555 574 555 718 551 720 551 747 543 780 550 781 550 1033 537 1085 542 1087 542 1147 533 1147 523 1143 482 1083 491 1064 484 1063 484 1062 484 1018 492 981 486 977 486 976 486 975 486 974 486 961 496 906 497 867 489 865 489 823 498 805 491 803 489 801 489 800 489 771 492 623 503 581 497 580 497 579 497 563 506 452 506 439 501 434 498 433 498 432 498 431 498 424 501 407 507 372 502 350 499 349 499 325 503 282 511 250 506 236 503 235 503 233 503 227 506 217 509 207 507 197 503 196 503 194 503 193 503 179 507 162 512 148 508 135 504 134 504 133 504 115 508 116 546"/></Shape>
	    <String CONTENT="lerable, qu’il vueille vn renoncement de Dieu, ou la vie de"
                    HPOS="115"
                    VPOS="482"
                    WIDTH="1032"
                    HEIGHT="81"
                    WC="0.9947367189294201"></String>
          </TextLine>
          <TextLine ID="line_9"
                    TAGREFS="LT8"
                    BASELINE="118 594 1148 570" 
                    HPOS="116"
                    VPOS="530"
                    WIDTH="1032"
                    HEIGHT="80">
            <Shape><Polygon POINTS="118 594 118 604 204 610 206 610 338 600 409 605 411 605 449 597 542 602 544 602 545 602 546 602 559 595 766 597 767 597 769 597 791 590 811 596 813 596 814 596 848 589 858 595 859 595 860 595 862 595 932 586 984 592 985 592 1040 584 1116 589 1117 589 1118 589 1148 580 1148 570 1146 537 1094 530 1093 530 1038 531 1036 531 1035 531 1023 538 879 535 878 535 808 543 767 537 766 537 765 537 732 545 589 543 588 543 545 550 542 550 539 550 496 543 495 543 446 552 441 552 437 552 388 546 387 546 336 555 330 555 319 555 224 550 223 550 116 558 118 594"/></Shape>
	    <String CONTENT="fes ſubiets? Elie tua les cinquantaines d’Ochoſins &amp; les"
                    HPOS="116"
                    VPOS="530"
                    WIDTH="1032"
                    HEIGHT="80"
                    WC="0.9973865034324783"></String>
          </TextLine>
          <TextLine ID="line_10"
                    TAGREFS="LT8"
                    BASELINE="119 640 1155 616" 
                    HPOS="118"
                    VPOS="579"
                    WIDTH="1037"
                    HEIGHT="80">
            <Shape><Polygon POINTS="119 640 119 659 177 653 274 656 281 656 282 656 292 656 400 648 475 651 487 651 488 651 490 651 492 651 511 645 544 649 553 650 554 650 565 649 609 643 683 645 707 646 708 646 710 646 711 646 712 645 721 640 786 643 815 644 816 644 1155 633 1155 616 1151 579 937 587 931 584 927 581 926 581 925 581 923 581 922 581 907 585 896 587 873 586 830 582 829 582 828 582 815 587 808 590 799 587 783 584 781 584 780 584 779 584 767 589 762 591 750 590 721 585 720 585 667 591 649 594 641 592 612 587 610 587 473 597 446 599 438 599 394 592 393 592 341 601 336 601 330 601 265 596 263 596 262 596 247 602 232 596 231 596 230 596 173 605 137 599 135 599 134 599 118 605 119 640"/></Shape>
	    <String CONTENT="ſacrificateurs de Baal, &amp; preſcha contre l&#x27;idolatrie d’Iſrael"
                    HPOS="118"
                    VPOS="579"
                    WIDTH="1037"
                    HEIGHT="80"
                    WC="0.9792974151548792"></String>
          </TextLine>
          <TextLine ID="line_11"
                    TAGREFS="LT8"
                    BASELINE="121 688 1016 668 1140 670" 
                    HPOS="118"
                    VPOS="629"
                    WIDTH="1020"
                    HEIGHT="70">
            <Shape><Polygon POINTS="120 687 120 699 1138 676 1138 668 1136 629 714 629 712 629 710 629 708 629 697 638 695 638 635 631 633 631 444 644 443 644 441 644 377 636 375 636 373 636 371 636 356 646 201 640 199 640 118 651 120 687"/></Shape>
	    <String CONTENT="tout franehement. Achab l&#x27;iniuria du nom de perturba¬"
                    HPOS="118"
                    VPOS="629"
                    WIDTH="1020"
                    HEIGHT="70"
                    WC="0.9937845884629015"></String>
          </TextLine>
          <TextLine ID="line_12"
                    TAGREFS="LT8"
                    BASELINE="123 733 1140 713" 
                    HPOS="120"
                    VPOS="674"
                    WIDTH="1018"
                    HEIGHT="74">
            <Shape><Polygon POINTS="122 732 122 748 1138 725 1138 712 1133 674 120 687 122 732"/></Shape>
	    <String CONTENT="teur d’Iſrael, mais il luy reſpondit fort bien que c’eſtoit"
                    HPOS="120"
                    VPOS="674"
                    WIDTH="1018"
                    HEIGHT="74"
                    WC="0.9929148494187048"></String>
          </TextLine>
          <TextLine ID="line_13"
                    TAGREFS="LT8"
                    BASELINE="126 781 1150 756" 
                    HPOS="125"
                    VPOS="717"
                    WIDTH="1025"
                    HEIGHT="83">
            <Shape><Polygon POINTS="126 781 126 792 175 800 177 800 240 791 324 796 325 796 382 787 383 787 409 793 411 793 412 793 413 793 433 786 447 792 448 792 449 792 531 791 637 781 642 781 644 781 688 787 690 787 745 778 749 778 760 778 942 781 943 781 1148 768 1150 756 1146 717 1045 727 1005 721 995 719 994 719 982 721 941 729 813 727 811 727 810 727 783 733 750 728 741 727 740 727 739 727 731 728 707 734 696 729 690 727 688 727 687 727 686 727 685 727 681 729 672 736 659 731 653 728 652 728 651 728 649 728 648 728 644 731 634 737 622 732 618 731 617 731 615 731 588 733 511 739 496 736 485 732 483 732 482 732 343 736 341 736 324 741 307 744 281 742 247 738 246 738 219 743 202 747 186 744 158 741 157 741 125 746 126 781"/></Shape>
	    <String CONTENT="luy &amp; ſa maiſon, leſquels abandonnans toute pieté &amp; iu¬"
                    HPOS="125"
                    VPOS="717"
                    WIDTH="1025"
                    HEIGHT="83"
                    WC="0.9923177829810551"></String>
          </TextLine>
          <TextLine ID="line_14"
                    TAGREFS="LT8"
                    BASELINE="125 829 1147 806" 
                    HPOS="124"
                    VPOS="768"
                    WIDTH="1023"
                    HEIGHT="78">
            <Shape><Polygon POINTS="137 815 133 793 124 793 125 829 125 841 226 840 231 841 246 846 247 846 248 846 250 846 251 846 257 841 261 839 291 840 343 842 344 842 345 842 346 842 350 839 355 836 372 839 407 844 408 844 444 837 466 834 505 834 510 836 517 841 519 841 520 841 521 841 554 835 570 832 584 835 610 839 612 839 613 839 625 834 637 829 711 829 720 832 728 836 730 836 731 836 732 836 742 831 751 827 771 831 793 835 794 835 853 830 904 825 911 829 916 832 917 832 918 832 920 832 1062 829 1063 829 1064 829 1068 826 1073 821 1087 825 1094 827 1096 827 1097 827 1098 827 1103 825 1114 820 1145 824 1147 806 1145 773 1036 768 1035 768 962 776 917 771 916 771 915 771 891 777 862 772 860 772 829 778 749 775 747 775 746 775 728 781 691 776 690 776 688 776 664 782 664 783 350 783 349 783 348 783 331 790 330 790 328 790 294 785 292 785 144 792 137 815"/></Shape>
	    <String CONTENT="ſtice pyranniſoyent le peuple. Ce ſont donc tels princes"
                    HPOS="124"
                    VPOS="768"
                    WIDTH="1023"
                    HEIGHT="78"
                    WC="0.9997102948171752"></String>
          </TextLine>
          <TextLine ID="line_15"
                    TAGREFS="LT8"
                    BASELINE="133 872 483 867" 
                    HPOS="131"
                    VPOS="830"
                    WIDTH="352"
                    HEIGHT="63">
            <Shape><Polygon POINTS="133 872 133 889 218 893 219 893 221 893 236 886 242 885 250 886 276 891 277 891 304 885 316 881 418 881 423 883 454 889 456 889 457 889 483 880 483 867 481 837 306 830 305 830 304 830 302 830 287 840 238 840 221 831 219 831 218 831 217 831 216 831 204 840 165 834 164 834 163 834 131 841 133 872"/></Shape>
	    <String CONTENT="qui ſont ſeditieux."
                    HPOS="131"
                    VPOS="830"
                    WIDTH="352"
                    HEIGHT="63"
                    WC="0.9982071487527144"></String>
          </TextLine>
        </TextBlock>
        <TextBlock HPOS="218"
                   VPOS="88"
                   WIDTH="775"
                   HEIGHT="77"
                   ID="block_4"
                   TAGREFS="BT18">
          <Shape><Polygon POINTS="993 88 993 165 218 165 218 88"/></Shape>
          <TextLine ID="line_0"
                    TAGREFS="LT8"
                    BASELINE="213 153 820 139 996 137" 
                    HPOS="209"
                    VPOS="81"
                    WIDTH="786"
                    HEIGHT="94">
            <Shape><Polygon POINTS="982 88 963 88 944 88 925 88 906 88 887 88 869 88 850 88 831 88 812 88 793 88 774 88 756 88 737 88 718 88 699 88 680 88 661 88 642 88 637 88 624 88 605 88 586 88 567 88 548 88 522 92 493 88 492 88 473 88 454 88 435 88 431 88 414 94 386 88 378 88 360 88 341 88 329 88 209 99 211 152 211 175 995 152 995 135 991 82 982 81 982 88"/></Shape>
	    <String CONTENT="L&#x27;ESTAT DE FRANCE."
                    HPOS="209"
                    VPOS="81"
                    WIDTH="786"
                    HEIGHT="94"
                    WC="0.9999056491586897"></String>
          </TextLine>
        </TextBlock>
        <TextBlock HPOS="125"
                   VPOS="872"
                   WIDTH="1022"
                   HEIGHT="149"
                   ID="block_1"
                   TAGREFS="BT100008">
          <Shape><Polygon POINTS="1145 874 1147 1009 125 1021 125 872"/></Shape>
          <TextLine ID="line_16"
                    TAGREFS="LT8"
                    BASELINE="170 920 888 903 1144 900" 
                    HPOS="167"
                    VPOS="872"
                    WIDTH="975"
                    HEIGHT="68">
            <Shape><Polygon POINTS="1129 872 1110 872 1091 872 1072 872 1053 872 1035 872 1016 872 997 872 978 872 959 872 940 872 921 872 903 872 884 872 865 872 846 872 827 872 808 872 789 872 771 872 752 872 733 872 714 872 695 872 676 872 657 872 639 872 620 872 601 872 582 872 580 872 167 876 169 919 169 940 1142 919 1142 898 1136 872 1129 872"/></Shape>
	    <String CONTENT="AR. Mais quant aux armes priſes on void le contrai¬"
                    HPOS="167"
                    VPOS="872"
                    WIDTH="975"
                    HEIGHT="68"
                    WC="0.9948622409035178"></String>
          </TextLine>
          <TextLine ID="line_17"
                    TAGREFS="LT8"
                    BASELINE="129 967 1144 942" 
                    HPOS="126"
                    VPOS="906"
                    WIDTH="1016"
                    HEIGHT="79">
            <Shape><Polygon POINTS="128 966 128 985 1142 962 1142 940 1136 906 126 932 128 966"/></Shape>
	    <String CONTENT="re en Dauid, que meſme eſtãt creé Roy ne voulut vſer de"
                    HPOS="126"
                    VPOS="906"
                    WIDTH="1016"
                    HEIGHT="79"
                    WC="0.9767342178445113"></String>
          </TextLine>
          <TextLine ID="line_18"
                    TAGREFS="LT8"
                    BASELINE="131 1016 1153 993" 
                    HPOS="130"
                    VPOS="954"
                    WIDTH="1023"
                    HEIGHT="73">
            <Shape><Polygon POINTS="131 1016 131 1027 982 1016 1152 1006 1153 993 1151 962 1097 954 1096 954 995 957 994 957 992 957 979 964 814 960 813 960 685 970 659 964 658 964 657 964 656 964 639 973 583 973 245 973 243 973 130 983 131 1016"/></Shape>
	    <String CONTENT="reuãche contre Saul, lors meſme qu’il l’auoit en ſa main."
                    HPOS="130"
                    VPOS="954"
                    WIDTH="1023"
                    HEIGHT="73"
                    WC="0.9892058372497559"></String>
          </TextLine>
        </TextBlock>
        <TextBlock HPOS="129"
                   VPOS="1010"
                   WIDTH="1034"
                   HEIGHT="434"
                   ID="block_2"
                   TAGREFS="BT100008">
          <Shape><Polygon POINTS="1155 1010 1163 1432 129 1444 129 1018"/></Shape>
          <TextLine ID="line_20"
                    TAGREFS="LT8"
                    BASELINE="175 1061 1302 1037" 
                    HPOS="174"
                    VPOS="1001"
                    WIDTH="1128"
                    HEIGHT="76">
            <Shape><Polygon POINTS="175 1061 175 1077 246 1071 276 1076 286 1077 287 1077 289 1077 294 1076 312 1070 377 1073 411 1076 412 1076 431 1073 463 1067 492 1072 505 1073 506 1073 536 1071 617 1063 673 1068 693 1070 695 1070 696 1070 697 1070 700 1068 711 1061 893 1065 943 1065 945 1065 946 1065 951 1063 970 1056 984 1062 986 1063 987 1063 989 1063 1001 1062 1058 1055 1111 1060 1122 1061 1123 1061 1124 1061 1127 1060 1142 1052 1300 1056 1302 1037 1299 1002 1064 1001 1063 1001 1062 1001 1060 1001 1055 1006 1050 1009 923 1011 907 1008 888 1004 887 1004 886 1004 874 1008 864 1012 847 1009 828 1006 827 1006 727 1011 589 1018 507 1014 471 1013 470 1013 468 1013 462 1016 446 1022 351 1023 311 1018 301 1017 300 1017 285 1018 228 1024 174 1021 175 1061"/></Shape>
	    <String CONTENT="Po. Encor que Dauid ne portaſt armes ni pour aſſail- Du port"
                    HPOS="174"
                    VPOS="1001"
                    WIDTH="1128"
                    HEIGHT="76"
                    WC="0.9898958673079808"></String>
          </TextLine>
          <TextLine ID="line_21"
                    TAGREFS="LT8"
                    BASELINE="131 1109 643 1098 1077 1089 1283 1075" 
                    HPOS="130"
                    VPOS="1040"
                    WIDTH="1152"
                    HEIGHT="84">
            <Shape><Polygon POINTS="1183 1040 1165 1040 1153 1040 1144 1047 1142 1047 1133 1047 880 1045 863 1047 857 1047 829 1055 823 1055 571 1053 569 1053 503 1064 493 1064 476 1064 350 1058 348 1058 135 1072 130 1107 130 1124 1282 1098 1282 1073 1278 1045 1191 1040 1183 1040"/></Shape>
	    <String CONTENT="lir ni pour ſe venger, ſi en portoit-il pour ſe defendre. Au des ar¬"
                    HPOS="130"
                    VPOS="1040"
                    WIDTH="1152"
                    HEIGHT="84"
                    WC="0.992651459925315"></String>
          </TextLine>
          <TextLine ID="line_22"
                    TAGREFS="LT8"
                    BASELINE="133 1155 1147 1133" 
                    HPOS="131"
                    VPOS="1096"
                    WIDTH="1016"
                    HEIGHT="79">
            <Shape><Polygon POINTS="1112 1096 1099 1096 1087 1096 1074 1096 1062 1096 1049 1096 1036 1096 1025 1096 974 1106 892 1099 891 1099 845 1109 794 1102 793 1102 791 1102 775 1110 755 1101 754 1101 752 1101 751 1101 712 1111 682 1104 681 1104 679 1104 566 1115 485 1107 483 1107 482 1107 481 1107 465 1119 407 1119 390 1110 389 1110 388 1110 330 1120 314 1111 312 1111 311 1111 243 1122 204 1114 203 1114 202 1114 201 1114 183 1125 164 1125 157 1153 148 1125 131 1125 133 1155 133 1175 304 1164 696 1164 728 1164 728 1163 730 1163 731 1163 759 1154 800 1161 805 1161 806 1161 808 1161 809 1161 809 1160 815 1155 873 1159 874 1159 876 1159 877 1159 899 1151 917 1159 918 1159 920 1159 921 1159 928 1158 979 1149 1146 1153 1147 1133 1146 1104 1118 1096 1112 1096"/></Shape>
	    <String CONTENT="ſurplus Dauid auoit don de Prophetie, &amp; ſcauoit le tẽps"
                    HPOS="131"
                    VPOS="1096"
                    WIDTH="1016"
                    HEIGHT="79"
                    WC="0.9872095361351967"></String>
          </TextLine>
          <TextLine ID="line_23"
                    TAGREFS="LT8"
                    BASELINE="133 1200 1155 1182" 
                    HPOS="131"
                    VPOS="1143"
                    WIDTH="1024"
                    HEIGHT="76">
            <Shape><Polygon POINTS="157 1198 148 1170 131 1170 133 1200 133 1212 177 1219 178 1219 179 1219 204 1213 520 1213 521 1213 522 1213 537 1207 544 1205 561 1207 607 1212 608 1212 653 1205 678 1202 1155 1199 1155 1182 1151 1149 1065 1151 1058 1150 1018 1143 1016 1143 1015 1143 1014 1143 1002 1151 1001 1153 996 1151 960 1144 959 1144 918 1153 894 1145 893 1145 892 1145 891 1145 867 1155 863 1156 859 1155 847 1148 845 1148 844 1148 796 1156 786 1158 785 1156 772 1148 771 1148 770 1148 745 1148 744 1148 639 1160 629 1160 623 1160 554 1153 553 1153 510 1163 507 1163 506 1163 487 1154 486 1154 485 1154 483 1154 482 1154 470 1164 468 1164 452 1164 271 1156 270 1156 268 1156 267 1156 251 1168 164 1170 157 1198"/></Shape>
	    <String CONTENT="determiné pour eſtre rẽdu poſſeſſeur de ſon Royaume,"
                    HPOS="131"
                    VPOS="1143"
                    WIDTH="1024"
                    HEIGHT="76"
                    WC="0.9831101419749083"></String>
          </TextLine>
          <TextLine ID="line_24"
                    TAGREFS="LT8"
                    BASELINE="137 1246 1157 1228" 
                    HPOS="135"
                    VPOS="1189"
                    WIDTH="1022"
                    HEIGHT="77">
            <Shape><Polygon POINTS="137 1246 137 1266 223 1257 267 1263 280 1264 281 1264 306 1262 377 1254 451 1258 498 1261 500 1261 540 1256 579 1252 652 1253 764 1256 765 1256 794 1249 809 1247 822 1249 852 1254 853 1254 854 1254 868 1248 871 1246 966 1244 974 1246 1009 1252 1010 1252 1011 1252 1030 1244 1142 1248 1143 1248 1145 1248 1146 1248 1157 1241 1157 1228 1155 1194 1122 1189 1121 1189 1119 1189 1099 1195 1087 1198 1072 1195 1043 1190 1041 1190 1040 1190 1039 1190 1030 1197 1026 1199 1021 1197 1015 1194 1014 1194 1013 1194 1011 1194 1001 1197 989 1200 980 1198 965 1192 964 1192 962 1192 961 1192 936 1198 935 1198 798 1194 796 1194 795 1194 794 1194 786 1200 741 1195 740 1195 739 1195 721 1203 716 1205 703 1204 664 1197 663 1197 662 1197 661 1197 648 1204 647 1205 646 1205 625 1198 624 1198 623 1198 569 1207 556 1208 536 1207 475 1204 473 1204 436 1209 427 1210 421 1209 385 1203 384 1203 383 1203 356 1212 354 1212 351 1212 328 1203 326 1203 325 1203 324 1203 323 1203 310 1212 310 1213 282 1213 281 1213 271 1205 270 1205 268 1205 267 1205 235 1212 213 1204 212 1204 211 1204 209 1204 208 1204 194 1214 186 1208 184 1208 183 1208 182 1208 135 1215 137 1246"/></Shape>
	    <String CONTENT="qu’il deuoit obtenir par la deſpouille de Saul: &amp; pourtant"
                    HPOS="135"
                    VPOS="1189"
                    WIDTH="1022"
                    HEIGHT="77"
                    WC="0.9967420039505794"></String>
          </TextLine>
          <TextLine ID="line_25"
                    TAGREFS="LT8"
                    BASELINE="137 1296 538 1287 1156 1273" 
                    HPOS="133"
                    VPOS="1237"
                    WIDTH="1022"
                    HEIGHT="76">
            <Shape><Polygon POINTS="135 1294 135 1313 1155 1288 1155 1271 1151 1237 714 1237 712 1237 633 1249 627 1249 625 1249 558 1241 556 1241 554 1241 552 1241 539 1251 537 1251 465 1243 463 1243 461 1243 460 1243 444 1252 382 1245 380 1245 335 1254 301 1247 299 1247 297 1247 133 1260 135 1294"/></Shape>
	    <String CONTENT="ne voulut riẽ precipiter, &amp; meſme ſupporta depuis Iſbo¬"
                    HPOS="133"
                    VPOS="1237"
                    WIDTH="1022"
                    HEIGHT="76"
                    WC="0.9854957237839699"></String>
          </TextLine>
          <TextLine ID="line_26"
                    TAGREFS="LT8"
                    BASELINE="137 1342 1162 1322" 
                    HPOS="135"
                    VPOS="1282"
                    WIDTH="1027"
                    HEIGHT="79">
            <Shape><Polygon POINTS="137 1342 138 1361 159 1355 261 1359 263 1359 265 1359 268 1359 394 1350 767 1350 778 1350 778 1349 788 1349 1132 1336 1160 1341 1162 1322 1160 1283 1064 1282 1063 1282 1062 1282 1049 1286 1030 1291 981 1287 955 1286 953 1286 952 1286 946 1288 936 1292 923 1288 906 1285 904 1285 903 1285 902 1285 901 1285 894 1290 888 1293 877 1290 863 1286 862 1286 860 1286 859 1286 847 1291 837 1295 794 1292 727 1288 726 1288 617 1297 576 1300 566 1298 536 1292 535 1292 534 1292 507 1300 501 1302 390 1303 369 1303 201 1298 199 1298 198 1298 197 1298 197 1300 187 1307 158 1300 157 1300 155 1300 154 1300 135 1307 137 1342"/></Shape>
	    <String CONTENT="ſet fils de Saul, en cõſideration du biẽ public lequel il ne"
                    HPOS="135"
                    VPOS="1282"
                    WIDTH="1027"
                    HEIGHT="79"
                    WC="0.9868617009732031"></String>
          </TextLine>
          <TextLine ID="line_27"
                    TAGREFS="LT8"
                    BASELINE="140 1388 1160 1369" 
                    HPOS="139"
                    VPOS="1330"
                    WIDTH="1021"
                    HEIGHT="75">
            <Shape><Polygon POINTS="140 1388 140 1399 201 1405 202 1405 203 1405 204 1405 214 1399 216 1399 233 1399 476 1400 477 1400 522 1395 550 1391 1158 1388 1160 1369 1156 1330 1057 1337 1040 1332 1036 1331 1035 1331 1034 1331 1033 1331 1031 1331 1030 1332 1019 1339 971 1333 955 1332 953 1332 952 1332 947 1333 932 1340 913 1335 907 1333 906 1333 904 1333 903 1333 897 1335 874 1341 761 1339 702 1337 701 1337 700 1337 693 1340 681 1345 656 1341 639 1339 638 1339 637 1339 635 1339 632 1341 627 1345 598 1342 568 1340 566 1340 565 1340 556 1344 545 1347 515 1344 485 1341 483 1341 482 1341 472 1345 463 1350 394 1350 389 1347 382 1344 380 1344 379 1344 378 1344 377 1344 370 1347 367 1350 348 1349 316 1345 315 1345 290 1350 272 1354 139 1354 140 1388"/></Shape>
	    <String CONTENT="vouloit nullement troubler, ſachãt que les fureurs ciuiles"
                    HPOS="139"
                    VPOS="1330"
                    WIDTH="1021"
                    HEIGHT="75"
                    WC="0.9970849924168345"></String>
          </TextLine>
          <TextLine ID="line_28"
                    TAGREFS="LT8"
                    BASELINE="140 1436 824 1421" 
                    HPOS="139"
                    VPOS="1384"
                    WIDTH="685"
                    HEIGHT="71">
            <Shape><Polygon POINTS="140 1436 140 1452 219 1455 221 1455 222 1455 235 1449 238 1447 378 1444 387 1445 419 1452 421 1452 422 1452 423 1452 433 1444 434 1443 439 1444 465 1450 466 1450 467 1450 537 1449 590 1439 597 1439 602 1439 651 1447 652 1447 756 1436 794 1443 795 1443 796 1443 824 1433 824 1421 820 1391 761 1393 755 1391 717 1384 716 1384 673 1393 667 1394 663 1393 643 1386 642 1386 641 1386 639 1386 620 1394 617 1395 613 1394 597 1386 595 1386 594 1386 549 1395 531 1399 441 1399 436 1396 427 1390 426 1390 424 1390 423 1390 387 1398 365 1401 358 1398 349 1393 348 1393 346 1393 285 1394 284 1394 282 1394 282 1395 277 1399 272 1403 139 1401 140 1436"/></Shape>
	    <String CONTENT="ſont maladies dangereuſes de l’eſtat."
                    HPOS="139"
                    VPOS="1384"
                    WIDTH="685"
                    HEIGHT="71"
                    WC="0.9990628281155148"></String>
          </TextLine>
        </TextBlock>
        <TextBlock HPOS="1061"
                   VPOS="90"
                   WIDTH="91"
                   HEIGHT="69"
                   ID="eSc_textblock_cac8309f"
                   TAGREFS="BT15">
          <Shape><Polygon POINTS="1061 90 1061 159 1152 159 1152 90"/></Shape>
          <TextLine ID="eSc_line_247bdf11"
                    TAGREFS="LT8"
                    BASELINE="1069 137 1137 136" 
                    HPOS="1068"
                    VPOS="92"
                    WIDTH="68"
                    HEIGHT="71">
            <Shape><Polygon POINTS="1068 135 1068 150 1134 163 1136 135 1136 94 1068 92 1068 135"/></Shape>
	    <String CONTENT="123"
                    HPOS="1068"
                    VPOS="92"
                    WIDTH="68"
                    HEIGHT="71"
                    WC="0.9999972979227701"></String>
          </TextLine>
        </TextBlock>
        <TextBlock HPOS="1155"
                   VPOS="626"
                   WIDTH="168"
                   HEIGHT="114"
                   ID="eSc_textblock_6228bfed"
                   TAGREFS="BT100009">
          <Shape><Polygon POINTS="1155 626 1155 740 1323 740 1323 626"/></Shape>
          <TextLine ID="eSc_line_cdfc30dc"
                    TAGREFS="LT8"
                    BASELINE="1159 671 1315 674" 
                    HPOS="1155"
                    VPOS="627"
                    WIDTH="159"
                    HEIGHT="81">
            <Shape><Polygon POINTS="1233 627 1221 627 1210 634 1204 636 1157 636 1157 670 1155 691 1200 706 1202 706 1204 706 1238 700 1255 699 1310 708 1314 672 1312 634 1246 627 1233 627"/></Shape>
	    <String CONTENT="1. Rois 18."
                    HPOS="1155"
                    VPOS="627"
                    WIDTH="159"
                    HEIGHT="81"
                    WC="0.9417472102425315"></String>
          </TextLine>
          <TextLine ID="eSc_line_78d4fa48"
                    TAGREFS="LT8"
                    BASELINE="1159 713 1202 712" 
                    HPOS="1155"
                    VPOS="676"
                    WIDTH="45"
                    HEIGHT="60">
            <Shape><Polygon POINTS="1157 712 1157 734 1199 736 1200 710 1197 682 1155 676 1157 712"/></Shape>
	    <String CONTENT="18."
                    HPOS="1155"
                    VPOS="676"
                    WIDTH="45"
                    HEIGHT="60"
                    WC="0.9791301290194193"></String>
          </TextLine>
        </TextBlock>
        <TextBlock HPOS="142"
                   VPOS="1440"
                   WIDTH="1038"
                   HEIGHT="630"
                   ID="block_0"
                   TAGREFS="BT100008">
          <Shape><Polygon POINTS="1180 1440 1180 2070 142 2070 142 1440"/></Shape>
          <TextLine ID="line_29"
                    TAGREFS="LT8"
                    BASELINE="183 1482 1162 1460" 
                    HPOS="182"
                    VPOS="1420"
                    WIDTH="980"
                    HEIGHT="81">
            <Shape><Polygon POINTS="183 1482 183 1492 235 1501 236 1501 237 1501 238 1501 253 1491 297 1491 350 1498 351 1498 424 1489 558 1493 559 1493 560 1493 580 1485 642 1492 643 1492 823 1480 872 1487 873 1487 960 1478 985 1484 986 1484 987 1484 989 1484 1024 1475 1044 1483 1045 1483 1046 1483 1108 1474 1139 1480 1141 1480 1142 1480 1162 1470 1162 1460 1160 1428 1128 1420 1127 1420 1001 1430 931 1424 930 1424 928 1424 916 1430 839 1426 838 1426 837 1426 808 1435 806 1435 803 1435 707 1429 706 1429 642 1439 641 1439 638 1439 589 1431 588 1431 526 1442 525 1443 485 1443 460 1443 446 1435 444 1435 443 1435 442 1435 441 1435 439 1435 429 1444 400 1444 378 1436 377 1436 375 1436 374 1436 353 1445 299 1438 297 1438 296 1438 265 1447 206 1442 204 1442 203 1442 182 1449 183 1482"/></Shape>
	    <String CONTENT="AR. Ie ne reierte point ces raiſons la, &amp; eſtime grãde"
                    HPOS="182"
                    VPOS="1420"
                    WIDTH="980"
                    HEIGHT="81"
                    WC="0.9710209109566429"></String>
          </TextLine>
          <TextLine ID="line_30"
                    TAGREFS="LT8"
                    BASELINE="143 1528 1163 1508" 
                    HPOS="142"
                    VPOS="1468"
                    WIDTH="1021"
                    HEIGHT="79">
            <Shape><Polygon POINTS="143 1528 143 1539 203 1547 204 1547 206 1547 207 1547 217 1541 589 1541 589 1539 1163 1519 1163 1508 1158 1468 1131 1477 1111 1469 1109 1469 1108 1469 1107 1469 1087 1478 1025 1472 1013 1470 1011 1470 1010 1470 1004 1472 976 1479 953 1473 947 1472 946 1472 945 1472 931 1474 892 1482 860 1475 843 1473 842 1473 840 1473 824 1477 814 1479 801 1478 779 1474 778 1474 776 1474 767 1478 760 1482 751 1479 739 1475 737 1475 736 1475 735 1475 725 1479 712 1485 662 1482 615 1478 614 1478 541 1485 493 1489 482 1487 461 1480 460 1480 458 1480 364 1491 330 1493 315 1492 268 1484 267 1484 266 1484 265 1484 253 1493 251 1494 241 1493 206 1489 204 1489 142 1496 143 1528"/></Shape>
	    <String CONTENT="vertu à vn prince que quãd vn mal eſt aduenu en ſon eſtat"
                    HPOS="142"
                    VPOS="1468"
                    WIDTH="1021"
                    HEIGHT="79"
                    WC="0.9992683671288571"></String>
          </TextLine>
          <TextLine ID="line_31"
                    TAGREFS="LT8"
                    BASELINE="143 1576 1166 1556" 
                    HPOS="142"
                    VPOS="1517"
                    WIDTH="1024"
                    HEIGHT="71">
            <Shape><Polygon POINTS="143 1576 143 1588 1166 1573 1166 1556 1162 1517 995 1526 937 1521 931 1521 930 1521 928 1521 927 1521 908 1528 868 1522 863 1522 862 1522 860 1522 859 1522 845 1529 825 1523 824 1523 823 1523 822 1523 808 1529 752 1524 747 1524 746 1524 745 1524 744 1524 732 1531 642 1527 638 1527 637 1527 635 1527 581 1534 505 1529 500 1529 498 1529 496 1529 462 1537 142 1537 143 1576"/></Shape>
	    <String CONTENT="&amp; qu’ily a du trouble, de manier dextrement les eſprits,"
                    HPOS="142"
                    VPOS="1517"
                    WIDTH="1024"
                    HEIGHT="71"
                    WC="0.9976732060313225"></String>
          </TextLine>
          <TextLine ID="line_32"
                    TAGREFS="LT8"
                    BASELINE="144 1622 1167 1602" 
                    HPOS="143"
                    VPOS="1566"
                    WIDTH="1024"
                    HEIGHT="74">
            <Shape><Polygon POINTS="144 1622 144 1634 266 1640 267 1640 268 1640 270 1640 279 1632 334 1639 335 1639 336 1639 338 1639 350 1631 462 1636 463 1636 465 1636 477 1630 509 1635 510 1635 583 1627 653 1632 654 1632 690 1625 718 1631 720 1631 1167 1614 1167 1602 1163 1568 972 1575 965 1571 956 1566 955 1566 912 1566 911 1566 862 1572 818 1577 766 1573 720 1570 718 1570 717 1570 710 1573 701 1578 685 1575 672 1571 671 1571 669 1571 668 1571 667 1571 662 1575 652 1581 615 1575 594 1572 593 1572 591 1572 590 1572 586 1576 575 1583 525 1583 501 1577 497 1576 496 1576 416 1576 414 1576 395 1578 330 1587 143 1582 144 1622"/></Shape>
	    <String CONTENT="à fin que gueriſſant leurs playes, il rende l’eſtat entier &amp;"
                    HPOS="143"
                    VPOS="1566"
                    WIDTH="1024"
                    HEIGHT="74"
                    WC="0.9787514844878775"></String>
          </TextLine>
          <TextLine ID="line_33"
                    TAGREFS="LT8"
                    BASELINE="144 1668 1168 1648" 
                    HPOS="143"
                    VPOS="1611"
                    WIDTH="1025"
                    HEIGHT="74">
            <Shape><Polygon POINTS="144 1668 144 1685 1167 1666 1168 1648 1166 1620 1104 1611 1103 1611 969 1621 942 1615 941 1615 940 1615 903 1624 901 1624 897 1624 848 1616 847 1616 772 1626 764 1626 755 1626 688 1620 687 1620 686 1620 659 1627 654 1629 652 1627 642 1622 641 1622 639 1622 597 1629 583 1630 571 1629 527 1622 526 1622 525 1622 524 1622 515 1629 473 1624 472 1624 471 1624 458 1631 453 1634 377 1634 372 1632 363 1626 361 1626 360 1626 359 1626 358 1626 333 1632 321 1635 307 1632 274 1627 272 1627 271 1627 270 1627 262 1634 257 1636 235 1634 192 1630 191 1630 143 1635 144 1668"/></Shape>
	    <String CONTENT="ſain &amp; ſa ſeigneurie demeure ſauue. C’eſt vne vraye &amp; na"
                    HPOS="143"
                    VPOS="1611"
                    WIDTH="1025"
                    HEIGHT="74"
                    WC="0.9904392500008855"></String>
          </TextLine>
          <TextLine ID="line_34"
                    TAGREFS="LT8"
                    BASELINE="147 1717 1172 1695" 
                    HPOS="145"
                    VPOS="1655"
                    WIDTH="1027"
                    HEIGHT="77">
            <Shape><Polygon POINTS="147 1717 147 1732 1172 1710 1172 1695 1171 1663 1142 1655 1141 1655 1139 1655 1060 1665 1052 1665 1045 1665 995 1658 994 1658 873 1660 872 1660 842 1669 808 1664 806 1664 774 1670 693 1664 692 1664 691 1664 690 1664 678 1673 677 1673 673 1673 537 1668 536 1668 535 1668 510 1676 509 1676 507 1676 453 1669 452 1669 451 1669 417 1679 369 1679 359 1673 358 1673 356 1673 355 1673 262 1681 226 1674 224 1674 145 1684 147 1717"/></Shape>
	    <String CONTENT="turelle prudẽce, de rẽdre les offẽſez ſatisfaits en accordãt"
                    HPOS="145"
                    VPOS="1655"
                    WIDTH="1027"
                    HEIGHT="77"
                    WC="0.9910849034786224"></String>
          </TextLine>
          <TextLine ID="line_35"
                    TAGREFS="LT8"
                    BASELINE="147 1763 1172 1743" 
                    HPOS="145"
                    VPOS="1707"
                    WIDTH="1027"
                    HEIGHT="72">
            <Shape><Polygon POINTS="147 1763 147 1779 472 1769 481 1772 493 1776 495 1776 496 1776 658 1773 728 1766 735 1766 739 1766 781 1771 783 1771 784 1771 785 1771 791 1764 794 1763 800 1764 833 1769 834 1769 835 1769 850 1763 853 1762 881 1762 1024 1766 1025 1766 1026 1766 1043 1758 1044 1758 1046 1758 1090 1763 1092 1763 1172 1754 1172 1743 1170 1709 917 1707 916 1707 915 1707 913 1707 903 1714 903 1715 899 1715 869 1708 868 1708 867 1708 865 1708 853 1715 849 1718 832 1717 798 1713 796 1713 795 1713 794 1713 788 1718 783 1720 744 1720 741 1718 725 1710 723 1710 722 1710 721 1710 720 1710 706 1719 703 1720 702 1719 690 1713 688 1713 687 1713 686 1713 657 1720 651 1722 642 1720 595 1714 594 1714 593 1714 591 1714 579 1722 576 1724 554 1724 553 1723 541 1714 540 1714 539 1714 537 1714 536 1714 535 1714 524 1723 521 1725 461 1725 456 1725 407 1717 405 1717 404 1717 364 1727 328 1719 326 1719 274 1729 271 1729 270 1729 216 1720 214 1720 213 1720 212 1720 198 1732 145 1732 147 1763"/></Shape>
	    <String CONTENT="quelque choſe à ceux qui ont iuſte occaſiõ de ſe plaindre:"
                    HPOS="145"
                    VPOS="1707"
                    WIDTH="1027"
                    HEIGHT="72"
                    WC="0.9968960811694463"></String>
          </TextLine>
          <TextLine ID="line_36"
                    TAGREFS="LT8"
                    BASELINE="148 1808 1175 1789" 
                    HPOS="147"
                    VPOS="1752"
                    WIDTH="1028"
                    HEIGHT="74">
            <Shape><Polygon POINTS="148 1808 148 1821 250 1826 251 1826 252 1826 253 1826 262 1820 263 1820 267 1820 349 1823 350 1823 351 1823 368 1817 370 1817 374 1817 414 1823 416 1823 417 1823 431 1816 432 1816 437 1816 476 1822 477 1822 509 1815 512 1815 516 1815 556 1821 558 1821 652 1813 693 1818 695 1818 762 1810 772 1808 1038 1805 1046 1805 1104 1811 1106 1811 1173 1802 1175 1789 1172 1756 1114 1752 1113 1752 1112 1752 1101 1757 1090 1761 1074 1757 1059 1754 1058 1754 1033 1758 1010 1762 995 1759 972 1754 971 1754 970 1754 969 1754 961 1759 957 1763 942 1761 916 1756 915 1756 853 1762 852 1762 789 1758 788 1758 744 1764 737 1766 734 1766 713 1759 712 1759 711 1759 668 1767 664 1767 663 1767 647 1761 646 1761 644 1761 643 1761 614 1768 608 1769 607 1768 598 1762 597 1762 595 1762 594 1762 593 1762 591 1762 581 1768 579 1771 488 1772 482 1771 457 1764 456 1764 454 1764 453 1764 436 1772 433 1772 367 1766 365 1766 364 1766 339 1774 338 1774 335 1774 284 1767 282 1767 281 1767 265 1776 263 1777 147 1778 148 1808"/></Shape>
	    <String CONTENT="car en les cõtentãt on gaigne leur cœur &amp; en tire-on plus"
                    HPOS="147"
                    VPOS="1752"
                    WIDTH="1028"
                    HEIGHT="74"
                    WC="0.997264624652216"></String>
          </TextLine>
          <TextLine ID="line_37"
                    TAGREFS="LT8"
                    BASELINE="148 1857 1172 1835" 
                    HPOS="147"
                    VPOS="1810"
                    WIDTH="1025"
                    HEIGHT="66">
            <Shape><Polygon POINTS="1165 1810 1152 1810 1139 1810 1127 1810 1114 1810 1102 1810 1089 1810 1077 1810 1064 1810 1052 1810 1039 1810 1026 1810 1014 1810 1001 1810 989 1810 976 1810 964 1810 951 1810 938 1810 926 1810 913 1810 911 1810 903 1810 901 1810 899 1810 888 1810 876 1810 863 1810 858 1810 854 1811 852 1810 850 1810 838 1810 825 1810 813 1810 800 1810 788 1810 775 1810 767 1810 766 1811 762 1815 618 1816 604 1813 584 1810 583 1810 563 1815 542 1818 495 1815 449 1812 448 1812 447 1812 439 1816 429 1821 419 1816 413 1813 412 1813 411 1813 395 1817 373 1822 364 1817 361 1815 360 1815 359 1815 358 1815 356 1815 348 1817 333 1822 315 1818 307 1816 306 1816 305 1816 147 1820 148 1857 148 1876 1172 1850 1172 1835 1170 1810 1165 1810"/></Shape>
	    <String CONTENT="d’obeiſſance. I’aduoue auſsi que quãd ils ſe roidiſſent ſans"
                    HPOS="147"
                    VPOS="1810"
                    WIDTH="1025"
                    HEIGHT="66"
                    WC="0.9954281048696549"></String>
          </TextLine>
          <TextLine ID="line_38"
                    TAGREFS="LT8"
                    BASELINE="147 1904 1178 1884" 
                    HPOS="145"
                    VPOS="1845"
                    WIDTH="1033"
                    HEIGHT="78">
            <Shape><Polygon POINTS="147 1904 148 1923 163 1916 305 1919 334 1919 335 1919 1177 1896 1178 1884 1176 1845 1122 1845 1121 1845 1119 1845 1118 1845 1117 1846 1106 1852 1058 1847 1044 1846 1043 1846 1041 1846 1040 1846 1038 1847 1028 1854 920 1851 871 1850 869 1850 783 1855 654 1861 600 1859 531 1856 530 1856 529 1856 527 1856 522 1861 519 1864 411 1864 170 1864 169 1864 168 1864 145 1870 147 1904"/></Shape>
	    <String CONTENT="riẽ quitter, de là viẽt la perte des eſtats &amp; l’aneantiſſemẽt"
                    HPOS="145"
                    VPOS="1845"
                    WIDTH="1033"
                    HEIGHT="78"
                    WC="0.9862640408369211"></String>
          </TextLine>
          <TextLine ID="line_39"
                    TAGREFS="LT8"
                    BASELINE="148 1950 1175 1930" 
                    HPOS="147"
                    VPOS="1891"
                    WIDTH="1028"
                    HEIGHT="78">
            <Shape><Polygon POINTS="148 1950 148 1962 197 1969 198 1969 199 1969 216 1962 223 1968 224 1968 226 1968 227 1968 340 1967 1175 1944 1175 1930 1172 1891 1126 1891 1124 1891 1123 1891 1121 1892 1096 1901 1054 1894 1045 1892 1044 1892 948 1896 947 1896 946 1896 933 1904 886 1897 868 1896 867 1896 865 1896 864 1896 862 1899 849 1906 824 1900 815 1897 814 1897 813 1897 811 1897 803 1900 778 1908 715 1903 683 1900 682 1900 635 1901 634 1901 633 1901 629 1905 623 1909 615 1905 610 1903 609 1903 608 1903 607 1903 605 1903 602 1905 591 1913 525 1913 515 1908 507 1904 506 1904 505 1904 504 1904 487 1909 465 1914 405 1910 339 1906 338 1906 336 1906 335 1906 328 1913 326 1913 324 1913 289 1908 287 1908 286 1908 285 1908 277 1914 271 1919 224 1919 219 1915 213 1910 212 1910 211 1910 209 1910 147 1916 148 1950"/></Shape>
	    <String CONTENT="de la maieſté des princes &amp; de la patrie. Et cõme il a eſté"
                    HPOS="147"
                    VPOS="1891"
                    WIDTH="1028"
                    HEIGHT="78"
                    WC="0.9983234242085488"></String>
          </TextLine>
          <TextLine ID="line_40"
                    TAGREFS="LT8"
                    BASELINE="149 2000 1176 1977" 
                    HPOS="148"
                    VPOS="1940"
                    WIDTH="1028"
                    HEIGHT="73">
            <Shape><Polygon POINTS="149 2000 149 2013 1176 1990 1176 1977 1173 1946 1046 1940 1045 1940 1044 1940 1014 1949 1010 1949 997 1949 912 1943 911 1943 824 1951 795 1954 785 1951 764 1946 762 1946 761 1946 760 1946 746 1953 740 1955 723 1953 690 1948 688 1948 584 1950 583 1950 563 1955 549 1959 522 1957 491 1953 490 1953 488 1953 480 1957 471 1963 148 1963 149 2000"/></Shape>
	    <String CONTENT="dit, les guerres principalement les ciuiles, rendent vn"
                    HPOS="148"
                    VPOS="1940"
                    WIDTH="1028"
                    HEIGHT="73"
                    WC="0.9931747425686229"></String>
          </TextLine>
          <TextLine ID="line_41"
                    TAGREFS="LT8"
                    BASELINE="153 2053 965 2028 1176 2029" 
                    HPOS="150"
                    VPOS="1988"
                    WIDTH="1026"
                    HEIGHT="110">
            <Shape><Polygon POINTS="177 2023 172 2014 150 2016 153 2053 153 2097 222 2098 223 2098 224 2098 226 2098 228 2096 262 2070 314 2070 331 2081 333 2081 334 2081 335 2081 336 2081 382 2066 461 2065 477 2065 520 2088 521 2090 522 2090 524 2090 525 2090 526 2090 532 2088 593 2068 627 2086 628 2086 629 2086 630 2086 632 2086 634 2086 656 2080 711 2083 717 2083 718 2083 720 2083 721 2083 728 2076 752 2082 756 2083 757 2083 759 2083 775 2082 822 2076 844 2080 852 2081 853 2081 854 2081 857 2080 911 2051 987 2049 1046 2049 1098 2073 1099 2073 1101 2073 1176 2071 1176 2029 1173 1988 972 1988 971 1988 970 1988 943 1994 938 1995 930 1995 873 1990 872 1990 871 1990 869 1990 860 1997 859 1997 820 1992 819 1992 818 1992 801 1999 799 1999 776 1999 643 1997 642 1997 597 2004 585 2007 488 2008 486 2007 478 2002 477 2002 476 2002 475 2002 441 2008 434 2009 431 2008 416 2003 414 2003 413 2003 346 2011 325 2013 314 2012 282 2007 281 2007 180 2014 177 2023"/></Shape>
	    <String CONTENT="peuple farouche, ſauuage &amp; ſans pieté: &amp; font des rauages"
                    HPOS="150"
                    VPOS="1988"
                    WIDTH="1026"
                    HEIGHT="110"
                    WC="0.9721931136887649"></String>
          </TextLine>
        </TextBlock>
        <TextBlock HPOS="1158"
                   VPOS="871"
                   WIDTH="164"
                   HEIGHT="92"
                   ID="eSc_textblock_852adae8"
                   TAGREFS="BT100009">
          <Shape><Polygon POINTS="1158 871 1158 963 1322 963 1322 871"/></Shape>
          <TextLine ID="eSc_line_9c9214cd"
                    TAGREFS="LT8"
                    BASELINE="1166 900 1319 898" 
                    HPOS="1163"
                    VPOS="872"
                    WIDTH="154"
                    HEIGHT="60">
            <Shape><Polygon POINTS="1295 872 1276 872 1257 872 1238 872 1219 872 1200 872 1182 872 1163 872 1165 898 1165 917 1212 917 1227 930 1227 932 1229 932 1231 932 1233 932 1317 919 1317 896 1312 872 1295 872"/></Shape>
	    <String CONTENT="1.Sa.24 &amp;"
                    HPOS="1163"
                    VPOS="872"
                    WIDTH="154"
                    HEIGHT="60"
                    WC="0.9138131936391195"></String>
          </TextLine>
          <TextLine ID="eSc_line_7679cc05"
                    TAGREFS="LT8"
                    BASELINE="1166 941 1215 940" 
                    HPOS="1163"
                    VPOS="908"
                    WIDTH="51"
                    HEIGHT="58">
            <Shape><Polygon POINTS="1165 940 1165 964 1212 966 1214 938 1210 908 1163 908 1165 940"/></Shape>
	    <String CONTENT="26."
                    HPOS="1163"
                    VPOS="908"
                    WIDTH="51"
                    HEIGHT="58"
                    WC="0.9979380965232849"></String>
          </TextLine>
        </TextBlock>
        <TextBlock HPOS="1159"
                   VPOS="1006"
                   WIDTH="158"
                   HEIGHT="133"
                   ID="block_5"
                   TAGREFS="BT100009">
          <Shape><Polygon POINTS="1317 1006 1317 1139 1159 1139 1159 1006"/></Shape>
          <TextLine ID="line_19"
                    TAGREFS="LT8"
                    BASELINE="1161 1121 1239 1117" 
                    HPOS="1160"
                    VPOS="1096"
                    WIDTH="80"
                    HEIGHT="62">
            <Shape><Polygon POINTS="1235 1096 1222 1096 1210 1096 1197 1096 1185 1096 1183 1096 1160 1096 1161 1121 1162 1150 1183 1158 1185 1158 1186 1158 1240 1146 1239 1117 1235 1096"/></Shape>
	    <String CONTENT="mes."
                    HPOS="1160"
                    VPOS="1096"
                    WIDTH="80"
                    HEIGHT="62"
                    WC="0.9986104667186737"></String>
          </TextLine>
        </TextBlock>
      </PrintSpace>
    </Page>
  </Layout>
</alto>
