1431 2264
288 141 1037 60 au dire de S.Pierre, que lon obeiſſe pluſtoſt à Dieu qu’aux

288 187 1036 62 hommes, & ſouffrir pluſtoſt toutes choſes, que paſſer plus

284 232 1042 64 outre. voila quant aux particuliers. Mais c’eſt autre choſe

284 279 1043 65 quãd il eſt queſtiõ du public. Car ſi c’eſt le Prince meſmes

283 328 1039 63 il ne doit eſtre reputé qu’homme priué au regard de la

283 376 1037 61 ſeigneurie, qui cõprent la cõmunauté vniuerſelle de tous

283 421 1034 64 les citoyens: ce qui eſt ainſi obſerué par, les Iuriſconſultes,

280 470 1038 63 & entre autres Vlpian dit, que celuy eſt coulpable du cri¬

284 515 1032 66 me de perduellion (c’eſt leze Maieſté) qui a pris vn cou¬

284 564 1031 62 rage & volonté d’ennemy à l’encontre de la choſe pu¬

283 612 1030 59 blique. Or il y a vn reſpect mutuel entre le Prince & le

288 657 1022 63 pays, comme entre le pere & la famille, & ne peut le nom

284 704 1028 60 de Prince ſubſiſter ſans peuple. Il faut donc qu’il le con¬

285 748 1026 67 ferue. & de fait ſi la puiſſance d’vn ſeul eſtoit ainſi abſo¬

285 797 1026 63 lue, & ſans limites, ce ne ſeroit point dit Ariſtote au 3.liure

285 845 1027 63 des Politiques, vn gouuernement ſeant à hõmes libres &

288 891 1024 63 qui vſent de l’adreſſe de raiſon, mais bien plus cõuenable

286 939 1027 65 à des beſtes brutes, deſpourueues de iugement & conſeil.

298 37 77 110 116

479 69 627 78 MEMOIRES DE

328 986 982 64 AR. Quelles puiſſances publiques y a-il donc, qui le¬

289 1036 1024 58 gitimement ſoyent ordonnees, hors celle du Prince. Di¬

288 1079 1027 63 tes moy cela, & puis vous pourſuyurez à me dire, ſi tant

288 1126 920 66 eſt qu’il y en ait, ſi elles ſe peuuent oppoſer à icelle.

111 1177 164 58 Des puiſt

113 1257 136 78 bliques.

109 1215 164 58 fances pu¬

322 1172 991 66 Po. Il ſe faut arreſter là, qu’il n’y a puiſſance qui ne

296 1211 1016 71 ſoit de Dieu, & que toutes deriuent & reprennent de ceſt

286 1267 1027 63 empire, ſeul infini, eternel & immuable. Dieu donc vſe

285 1315 1026 64 d’vne puiſſance pour corriger les fautes du monde, de

285 1360 1025 65 laquelle le magiſtrat eſt miniſtre ordinaire, & en ceſte

280 1408 1027 67 charge là, le Prince ſuyuãt les loix & l’equité, en peut vſer

277 1454 1029 62 comme ſouuerain & ſuperieur apres Dieu. Ceſte meſme

281 1503 1025 65 puiſſance de Dieu eſt quelquesfois exercee par autres

280 1552 1028 62 moyens extraordinaires, ſous laquelle pratique le Prince

280 1599 1026 62 meſmes eſt compris, comme vn autre. Les moyens ſont,

283 1646 1022 62 quand Dieu fait en cela les Anges ſes miniſtres:cõme par

283 1686 1017 74 vn Ange le camp de Senacherib fut desfait. Item quãd par

285 1733 1019 74 les diables il luy plait l’executer, cõme cõtre les premiers

283 1786 1023 66 nais d’Egypte:par les eaux, cõme au deluge: par le feu du

280 1832 1026 64 ciel, cõme en Sodome. Quelquesfois auſsi il vſe de ceſte

283 1879 1019 64 puiſſance par miniſtres de ſa parole extraordinairement,

283 1920 1027 62 quãd les Magiſtrats miniſtres ordinaires defaillent:cõme

285 1967 1019 110 les punitions que firent Elie ſur les faux Sacrificateurs.

1174 2018 136 73 Iojada

100 1662 162 92 2.Chron¬

100 1931 169 100 1-Rois is.

109 1744 99 43 32.21

101 1765 159 65 Exod.12.

108 1822 98 45 23.29

101 1853 165 57 Gen.7.17,

99 1903 151 49 & 19.24

101 1984 58 68 40
