<?xml version="1.0" encoding="UTF-8"?>
<alto xmlns:xsi="http://www.w3.org/2001/XMLSchema-instance"
      xmlns="http://www.loc.gov/standards/alto/ns-v4#"
      xsi:schemaLocation="http://www.loc.gov/standards/alto/ns-v4# http://www.loc.gov/standards/alto/v4/alto-4-2.xsd">
  <Description>
    <MeasurementUnit>pixel</MeasurementUnit>
    <sourceImageInformation>
      <fileName>page_00012.png</fileName>
    </sourceImageInformation>
  </Description>
  <Tags>
    <OtherTag ID="BT7" LABEL="CustomZone" DESCRIPTION="block type CustomZone"/><OtherTag ID="BT8" LABEL="DamageZone" DESCRIPTION="block type DamageZone"/><OtherTag ID="BT9" LABEL="DigitizationArtefactZone" DESCRIPTION="block type DigitizationArtefactZone"/><OtherTag ID="BT10" LABEL="DropCapitalZone" DESCRIPTION="block type DropCapitalZone"/><OtherTag ID="BT11" LABEL="GraphicZone" DESCRIPTION="block type GraphicZone"/><OtherTag ID="BT12" LABEL="MainZone" DESCRIPTION="block type MainZone"/><OtherTag ID="BT13" LABEL="MarginTextZone" DESCRIPTION="block type MarginTextZone"/><OtherTag ID="BT14" LABEL="MusicZone" DESCRIPTION="block type MusicZone"/><OtherTag ID="BT15" LABEL="NumberingZone" DESCRIPTION="block type NumberingZone"/><OtherTag ID="BT17" LABEL="QuireMarksZone" DESCRIPTION="block type QuireMarksZone"/><OtherTag ID="BT18" LABEL="RunningTitleZone" DESCRIPTION="block type RunningTitleZone"/><OtherTag ID="BT19" LABEL="SealZone" DESCRIPTION="block type SealZone"/><OtherTag ID="BT20" LABEL="StampZone" DESCRIPTION="block type StampZone"/><OtherTag ID="BT21" LABEL="TableZone" DESCRIPTION="block type TableZone"/><OtherTag ID="BT22" LABEL="TitlePageZone" DESCRIPTION="block type TitlePageZone"/><OtherTag ID="BT100006" LABEL="MainZone-Continued" DESCRIPTION="block type MainZone-Continued"/><OtherTag ID="BT100001" LABEL="MainZone-Head" DESCRIPTION="block type MainZone-Head"/><OtherTag ID="BT100005" LABEL="MainZone-P" DESCRIPTION="block type MainZone-P"/><OtherTag ID="BT100008" LABEL="MainZone-Sp" DESCRIPTION="block type MainZone-Sp"/><OtherTag ID="BT100009" LABEL="MarginTextZone-Notes" DESCRIPTION="block type MarginTextZone-Notes"/><OtherTag ID="BT100011" LABEL="MainZone-Entry" DESCRIPTION="block type MainZone-Entry"/><OtherTag ID="BT100002" LABEL="MainZone-Lg" DESCRIPTION="block type MainZone-Lg"/>
    <OtherTag ID="LT7" LABEL="CustomLine" DESCRIPTION="line type CustomLine"/><OtherTag ID="LT8" LABEL="DefaultLine" DESCRIPTION="line type DefaultLine"/><OtherTag ID="LT9" LABEL="DropCapitalLine" DESCRIPTION="line type DropCapitalLine"/><OtherTag ID="LT10" LABEL="HeadingLine" DESCRIPTION="line type HeadingLine"/><OtherTag ID="LT11" LABEL="InterlinearLine" DESCRIPTION="line type InterlinearLine"/><OtherTag ID="LT12" LABEL="MusicLine" DESCRIPTION="line type MusicLine"/><OtherTag ID="LT746" LABEL="default" DESCRIPTION="line type default"/>
  </Tags>
  <Layout>
    <Page WIDTH="1366"
          HEIGHT="2249"
          PHYSICAL_IMG_NR="11"
          ID="eSc_dummypage_">
      <PrintSpace HPOS="0"
                  VPOS="0"
                  WIDTH="1366"
                  HEIGHT="2249">
        <TextBlock HPOS="79"
                   VPOS="154"
                   WIDTH="1034"
                   HEIGHT="654"
                   ID="block_0"
                   TAGREFS="BT100008">
          <Shape><Polygon POINTS="1113 154 1113 176 1107 176 1107 196 1113 196 1113 330 1108 330 1108 345 1113 345 1113 373 1110 373 1110 387 1113 387 1113 808 79 808 79 154"/></Shape>
          <TextLine ID="line_5"
                    TAGREFS="LT8"
                    BASELINE="121 189 933 187 1109 182" 
                    HPOS="118"
                    VPOS="155"
                    WIDTH="990"
                    HEIGHT="56">
            <Shape><Polygon POINTS="1093 155 1075 155 1056 155 1037 155 1018 155 1000 155 981 155 962 155 943 155 925 155 906 155 887 155 868 155 849 155 831 155 812 155 793 155 774 155 756 155 737 155 718 155 699 155 681 155 662 155 643 155 624 155 606 155 118 155 120 187 120 206 1105 211 1108 181 1105 174 1093 155"/></Shape>
	    <String CONTENT="Po. Il en faut iuger auec diſcretion. Car Dieu y a"
                    HPOS="118"
                    VPOS="155"
                    WIDTH="990"
                    HEIGHT="56"
                    WC="0.9956234133243561"></String>
          </TextLine>
          <TextLine ID="line_6"
                    TAGREFS="LT8"
                    BASELINE="81 236 1103 228" 
                    HPOS="79"
                    VPOS="194"
                    WIDTH="1024"
                    HEIGHT="64">
            <Shape><Polygon POINTS="81 236 81 257 421 252 444 257 454 258 456 258 457 258 458 258 459 257 469 251 509 251 564 257 584 258 586 258 638 257 639 257 641 257 641 256 652 249 723 256 738 257 739 257 747 256 783 248 813 256 814 256 816 256 817 257 854 257 854 256 856 256 857 256 868 248 1101 254 1103 228 1101 198 926 197 924 197 923 197 921 198 911 203 871 198 861 197 859 197 851 198 814 203 788 198 771 194 769 194 768 194 754 198 731 204 716 198 709 196 708 196 707 196 706 196 696 198 673 203 644 198 628 196 627 196 603 198 542 206 513 198 512 198 511 198 509 198 507 198 478 204 468 198 467 197 466 197 464 197 463 197 454 198 417 207 396 199 394 199 393 199 392 199 359 207 286 198 278 198 277 198 79 198 81 236"/></Shape>
	    <String CONTENT="eſgard tellement, qu’il veut qu’elle ſe maintienne par"
                    HPOS="79"
                    VPOS="194"
                    WIDTH="1024"
                    HEIGHT="64"
                    WC="0.9884842126457779"></String>
          </TextLine>
          <TextLine ID="line_7"
                    TAGREFS="LT8"
                    BASELINE="78 283 1098 279" 
                    HPOS="77"
                    VPOS="243"
                    WIDTH="1021"
                    HEIGHT="60">
            <Shape><Polygon POINTS="78 283 78 296 244 296 246 296 262 303 263 303 264 303 266 303 267 303 276 296 277 296 349 296 376 303 377 303 378 303 379 303 381 303 392 296 413 303 414 303 416 303 417 303 432 294 433 294 436 294 461 302 462 302 463 303 539 303 539 302 541 302 556 294 563 294 712 302 713 302 776 293 781 293 788 293 887 301 888 301 1032 293 1079 301 1081 301 1082 301 1098 292 1098 279 1096 252 986 251 974 243 973 243 972 243 971 243 889 251 869 243 868 243 867 243 866 243 839 251 744 244 743 244 742 244 741 244 731 252 689 244 688 244 687 244 686 244 674 253 561 253 462 244 461 244 459 244 439 252 419 244 418 244 417 244 376 253 353 246 352 246 351 246 306 253 284 246 283 246 282 246 281 246 262 253 252 246 251 246 249 246 248 246 134 252 102 246 101 246 99 246 77 253 78 283"/></Shape>
	    <String CONTENT="charité &amp; crainte de ſon nom, &amp; que la conſeruation des"
                    HPOS="77"
                    VPOS="243"
                    WIDTH="1021"
                    HEIGHT="60"
                    WC="0.9969511926174164"></String>
          </TextLine>
          <TextLine ID="line_8"
                    TAGREFS="LT8"
                    BASELINE="79 328 973 328 1076 329 1106 336" 
                    HPOS="76"
                    VPOS="294"
                    WIDTH="1029"
                    HEIGHT="56">
            <Shape><Polygon POINTS="78 327 76 342 1101 350 1105 335 1093 294 78 294 78 327"/></Shape>
	    <String CONTENT="eſtats ſoit reconue deſa main. &amp; les Philoſophes, legiſtes."
                    HPOS="76"
                    VPOS="294"
                    WIDTH="1029"
                    HEIGHT="56"
                    WC="0.9871373459444208"></String>
          </TextLine>
          <TextLine ID="line_9"
                    TAGREFS="LT8"
                    BASELINE="78 374 1051 374 1104 378" 
                    HPOS="75"
                    VPOS="337"
                    WIDTH="1028"
                    HEIGHT="62">
            <Shape><Polygon POINTS="76 372 75 391 1099 399 1103 376 1101 341 91 337 76 372"/></Shape>
	    <String CONTENT="&amp; autres politiques, qui ne ſont eſclairez en leur pruden¬"
                    HPOS="75"
                    VPOS="337"
                    WIDTH="1028"
                    HEIGHT="62"
                    WC="0.9992913809315912"></String>
          </TextLine>
          <TextLine ID="line_10"
                    TAGREFS="LT8"
                    BASELINE="78 422 1109 422" 
                    HPOS="78"
                    VPOS="393"
                    WIDTH="1031"
                    HEIGHT="53">
            <Shape><Polygon POINTS="78 422 78 437 162 437 186 444 187 444 188 446 254 446 254 444 256 444 272 437 316 444 317 444 377 437 397 444 398 444 399 446 578 446 578 444 579 444 581 444 593 437 627 443 628 443 862 437 879 444 881 444 882 446 1024 446 1024 444 1109 436 1109 422 1109 393 78 393 78 422"/></Shape>
	    <String CONTENT="ce &amp; experience, que de la lumiere naturelle, n’ont bien"
                    HPOS="78"
                    VPOS="393"
                    WIDTH="1031"
                    HEIGHT="53"
                    WC="0.9966480838400977"></String>
          </TextLine>
          <TextLine ID="line_11"
                    TAGREFS="LT8"
                    BASELINE="77 468 1109 466" 
                    HPOS="76"
                    VPOS="429"
                    WIDTH="1033"
                    HEIGHT="63">
            <Shape><Polygon POINTS="77 468 77 492 116 483 264 483 276 491 277 491 278 491 279 491 286 491 438 483 481 489 492 491 493 492 549 492 549 491 551 491 554 489 568 483 601 488 608 489 609 491 706 491 706 489 707 489 713 488 736 482 848 487 912 489 913 489 1108 484 1109 466 1106 436 954 437 938 434 908 429 907 429 886 434 873 437 861 434 843 429 842 429 841 429 813 434 794 437 774 434 746 429 744 429 681 433 626 437 618 433 609 429 608 429 607 429 606 429 598 433 589 438 507 433 486 432 484 432 483 432 482 432 482 433 473 439 403 439 382 432 374 431 373 431 372 431 353 432 298 438 277 432 272 431 271 431 269 431 249 432 174 438 164 432 163 431 162 431 161 431 159 431 76 431 77 468"/></Shape>
	    <String CONTENT="ſouuent eſgard à conſeruer la grandeur &amp; dignité des"
                    HPOS="76"
                    VPOS="429"
                    WIDTH="1033"
                    HEIGHT="63"
                    WC="0.990114230800558"></String>
          </TextLine>
          <TextLine ID="line_12"
                    TAGREFS="LT8"
                    BASELINE="78 514 1109 512" 
                    HPOS="77"
                    VPOS="478"
                    WIDTH="1032"
                    HEIGHT="64">
            <Shape><Polygon POINTS="78 514 78 542 122 541 123 541 124 541 139 529 164 536 166 536 167 536 214 528 303 528 336 538 344 541 346 541 347 541 348 541 354 538 366 533 382 537 394 541 396 541 397 541 422 537 444 533 463 536 494 541 496 541 538 534 584 528 621 533 663 539 664 539 666 539 681 532 691 527 701 532 703 533 704 533 706 533 714 532 731 528 736 532 747 538 748 538 749 538 751 538 788 531 789 531 791 531 822 539 823 539 824 539 826 539 854 532 867 539 868 539 869 539 871 541 942 541 942 539 999 527 1001 527 1002 527 1041 539 1042 539 1043 539 1044 539 1046 539 1062 528 1109 524 1109 512 1107 487 728 478 727 478 726 478 709 487 646 487 602 478 601 478 517 484 404 479 403 479 402 479 381 487 344 479 343 479 342 479 312 487 276 479 274 479 156 486 117 479 116 479 77 488 78 514"/></Shape>
	    <String CONTENT="eſtats, &amp; des conducteurs d’iceux, &amp; de les rendre per¬"
                    HPOS="77"
                    VPOS="478"
                    WIDTH="1032"
                    HEIGHT="64"
                    WC="0.9959487817504189"></String>
          </TextLine>
          <TextLine ID="line_13"
                    TAGREFS="LT8"
                    BASELINE="82 564 1108 561" 
                    HPOS="81"
                    VPOS="522"
                    WIDTH="1027"
                    HEIGHT="65">
            <Shape><Polygon POINTS="82 564 82 585 113 579 199 579 212 585 216 587 217 587 218 587 219 587 224 585 242 579 284 584 306 587 307 587 328 584 367 579 382 584 392 587 393 587 394 587 417 583 447 579 464 583 473 585 474 585 476 585 477 585 478 585 481 583 488 578 514 583 532 585 533 587 632 587 632 585 633 585 634 585 639 582 646 578 677 582 711 585 712 585 738 582 766 577 783 580 796 584 797 584 798 584 799 584 807 580 816 577 894 577 901 580 907 584 908 584 909 584 911 584 1107 578 1108 561 1106 531 1004 531 1003 529 994 522 993 522 992 522 991 522 989 522 964 529 962 531 873 531 871 529 854 522 853 522 852 522 851 522 827 528 823 529 819 528 793 522 792 522 791 522 789 522 768 528 759 531 741 528 702 523 701 523 677 528 663 531 614 528 546 523 544 523 543 523 536 527 531 529 476 527 441 526 439 526 438 526 433 527 416 532 341 527 311 524 253 524 252 524 251 524 249 524 248 526 238 532 216 526 209 524 208 524 207 524 198 526 168 531 81 526 82 564"/></Shape>
	    <String CONTENT="petuels. Giceron au troiſieſme liure de la republique"
                    HPOS="81"
                    VPOS="522"
                    WIDTH="1027"
                    HEIGHT="65"
                    WC="0.983556162636235"></String>
          </TextLine>
          <TextLine ID="line_14"
                    TAGREFS="LT8"
                    BASELINE="83 605 1106 608" 
                    HPOS="82"
                    VPOS="570"
                    WIDTH="1024"
                    HEIGHT="58">
            <Shape><Polygon POINTS="83 605 82 618 163 627 164 628 331 628 331 627 332 627 353 620 354 620 369 620 642 628 643 628 688 622 697 622 1103 624 1106 608 1104 580 1061 572 1059 572 1058 572 1057 572 1043 579 811 572 809 572 719 579 709 579 708 579 697 572 696 572 694 572 593 570 592 570 591 570 561 578 561 579 519 579 518 578 506 570 504 570 503 570 502 570 464 577 448 570 447 570 446 570 444 570 443 570 432 578 431 579 387 579 386 578 377 570 376 570 374 570 373 570 333 578 331 579 261 579 259 578 251 570 249 570 248 570 247 570 246 570 227 578 224 578 223 578 203 570 202 570 201 570 199 570 179 578 177 578 83 578 83 605"/></Shape>
	    <String CONTENT="veut ſus le patron de l’eternité du monde (comme les"
                    HPOS="82"
                    VPOS="570"
                    WIDTH="1024"
                    HEIGHT="58"
                    WC="0.9959122729751299"></String>
          </TextLine>
          <TextLine ID="line_15"
                    TAGREFS="LT8"
                    BASELINE="78 655 1106 655" 
                    HPOS="78"
                    VPOS="617"
                    WIDTH="1028"
                    HEIGHT="60">
            <Shape><Polygon POINTS="78 655 78 670 87 677 88 677 89 677 91 677 217 670 231 677 232 677 233 677 291 670 338 677 339 677 408 670 446 677 447 677 448 677 463 670 479 677 481 677 482 677 536 670 574 677 576 677 677 670 698 677 699 677 701 677 766 670 1038 677 1039 677 1106 669 1106 655 1104 617 1029 623 998 617 997 617 996 617 994 617 979 623 969 617 968 617 967 617 966 617 963 617 927 623 846 617 834 617 833 617 832 617 829 617 811 623 746 618 732 617 731 617 724 618 698 624 557 624 547 618 546 617 544 617 543 617 542 617 529 618 498 624 434 624 427 618 426 617 424 617 423 617 422 617 78 619 78 655"/></Shape>
	    <String CONTENT="Platoniques le cuident eſtre eternel) rendre auſſi la cité"
                    HPOS="78"
                    VPOS="617"
                    WIDTH="1028"
                    HEIGHT="60"
                    WC="0.9992301817667686"></String>
          </TextLine>
          <TextLine ID="line_16"
                    TAGREFS="LT8"
                    BASELINE="78 704 1107 700" 
                    HPOS="77"
                    VPOS="663"
                    WIDTH="1030"
                    HEIGHT="62">
            <Shape><Polygon POINTS="78 704 78 725 144 718 179 724 181 724 182 724 196 718 248 724 253 724 254 724 259 724 299 718 316 723 319 724 321 724 322 724 341 723 419 717 459 722 472 723 473 723 474 723 476 723 477 722 484 717 621 720 751 723 752 723 834 722 836 722 837 722 842 718 846 715 906 717 1086 722 1087 722 1088 722 1107 714 1107 700 1103 664 832 669 819 667 806 663 804 663 803 663 802 663 801 663 797 667 793 669 782 667 763 663 762 663 761 663 746 667 732 670 568 669 286 665 284 665 256 672 253 672 252 672 209 665 208 665 207 665 193 673 77 673 78 704"/></Shape>
	    <String CONTENT="eternelle. Machiauel &amp; les autres politiques modernes"
                    HPOS="77"
                    VPOS="663"
                    WIDTH="1030"
                    HEIGHT="62"
                    WC="0.9960379623017221"></String>
          </TextLine>
          <TextLine ID="line_17"
                    TAGREFS="LT8"
                    BASELINE="78 749 1103 747" 
                    HPOS="77"
                    VPOS="710"
                    WIDTH="1026"
                    HEIGHT="65">
            <Shape><Polygon POINTS="78 749 78 772 118 767 136 773 144 775 146 775 147 775 148 775 161 773 193 764 228 772 229 772 231 772 261 764 276 773 279 774 281 774 282 774 283 774 284 774 287 773 299 764 326 772 327 772 328 772 329 772 354 764 459 764 476 773 477 774 478 774 479 774 532 775 533 775 534 775 536 775 539 773 553 764 589 764 602 773 603 773 604 773 647 774 648 774 649 774 654 773 692 763 752 773 754 773 756 773 757 773 788 763 812 773 814 774 816 774 817 774 827 773 861 768 868 773 869 774 871 774 872 774 873 774 879 773 904 768 912 773 912 774 913 774 914 774 916 774 1102 773 1103 747 1099 717 858 718 854 717 839 710 838 710 837 710 803 717 794 719 629 719 624 718 591 710 589 710 551 718 539 719 529 718 494 712 493 712 441 718 427 719 418 718 386 712 384 712 354 718 348 719 342 718 317 712 316 712 314 712 252 718 241 719 238 718 224 712 223 712 97 712 96 712 94 712 77 718 78 749"/></Shape>
	    <String CONTENT="s’eſtudient fort à enſeigner les moyens de ceſte manu¬"
                    HPOS="77"
                    VPOS="710"
                    WIDTH="1026"
                    HEIGHT="65"
                    WC="0.9913140069354665"></String>
          </TextLine>
          <TextLine ID="line_18"
                    TAGREFS="LT8"
                    BASELINE="79 798 809 793" 
                    HPOS="78"
                    VPOS="757"
                    WIDTH="731"
                    HEIGHT="61">
            <Shape><Polygon POINTS="79 798 79 810 226 817 227 817 287 810 288 810 332 818 333 818 373 810 438 818 439 818 441 818 442 818 453 809 454 809 462 809 608 817 609 817 809 807 809 793 808 764 788 757 787 757 786 757 621 764 337 759 336 759 334 759 319 765 293 759 292 759 291 759 226 767 113 760 112 760 78 768 79 798"/></Shape>
	    <String CONTENT="tention, mais ils obmettent le principal."
                    HPOS="78"
                    VPOS="757"
                    WIDTH="731"
                    HEIGHT="61"
                    WC="0.9994494202660351"></String>
          </TextLine>
        </TextBlock>
        <TextBlock HPOS="204"
                   VPOS="76"
                   WIDTH="747"
                   HEIGHT="68"
                   ID="block_3"
                   TAGREFS="BT18">
          <Shape><Polygon POINTS="951 76 951 144 204 144 204 76"/></Shape>
          <TextLine ID="line_0"
                    TAGREFS="LT8"
                    BASELINE="199 129 958 127" 
                    HPOS="198"
                    VPOS="89"
                    WIDTH="760"
                    HEIGHT="62">
            <Shape><Polygon POINTS="561 94 558 94 556 97 553 98 548 97 539 94 536 94 523 94 513 94 511 96 478 109 464 94 463 94 461 94 454 94 433 106 408 94 398 94 388 94 356 112 308 112 273 94 261 94 259 89 198 89 199 129 199 142 409 149 411 149 412 149 413 149 422 142 423 142 471 142 472 142 487 149 488 149 489 151 578 151 578 149 631 141 634 141 646 148 647 148 648 148 649 149 649 148 651 148 652 148 663 141 667 141 722 148 723 149 769 149 769 148 771 148 772 148 781 141 784 141 932 148 933 148 934 148 958 139 958 127 954 104 829 111 812 101 802 96 801 96 799 96 798 96 797 96 797 97 792 101 786 107 742 101 741 101 739 101 714 111 674 98 672 98 671 98 669 98 668 98 667 98 646 112 626 112 596 97 594 97 593 97 592 97 591 97 589 97 574 104 568 97 564 94 561 94"/></Shape>
	    <String CONTENT="L’ESTAT DE FRANCE."
                    HPOS="198"
                    VPOS="89"
                    WIDTH="760"
                    HEIGHT="62"
                    WC="0.9961224165227678"></String>
          </TextLine>
        </TextBlock>
        <TextBlock HPOS="81"
                   VPOS="810"
                   WIDTH="1006"
                   HEIGHT="49"
                   ID="block_6"
                   TAGREFS="BT100008">
          <Shape><Polygon POINTS="1087 810 1087 859 81 859 81 810"/></Shape>
          <TextLine ID="line_19"
                    TAGREFS="LT8"
                    BASELINE="123 844 1062 840" 
                    HPOS="122"
                    VPOS="800"
                    WIDTH="940"
                    HEIGHT="65">
            <Shape><Polygon POINTS="123 844 123 857 153 857 156 857 164 864 166 864 167 864 168 864 212 857 218 857 223 857 269 864 271 865 429 865 429 864 431 864 432 864 432 863 439 857 441 855 506 855 509 857 528 863 529 863 531 863 532 863 556 855 559 855 616 855 633 855 641 863 642 863 643 863 644 863 684 855 688 855 692 855 741 863 742 863 743 863 768 857 836 862 837 862 838 862 839 862 847 855 849 854 858 855 904 860 906 860 937 855 944 862 946 862 947 862 948 863 1044 863 1044 862 1046 862 1062 854 1062 840 1061 812 1032 800 1031 800 1029 800 1028 800 998 810 998 812 906 812 892 810 769 800 768 800 767 800 738 809 727 813 634 813 626 808 616 803 614 803 613 803 612 803 611 803 603 808 597 812 583 808 576 805 574 805 573 805 563 807 543 812 537 807 531 802 529 802 528 802 506 802 504 802 503 802 502 802 496 807 487 812 426 807 413 805 412 805 411 805 408 805 386 813 357 805 346 803 344 803 343 803 342 803 336 805 318 813 269 804 256 803 254 803 253 803 252 803 249 804 234 814 201 814 191 805 189 805 188 805 187 805 186 805 163 813 149 804 148 803 147 803 146 803 144 803 122 803 123 844"/></Shape>
	    <String CONTENT="AR. Il en faut prendre le bon &amp; laiſſer le mauuais."
                    HPOS="122"
                    VPOS="800"
                    WIDTH="940"
                    HEIGHT="65"
                    WC="0.9925322018417657"></String>
          </TextLine>
        </TextBlock>
        <TextBlock HPOS="79"
                   VPOS="859"
                   WIDTH="1033"
                   HEIGHT="137"
                   ID="block_4"
                   TAGREFS="BT100008">
          <Shape><Polygon POINTS="1112 859 1112 996 79 996 79 859"/></Shape>
          <TextLine ID="line_20"
                    TAGREFS="LT8"
                    BASELINE="122 890 1103 887" 
                    HPOS="121"
                    VPOS="850"
                    WIDTH="982"
                    HEIGHT="63">
            <Shape><Polygon POINTS="122 890 124 913 138 904 169 912 171 912 172 912 207 904 244 904 254 912 256 912 257 912 258 912 264 912 312 904 341 910 348 912 349 912 362 910 403 904 442 909 453 910 454 910 456 910 457 910 458 909 467 903 563 903 571 908 574 910 576 910 577 910 578 912 764 912 764 910 766 910 776 905 784 902 849 902 856 905 861 909 862 909 863 909 864 909 996 903 1041 902 1046 903 1068 909 1069 909 1071 909 1102 902 1103 887 1101 859 1052 852 1051 852 946 858 936 850 934 850 933 850 896 850 894 850 814 858 776 850 774 850 773 850 753 859 501 852 499 852 448 860 438 853 437 853 436 853 434 853 433 853 418 860 331 854 329 854 294 860 286 853 284 853 283 853 252 853 251 853 191 860 132 853 131 853 129 853 128 853 128 854 121 859 122 890"/></Shape>
	    <String CONTENT="Po. Au contraire, les hommes font touſiours des"
                    HPOS="121"
                    VPOS="850"
                    WIDTH="982"
                    HEIGHT="63"
                    WC="0.9975568842380604"></String>
          </TextLine>
          <TextLine ID="line_21"
                    TAGREFS="LT8"
                    BASELINE="83 937 1102 933" 
                    HPOS="82"
                    VPOS="895"
                    WIDTH="1020"
                    HEIGHT="72">
            <Shape><Polygon POINTS="83 937 84 962 101 954 227 954 241 960 242 960 243 960 246 960 342 954 369 960 398 967 399 967 537 965 538 965 549 959 554 957 583 959 658 965 659 965 661 965 677 958 689 952 763 952 817 958 866 963 867 963 894 957 919 952 941 957 969 964 971 964 972 965 1066 965 1066 964 1101 955 1102 933 1099 902 986 897 984 897 944 902 936 903 933 902 923 897 922 897 921 897 849 903 841 903 839 903 823 895 822 895 821 895 819 895 818 895 808 903 807 904 739 904 737 903 721 897 719 897 718 897 717 897 716 897 706 903 703 905 638 905 637 904 622 897 621 897 619 897 618 897 602 904 601 905 531 905 529 904 517 897 516 897 514 897 513 897 512 897 494 904 474 897 473 897 472 897 471 897 448 904 359 898 358 898 357 898 326 905 308 898 307 898 306 898 304 898 274 905 246 898 244 898 243 898 183 904 123 898 122 898 82 907 83 937"/></Shape>
	    <String CONTENT="perles &amp; ornements de la racleure &amp; ordure des eſcrits"
                    HPOS="82"
                    VPOS="895"
                    WIDTH="1020"
                    HEIGHT="72"
                    WC="0.9982274406486087"></String>
          </TextLine>
          <TextLine ID="line_22"
                    TAGREFS="LT8"
                    BASELINE="77 983 343 980" 
                    HPOS="76"
                    VPOS="944"
                    WIDTH="267"
                    HEIGHT="63">
            <Shape><Polygon POINTS="77 983 77 998 99 1007 101 1007 102 1007 103 1007 132 998 134 998 139 998 208 1007 209 1007 343 997 343 980 341 952 273 944 272 944 271 944 243 952 242 952 214 944 213 944 212 944 211 944 186 953 183 953 177 953 99 945 98 945 97 945 76 952 77 983"/></Shape>
	    <String CONTENT="des autheurs."
                    HPOS="76"
                    VPOS="944"
                    WIDTH="267"
                    HEIGHT="63"
                    WC="0.9910981288323035"></String>
          </TextLine>
        </TextBlock>
        <TextBlock HPOS="94"
                   VPOS="996"
                   WIDTH="457"
                   HEIGHT="49"
                   ID="block_5"
                   TAGREFS="BT100008">
          <Shape><Polygon POINTS="551 996 551 1045 94 1045 94 996"/></Shape>
          <TextLine ID="line_23"
                    TAGREFS="LT8"
                    BASELINE="124 1029 547 1027" 
                    HPOS="123"
                    VPOS="1013"
                    WIDTH="424"
                    HEIGHT="37">
            <Shape><Polygon POINTS="536 1013 523 1013 511 1013 498 1013 486 1013 473 1013 461 1013 448 1013 436 1013 423 1013 411 1013 398 1013 386 1013 373 1013 361 1013 348 1013 336 1013 323 1013 311 1013 298 1013 286 1013 273 1013 261 1013 248 1013 236 1013 223 1013 211 1013 198 1013 186 1013 173 1013 161 1013 148 1013 136 1013 123 1013 124 1029 124 1042 171 1042 172 1042 189 1050 191 1050 192 1050 193 1050 214 1042 216 1042 286 1042 287 1042 333 1050 334 1050 388 1049 389 1049 391 1049 398 1042 419 1049 421 1049 422 1049 423 1049 437 1043 491 1049 492 1049 546 1039 547 1027 544 1013 536 1013"/></Shape>
	    <String CONTENT="ar- Comment cela:"
                    HPOS="123"
                    VPOS="1013"
                    WIDTH="424"
                    HEIGHT="37"
                    WC="0.992919220643885"></String>
          </TextLine>
        </TextBlock>
        <TextBlock HPOS="71"
                   VPOS="1040"
                   WIDTH="1039"
                   HEIGHT="1004"
                   ID="block_1"
                   TAGREFS="BT100008">
          <Shape><Polygon POINTS="1110 1040 1110 2044 71 2044 71 1040"/></Shape>
          <TextLine ID="line_24"
                    TAGREFS="LT8"
                    BASELINE="117 1077 742 1077 1104 1077" 
                    HPOS="116"
                    VPOS="1043"
                    WIDTH="987"
                    HEIGHT="49">
            <Shape><Polygon POINTS="116 1075 116 1092 1103 1092 1103 1075 1103 1043 116 1043 116 1075"/></Shape>
	    <String CONTENT="Po. On recueille ce qui plait &amp; agree au ſens de la"
                    HPOS="116"
                    VPOS="1043"
                    WIDTH="987"
                    HEIGHT="49"
                    WC="0.9915450402334625"></String>
          </TextLine>
          <TextLine ID="line_25"
                    TAGREFS="LT8"
                    BASELINE="76 1123 1102 1123" 
                    HPOS="76"
                    VPOS="1083"
                    WIDTH="1026"
                    HEIGHT="62">
            <Shape><Polygon POINTS="76 1123 76 1136 253 1144 254 1144 307 1138 314 1138 321 1138 374 1144 376 1144 443 1139 457 1138 458 1139 467 1144 468 1144 469 1144 471 1144 532 1139 549 1138 573 1139 651 1144 652 1145 761 1145 761 1144 762 1144 773 1140 778 1138 836 1138 839 1140 844 1144 846 1144 847 1144 848 1144 1102 1140 1102 1123 1102 1094 1043 1084 1042 1084 1041 1084 1019 1093 1018 1093 994 1083 993 1083 992 1083 954 1089 927 1083 926 1083 924 1083 923 1083 902 1092 898 1094 787 1094 782 1090 767 1083 766 1083 764 1083 693 1090 662 1094 621 1094 611 1089 594 1083 593 1083 592 1083 591 1083 574 1089 568 1092 563 1089 551 1083 549 1083 548 1083 497 1088 487 1089 483 1088 469 1083 468 1083 467 1083 466 1083 452 1088 439 1093 321 1092 312 1087 307 1084 306 1084 304 1084 303 1084 293 1087 268 1094 186 1094 172 1085 166 1083 164 1083 163 1083 162 1083 157 1085 144 1092 131 1085 124 1083 123 1083 122 1083 76 1084 76 1123"/></Shape>
	    <String CONTENT="chair: comme quand il eſt dit, que ſi deux parties s’eſle¬"
                    HPOS="76"
                    VPOS="1083"
                    WIDTH="1026"
                    HEIGHT="62"
                    WC="0.9948024020112795"></String>
          </TextLine>
          <TextLine ID="line_26"
                    TAGREFS="LT8"
                    BASELINE="74 1169 1101 1169" 
                    HPOS="74"
                    VPOS="1134"
                    WIDTH="1027"
                    HEIGHT="56">
            <Shape><Polygon POINTS="74 1169 74 1186 238 1189 239 1189 257 1186 279 1183 304 1186 329 1189 331 1189 332 1189 344 1185 358 1183 371 1185 387 1189 388 1189 439 1185 476 1183 483 1185 493 1189 494 1189 496 1190 597 1190 597 1189 646 1184 664 1183 674 1184 703 1189 704 1190 704 1189 734 1184 742 1183 744 1184 752 1189 753 1189 754 1189 756 1190 853 1190 853 1189 947 1183 956 1183 958 1183 981 1189 982 1189 983 1189 984 1189 1002 1183 1003 1183 1006 1183 1063 1189 1064 1189 1101 1181 1101 1169 1101 1141 614 1134 613 1134 507 1140 477 1134 476 1134 474 1134 473 1134 464 1140 411 1134 409 1134 408 1134 407 1134 398 1141 327 1141 284 1134 283 1134 238 1140 173 1134 172 1134 171 1134 157 1141 74 1141 74 1169"/></Shape>
	    <String CONTENT="uent l’vne contre l’autre, qu’il faut que le Prince con¬"
                    HPOS="74"
                    VPOS="1134"
                    WIDTH="1027"
                    HEIGHT="56"
                    WC="0.9976664781570435"></String>
          </TextLine>
          <TextLine ID="line_27"
                    TAGREFS="LT8"
                    BASELINE="76 1214 1099 1218" 
                    HPOS="74"
                    VPOS="1175"
                    WIDTH="1025"
                    HEIGHT="63">
            <Shape><Polygon POINTS="76 1214 74 1225 93 1233 94 1233 96 1233 181 1228 191 1234 192 1234 193 1234 194 1234 291 1228 373 1234 374 1234 376 1234 394 1228 417 1235 418 1235 419 1235 723 1229 756 1236 757 1236 758 1238 882 1238 882 1236 883 1236 884 1236 894 1230 1049 1236 1051 1236 1098 1229 1099 1218 1098 1188 1058 1179 1057 1179 1056 1179 1027 1186 971 1180 969 1180 968 1180 948 1186 947 1186 924 1178 923 1178 922 1178 921 1178 887 1186 886 1186 869 1178 868 1178 867 1178 832 1184 797 1178 796 1178 794 1178 762 1186 759 1186 757 1186 737 1176 736 1176 601 1176 599 1176 598 1176 597 1176 586 1185 584 1185 579 1185 469 1176 468 1176 467 1176 466 1176 454 1185 453 1186 422 1186 417 1185 373 1175 343 1175 342 1175 341 1175 339 1175 328 1184 327 1185 293 1185 292 1184 281 1175 279 1175 278 1175 277 1175 276 1175 249 1184 248 1184 246 1184 199 1175 198 1175 197 1175 177 1184 176 1184 173 1184 133 1175 132 1175 131 1175 112 1184 109 1184 76 1184 76 1214"/></Shape>
	    <String CONTENT="tente la plus forte, ſans parler ſi elle a le droit ou non."
                    HPOS="74"
                    VPOS="1175"
                    WIDTH="1025"
                    HEIGHT="63"
                    WC="0.986122228331485"></String>
          </TextLine>
          <TextLine ID="line_28"
                    TAGREFS="LT8"
                    BASELINE="73 1263 342 1263 1101 1263" 
                    HPOS="71"
                    VPOS="1220"
                    WIDTH="1028"
                    HEIGHT="67">
            <Shape><Polygon POINTS="71 1261 71 1281 1097 1287 1099 1261 1099 1229 1065 1220 1063 1220 1062 1220 1007 1229 953 1220 951 1220 949 1220 925 1229 688 1220 686 1220 684 1220 647 1229 589 1220 587 1220 489 1229 461 1220 459 1220 457 1220 455 1220 420 1229 395 1220 394 1220 392 1220 317 1229 225 1220 223 1220 221 1220 204 1229 195 1220 193 1220 191 1220 189 1220 187 1220 166 1229 90 1220 88 1220 86 1220 71 1261"/></Shape>
	    <String CONTENT="Item qu’il face plus d’vn grand, afin qu’iceux s’entr’ob¬"
                    HPOS="71"
                    VPOS="1220"
                    WIDTH="1028"
                    HEIGHT="67"
                    WC="0.9874841895019799"></String>
          </TextLine>
          <TextLine ID="line_29"
                    TAGREFS="LT8"
                    BASELINE="78 1310 577 1310 1099 1310" 
                    HPOS="76"
                    VPOS="1278"
                    WIDTH="1021"
                    HEIGHT="54">
            <Shape><Polygon POINTS="76 1308 76 1328 1095 1332 1097 1308 1097 1278 76 1278 76 1308"/></Shape>
	    <String CONTENT="ſeruent, &amp; eſtans en contrebande ſoyent corrigez l’vn"
                    HPOS="76"
                    VPOS="1278"
                    WIDTH="1021"
                    HEIGHT="54"
                    WC="0.9980999085138429"></String>
          </TextLine>
          <TextLine ID="line_30"
                    TAGREFS="LT8"
                    BASELINE="79 1355 1097 1358" 
                    HPOS="78"
                    VPOS="1315"
                    WIDTH="1019"
                    HEIGHT="63">
            <Shape><Polygon POINTS="79 1355 78 1366 219 1376 221 1376 948 1370 1023 1370 1026 1370 1048 1378 1049 1378 1051 1378 1052 1378 1053 1378 1063 1370 1066 1370 1094 1370 1097 1358 1096 1326 1023 1326 1022 1325 1003 1318 1002 1318 1001 1318 999 1318 982 1325 979 1325 974 1324 941 1318 939 1318 894 1324 889 1324 888 1324 879 1318 878 1318 877 1318 876 1318 806 1323 766 1325 741 1321 709 1318 708 1318 707 1318 706 1318 702 1321 696 1326 666 1326 656 1321 649 1318 648 1318 647 1318 604 1320 552 1324 539 1320 533 1318 532 1318 531 1318 529 1318 528 1318 526 1320 519 1325 446 1325 421 1319 411 1316 409 1316 408 1316 401 1318 376 1324 317 1318 304 1316 303 1316 286 1316 186 1323 162 1316 161 1316 159 1316 118 1324 79 1315 79 1355"/></Shape>
	    <String CONTENT="par l’autre: ſans alleguer qu’il faut pouruoir les hommes"
                    HPOS="78"
                    VPOS="1315"
                    WIDTH="1019"
                    HEIGHT="63"
                    WC="0.9985812306404114"></String>
          </TextLine>
          <TextLine ID="line_31"
                    TAGREFS="LT8"
                    BASELINE="73 1403 1099 1403" 
                    HPOS="73"
                    VPOS="1366"
                    WIDTH="1026"
                    HEIGHT="60">
            <Shape><Polygon POINTS="73 1403 73 1416 113 1416 126 1425 127 1425 128 1425 129 1425 131 1425 153 1416 271 1418 279 1425 281 1425 282 1425 283 1425 284 1425 317 1416 362 1425 363 1425 424 1416 437 1425 438 1425 439 1425 441 1426 508 1426 508 1425 509 1425 529 1416 547 1425 548 1425 549 1426 623 1426 623 1425 624 1425 649 1416 697 1423 698 1423 743 1416 777 1425 778 1425 779 1425 973 1416 996 1425 997 1425 998 1426 1067 1426 1067 1425 1068 1425 1099 1415 1099 1403 1098 1369 771 1373 751 1370 724 1366 723 1366 722 1366 714 1370 708 1374 618 1374 611 1370 597 1366 596 1366 594 1366 593 1366 592 1366 587 1370 584 1373 582 1371 573 1366 572 1366 474 1366 473 1366 472 1366 471 1366 464 1371 462 1374 273 1374 269 1373 243 1366 242 1366 73 1373 73 1403"/></Shape>
	    <String CONTENT="ſuyuant leur vertu &amp; fidelité enuers la patrie. Somme, il"
                    HPOS="73"
                    VPOS="1366"
                    WIDTH="1026"
                    HEIGHT="60"
                    WC="0.9832125501386051"></String>
          </TextLine>
          <TextLine ID="line_32"
                    TAGREFS="LT8"
                    BASELINE="73 1449 1098 1451" 
                    HPOS="72"
                    VPOS="1411"
                    WIDTH="1026"
                    HEIGHT="60">
            <Shape><Polygon POINTS="73 1449 72 1459 101 1468 102 1468 103 1468 154 1461 182 1470 183 1470 184 1470 186 1470 218 1463 292 1470 293 1470 294 1470 318 1461 342 1470 343 1470 344 1471 399 1471 399 1470 401 1470 402 1470 416 1461 421 1461 486 1469 487 1469 488 1469 489 1469 501 1461 502 1461 503 1463 521 1469 522 1469 523 1469 524 1469 546 1463 547 1463 587 1471 588 1471 624 1463 627 1463 702 1463 704 1464 714 1471 716 1471 717 1471 718 1471 813 1464 821 1464 824 1464 867 1471 868 1471 869 1471 882 1464 887 1463 927 1463 931 1465 939 1471 941 1471 942 1471 943 1471 1097 1465 1098 1451 1096 1414 1033 1421 999 1414 993 1413 992 1413 984 1414 942 1423 826 1423 813 1414 812 1414 811 1414 809 1414 808 1414 807 1414 787 1421 738 1421 727 1414 724 1413 723 1413 722 1413 679 1413 678 1413 677 1413 672 1414 656 1421 537 1419 532 1415 528 1411 527 1411 526 1411 524 1411 503 1415 471 1421 289 1421 279 1415 272 1411 271 1411 269 1411 241 1415 224 1418 219 1415 212 1411 211 1411 209 1411 73 1415 73 1449"/></Shape>
	    <String CONTENT="ſemble bien que tous leurs enſeignemens tendent à"
                    HPOS="72"
                    VPOS="1411"
                    WIDTH="1026"
                    HEIGHT="60"
                    WC="0.9859680008888244"></String>
          </TextLine>
          <TextLine ID="line_33"
                    TAGREFS="LT8"
                    BASELINE="72 1498 1102 1498" 
                    HPOS="72"
                    VPOS="1460"
                    WIDTH="1030"
                    HEIGHT="59">
            <Shape><Polygon POINTS="72 1498 72 1509 109 1518 111 1518 173 1510 178 1510 179 1510 191 1516 192 1516 193 1516 362 1511 439 1510 449 1513 466 1518 467 1518 468 1518 512 1513 532 1511 537 1514 546 1518 547 1518 548 1518 549 1518 561 1514 569 1510 574 1514 579 1518 581 1518 582 1518 583 1518 617 1514 653 1510 671 1515 683 1518 684 1518 686 1518 704 1515 733 1510 753 1515 762 1518 763 1518 764 1519 851 1519 851 1518 852 1518 853 1518 854 1516 862 1511 906 1516 918 1518 919 1518 928 1516 971 1510 1101 1518 1102 1498 1102 1469 1062 1461 1061 1461 994 1468 977 1460 976 1460 974 1460 973 1460 946 1468 852 1460 851 1460 794 1468 768 1460 767 1460 766 1460 727 1468 711 1460 709 1460 708 1460 673 1468 616 1460 614 1460 613 1460 597 1469 538 1469 501 1460 499 1460 498 1460 481 1468 444 1460 443 1460 368 1468 327 1460 326 1460 287 1468 107 1460 106 1460 72 1468 72 1498"/></Shape>
	    <String CONTENT="aſſuiettir touſiours de plus en plus les peuples, &amp; ſe main"
                    HPOS="72"
                    VPOS="1460"
                    WIDTH="1030"
                    HEIGHT="59"
                    WC="0.9897394352040049"></String>
          </TextLine>
          <TextLine ID="line_34"
                    TAGREFS="LT8"
                    BASELINE="72 1543 1099 1545" 
                    HPOS="71"
                    VPOS="1504"
                    WIDTH="1028"
                    HEIGHT="60">
            <Shape><Polygon POINTS="72 1543 71 1559 366 1563 367 1563 368 1563 378 1559 383 1556 392 1559 408 1563 409 1563 411 1563 447 1558 464 1556 484 1558 533 1563 534 1563 597 1558 616 1556 628 1558 681 1564 682 1564 683 1564 708 1558 713 1556 943 1556 944 1556 961 1564 962 1564 963 1564 998 1556 999 1556 1031 1564 1032 1564 1033 1564 1034 1564 1036 1564 1047 1556 1098 1556 1099 1545 1099 1514 1071 1505 1069 1505 1068 1505 1067 1505 1048 1513 1012 1505 1011 1505 1009 1505 987 1513 984 1513 982 1513 944 1505 943 1505 907 1511 901 1513 896 1511 874 1505 873 1505 872 1505 871 1505 848 1511 842 1513 828 1511 791 1506 789 1506 788 1506 777 1510 772 1513 769 1510 762 1505 761 1505 759 1505 726 1505 724 1505 701 1510 687 1513 668 1510 639 1505 638 1505 618 1509 602 1513 592 1509 578 1504 577 1504 576 1504 548 1509 532 1511 492 1508 453 1505 452 1505 451 1505 449 1505 447 1508 443 1510 439 1508 432 1504 431 1504 429 1504 403 1508 374 1511 351 1506 334 1504 333 1504 332 1504 326 1506 314 1511 72 1505 72 1543"/></Shape>
	    <String CONTENT="tenir par quelque bout que ce ſoit. Mais cela eſt oſter le"
                    HPOS="71"
                    VPOS="1504"
                    WIDTH="1028"
                    HEIGHT="60"
                    WC="0.9901127661096638"></String>
          </TextLine>
          <TextLine ID="line_35"
                    TAGREFS="LT8"
                    BASELINE="72 1591 1101 1589" 
                    HPOS="71"
                    VPOS="1551"
                    WIDTH="1030"
                    HEIGHT="60">
            <Shape><Polygon POINTS="72 1591 72 1604 132 1604 133 1604 141 1610 142 1610 143 1610 144 1610 146 1610 159 1604 163 1603 401 1603 457 1606 537 1611 538 1611 539 1611 541 1611 547 1606 553 1603 568 1606 583 1611 584 1611 586 1611 638 1610 639 1610 646 1608 661 1601 723 1608 747 1610 748 1610 796 1609 963 1601 978 1610 979 1610 981 1610 982 1611 1099 1611 1101 1589 1098 1560 1059 1551 1058 1551 1057 1551 1027 1559 773 1551 772 1551 771 1551 769 1551 758 1560 584 1560 559 1553 558 1553 557 1553 556 1553 541 1560 316 1553 314 1553 274 1560 259 1553 258 1553 206 1553 204 1553 203 1553 202 1553 191 1560 119 1554 118 1554 71 1561 72 1591"/></Shape>
	    <String CONTENT="nom de la cité &amp; du peuple, comme dit ſainct Auguſtin"
                    HPOS="71"
                    VPOS="1551"
                    WIDTH="1030"
                    HEIGHT="60"
                    WC="0.9884705786351804"></String>
          </TextLine>
          <TextLine ID="line_36"
                    TAGREFS="LT8"
                    BASELINE="69 1639 1101 1635" 
                    HPOS="68"
                    VPOS="1595"
                    WIDTH="1033"
                    HEIGHT="66">
            <Shape><Polygon POINTS="69 1639 69 1658 104 1651 157 1658 161 1658 162 1658 163 1658 164 1658 174 1651 253 1651 268 1658 279 1661 281 1661 282 1661 304 1658 333 1651 368 1656 369 1656 371 1656 372 1656 422 1650 448 1656 449 1656 451 1656 452 1656 459 1656 529 1650 542 1656 552 1660 553 1660 554 1660 587 1655 617 1651 628 1655 641 1660 642 1660 643 1661 709 1661 709 1660 711 1660 712 1660 719 1655 727 1650 761 1655 789 1659 791 1659 1099 1653 1101 1635 1098 1604 1034 1598 1033 1598 1032 1598 1031 1598 1023 1604 1022 1605 968 1605 966 1604 949 1595 948 1595 871 1595 869 1595 868 1595 867 1595 854 1604 853 1604 813 1599 812 1599 693 1605 677 1605 674 1605 651 1596 649 1596 648 1596 647 1596 646 1596 634 1605 633 1606 591 1606 589 1605 568 1596 567 1596 566 1596 522 1604 504 1596 503 1596 502 1596 449 1605 438 1596 437 1596 436 1596 409 1596 408 1596 307 1598 306 1598 304 1598 293 1606 271 1598 269 1598 268 1598 238 1604 223 1598 222 1598 138 1598 137 1598 136 1598 121 1604 112 1598 111 1598 109 1598 108 1598 68 1606 69 1639"/></Shape>
	    <String CONTENT="au 19. liure de la Cité de Dieu, chap.21.que ſi la Republi¬"
                    HPOS="68"
                    VPOS="1595"
                    WIDTH="1033"
                    HEIGHT="66"
                    WC="0.9931756655375162"></String>
          </TextLine>
          <TextLine ID="line_37"
                    TAGREFS="LT8"
                    BASELINE="72 1681 1101 1684" 
                    HPOS="71"
                    VPOS="1645"
                    WIDTH="1030"
                    HEIGHT="62">
            <Shape><Polygon POINTS="72 1681 71 1704 149 1705 151 1705 152 1705 154 1704 169 1696 286 1696 302 1704 304 1705 306 1705 307 1705 318 1704 381 1696 422 1704 431 1705 432 1706 557 1706 557 1705 558 1705 561 1704 577 1696 592 1704 598 1706 599 1706 601 1706 617 1704 652 1697 767 1697 789 1704 801 1706 802 1706 803 1707 873 1707 873 1706 874 1706 886 1704 908 1697 1098 1702 1101 1684 1099 1655 1056 1646 1054 1646 941 1654 936 1655 798 1655 797 1654 787 1646 786 1646 784 1646 783 1646 782 1646 764 1654 763 1654 759 1654 716 1646 714 1646 713 1646 712 1646 703 1654 702 1655 656 1655 648 1654 599 1646 598 1646 597 1646 596 1646 587 1654 584 1654 577 1654 503 1645 384 1645 383 1645 382 1645 368 1653 353 1645 352 1645 351 1645 289 1653 283 1654 219 1654 217 1653 206 1645 204 1645 203 1645 202 1645 72 1651 72 1681"/></Shape>
	    <String CONTENT="que eſt vne aſſemblee de peuple, aſſociee par vn conſen¬"
                    HPOS="71"
                    VPOS="1645"
                    WIDTH="1030"
                    HEIGHT="62"
                    WC="0.9969699861747878"></String>
          </TextLine>
          <TextLine ID="line_38"
                    TAGREFS="LT8"
                    BASELINE="69 1729 1102 1731" 
                    HPOS="68"
                    VPOS="1697"
                    WIDTH="1034"
                    HEIGHT="53">
            <Shape><Polygon POINTS="69 1729 68 1744 1099 1750 1102 1731 1101 1699 69 1697 69 1729"/></Shape>
	    <String CONTENT="tement de droit &amp; communion d’vtilité, elle ne ſe retient"
                    HPOS="68"
                    VPOS="1697"
                    WIDTH="1034"
                    HEIGHT="53"
                    WC="0.9975242758619374"></String>
          </TextLine>
          <TextLine ID="line_39"
                    TAGREFS="LT8"
                    BASELINE="72 1780 1099 1780" 
                    HPOS="72"
                    VPOS="1739"
                    WIDTH="1027"
                    HEIGHT="60">
            <Shape><Polygon POINTS="72 1780 72 1799 157 1792 197 1799 202 1799 203 1799 204 1799 206 1799 228 1792 242 1799 243 1799 244 1799 246 1799 247 1799 249 1799 267 1792 377 1797 413 1799 414 1799 428 1797 461 1792 483 1796 494 1799 496 1799 528 1796 584 1792 598 1796 607 1799 608 1799 609 1799 624 1796 643 1792 677 1796 709 1799 711 1799 741 1795 767 1792 796 1795 837 1799 838 1799 1099 1792 1099 1780 1099 1747 1059 1739 1058 1739 1057 1739 1028 1746 1027 1746 1024 1746 953 1739 952 1739 888 1746 878 1747 784 1747 781 1745 772 1739 771 1739 769 1739 629 1739 628 1739 627 1739 612 1744 604 1747 532 1747 521 1744 504 1739 503 1739 466 1739 464 1739 463 1739 462 1739 457 1742 452 1746 434 1742 412 1739 411 1739 338 1742 257 1746 72 1741 72 1780"/></Shape>
	    <String CONTENT="plus le nom de Republique, ſi la iuſtice en eſt oſtee. Ce"
                    HPOS="72"
                    VPOS="1739"
                    WIDTH="1027"
                    HEIGHT="60"
                    WC="0.9932912483549955"></String>
          </TextLine>
          <TextLine ID="line_40"
                    TAGREFS="LT8"
                    BASELINE="72 1822 1098 1825" 
                    HPOS="71"
                    VPOS="1786"
                    WIDTH="1027"
                    HEIGHT="60">
            <Shape><Polygon POINTS="72 1822 71 1839 322 1845 323 1845 324 1845 338 1840 346 1837 408 1837 413 1840 419 1844 421 1844 422 1844 423 1844 459 1840 482 1837 493 1840 514 1845 516 1845 517 1845 541 1840 553 1837 563 1840 584 1846 586 1846 587 1846 648 1840 666 1839 716 1839 719 1840 732 1846 733 1846 734 1846 762 1840 764 1840 767 1840 791 1846 792 1846 793 1846 852 1840 871 1839 878 1840 899 1846 901 1846 902 1846 932 1840 941 1839 951 1840 979 1846 981 1846 1097 1840 1098 1825 1097 1795 632 1787 631 1787 629 1787 607 1794 604 1794 602 1794 586 1786 584 1786 583 1786 549 1792 473 1786 472 1786 471 1786 447 1792 446 1792 444 1792 398 1786 397 1786 396 1786 383 1792 382 1792 352 1786 351 1786 349 1786 326 1792 323 1792 322 1792 292 1786 291 1786 289 1786 274 1792 273 1794 148 1794 146 1792 137 1786 136 1786 134 1786 133 1786 132 1786 131 1786 123 1792 122 1792 72 1792 72 1822"/></Shape>
	    <String CONTENT="qu’on appele droit eſt vne choſe decoulãte de la fontaine"
                    HPOS="71"
                    VPOS="1786"
                    WIDTH="1027"
                    HEIGHT="60"
                    WC="0.9926253927165064"></String>
          </TextLine>
          <TextLine ID="line_41"
                    TAGREFS="LT8"
                    BASELINE="68 1869 1096 1872" 
                    HPOS="67"
                    VPOS="1831"
                    WIDTH="1029"
                    HEIGHT="66">
            <Shape><Polygon POINTS="68 1869 67 1891 99 1886 137 1892 146 1894 147 1895 187 1895 187 1894 188 1894 189 1894 191 1892 202 1886 212 1892 216 1894 217 1894 218 1894 227 1892 254 1886 296 1892 304 1892 306 1892 321 1891 389 1886 401 1891 409 1895 411 1895 412 1895 413 1895 423 1891 434 1887 447 1891 461 1895 462 1895 463 1896 547 1896 547 1895 548 1895 549 1895 554 1891 559 1887 573 1890 594 1895 596 1895 597 1895 598 1895 603 1890 608 1887 647 1887 654 1890 667 1895 668 1895 669 1895 831 1889 859 1889 861 1889 869 1896 871 1896 872 1896 873 1897 1002 1897 1002 1896 1003 1896 1018 1889 1043 1896 1044 1896 1046 1896 1094 1887 1096 1872 1093 1837 1034 1841 1027 1837 1022 1834 1021 1834 1019 1834 1018 1834 1017 1834 1003 1837 987 1841 981 1837 976 1834 974 1834 973 1834 933 1834 932 1834 931 1834 921 1837 908 1842 821 1842 813 1837 808 1834 807 1834 806 1834 761 1834 759 1834 716 1837 686 1840 681 1837 671 1832 669 1832 626 1832 624 1832 547 1837 511 1840 506 1837 493 1832 492 1832 491 1832 426 1837 412 1839 409 1837 396 1831 394 1831 393 1831 322 1837 311 1839 307 1839 284 1831 283 1831 282 1831 227 1839 221 1839 219 1839 211 1831 209 1831 208 1831 174 1831 173 1831 172 1831 171 1831 162 1839 161 1840 103 1840 101 1839 87 1831 86 1831 84 1831 83 1831 68 1837 68 1869"/></Shape>
	    <String CONTENT="de iuſtice, &amp; non pas de ce qui depend des conſtitutions"
                    HPOS="67"
                    VPOS="1831"
                    WIDTH="1029"
                    HEIGHT="66"
                    WC="0.9776356645992824"></String>
          </TextLine>
          <TextLine ID="line_42"
                    TAGREFS="LT8"
                    BASELINE="71 1916 1092 1919" 
                    HPOS="69"
                    VPOS="1881"
                    WIDTH="1023"
                    HEIGHT="58">
            <Shape><Polygon POINTS="71 1916 69 1929 158 1937 159 1937 446 1932 581 1931 607 1935 638 1939 639 1939 641 1939 652 1935 661 1932 683 1935 709 1939 711 1939 724 1936 741 1932 764 1936 782 1939 783 1939 804 1936 839 1932 1089 1939 1092 1919 1091 1890 851 1882 849 1882 848 1882 827 1889 824 1889 823 1889 793 1882 792 1882 733 1889 726 1889 718 1889 654 1882 653 1882 426 1887 412 1887 398 1881 397 1881 396 1881 366 1887 364 1887 356 1881 354 1881 353 1881 352 1881 318 1887 314 1887 71 1887 71 1916"/></Shape>
	    <String CONTENT="corrompues des hommes, obſeruees ſuyuant vn erreur"
                    HPOS="69"
                    VPOS="1881"
                    WIDTH="1023"
                    HEIGHT="58"
                    WC="0.9972648429870605"></String>
          </TextLine>
          <TextLine ID="line_43"
                    TAGREFS="LT8"
                    BASELINE="69 1964 1092 1966" 
                    HPOS="68"
                    VPOS="1924"
                    WIDTH="1024"
                    HEIGHT="65">
            <Shape><Polygon POINTS="69 1964 68 1976 142 1984 143 1984 283 1979 331 1986 332 1987 393 1987 393 1986 394 1986 396 1986 407 1979 432 1986 433 1986 434 1987 562 1987 562 1986 563 1986 577 1980 584 1987 586 1987 587 1987 588 1989 642 1989 642 1987 643 1987 644 1987 654 1980 656 1980 904 1980 907 1981 916 1987 917 1987 918 1987 919 1987 921 1987 943 1981 951 1987 952 1987 953 1987 954 1987 1091 1981 1092 1966 1091 1935 1044 1934 1034 1925 1033 1925 1032 1925 952 1925 951 1925 949 1925 934 1934 933 1934 928 1934 861 1925 834 1925 833 1925 832 1925 831 1925 821 1932 819 1934 813 1932 776 1926 774 1926 773 1926 752 1932 748 1934 747 1932 738 1925 737 1925 736 1925 734 1925 733 1925 716 1932 712 1934 697 1932 633 1925 632 1925 631 1925 617 1932 616 1932 614 1932 592 1925 591 1925 589 1925 588 1925 564 1931 546 1924 544 1924 543 1924 509 1931 503 1932 489 1931 427 1925 426 1925 424 1925 406 1931 404 1931 403 1931 387 1924 386 1924 333 1924 332 1924 331 1924 314 1930 309 1932 302 1930 283 1925 282 1925 281 1925 279 1925 258 1930 249 1932 239 1930 226 1926 224 1926 223 1926 197 1930 177 1932 69 1930 69 1964"/></Shape>
	    <String CONTENT="inueteré. Ce n’eſt donc plus le bien de la choſe publique."
                    HPOS="68"
                    VPOS="1924"
                    WIDTH="1024"
                    HEIGHT="65"
                    WC="0.9917743559611045"></String>
          </TextLine>
          <TextLine ID="line_44"
                    TAGREFS="LT8"
                    BASELINE="74 2014 1089 2011" 
                    HPOS="73"
                    VPOS="1974"
                    WIDTH="1016"
                    HEIGHT="81">
            <Shape><Polygon POINTS="74 2014 74 2042 202 2050 203 2050 204 2050 229 2042 231 2042 233 2042 262 2052 263 2052 264 2052 326 2046 368 2055 369 2055 371 2055 372 2055 388 2044 414 2052 416 2052 417 2052 459 2042 461 2042 493 2052 494 2052 496 2052 551 2042 647 2054 648 2055 876 2055 876 2054 877 2054 901 2041 932 2049 933 2049 934 2049 936 2049 954 2041 957 2041 1039 2047 1041 2047 1088 2040 1089 2011 1088 1984 1057 1974 1056 1974 1054 1974 1053 1974 1034 1984 999 1984 963 1984 963 1982 948 1974 947 1974 946 1974 944 1974 943 1974 942 1974 929 1982 928 1984 849 1984 848 1982 827 1975 826 1975 824 1975 751 1980 742 1974 741 1974 739 1974 738 1974 694 1982 692 1982 689 1982 666 1974 664 1974 663 1974 662 1974 643 1982 642 1984 579 1984 527 1981 397 1976 396 1976 394 1976 373 1981 363 1984 353 1981 329 1975 328 1975 327 1975 283 1981 263 1984 243 1981 204 1975 169 1975 168 1975 167 1975 156 1981 152 1984 148 1981 141 1975 139 1975 138 1975 137 1975 73 1980 74 2014"/></Shape>
	    <String CONTENT="(dit-il) quand pour gouuerner, les hommes quitrent la"
                    HPOS="73"
                    VPOS="1974"
                    WIDTH="1016"
                    HEIGHT="81"
                    WC="0.9862402070243403"></String>
          </TextLine>
        </TextBlock>
        <TextBlock HPOS="1048"
                   VPOS="91"
                   WIDTH="63"
                   HEIGHT="56"
                   ID="block_2"
                   TAGREFS="BT15">
          <Shape><Polygon POINTS="1111 91 1111 147 1048 147 1048 91"/></Shape>
          <TextLine ID="line_1"
                    TAGREFS="LT8"
                    BASELINE="1044 128 1103 126" 
                    HPOS="1042"
                    VPOS="94"
                    WIDTH="61"
                    HEIGHT="59">
            <Shape><Polygon POINTS="1092 94 1079 94 1077 94 1042 102 1044 128 1044 146 1056 153 1057 153 1058 153 1059 153 1103 143 1103 126 1099 94 1092 94"/></Shape>
	    <String CONTENT="91"
                    HPOS="1042"
                    VPOS="94"
                    WIDTH="61"
                    HEIGHT="59"
                    WC="0.9999929666519165"></String>
          </TextLine>
        </TextBlock>
        <TextBlock HPOS="1113"
                   VPOS="151"
                   WIDTH="177"
                   HEIGHT="249"
                   ID="block_7"
                   TAGREFS="BT100009">
          <Shape><Polygon POINTS="1290 151 1290 400 1113 400 1113 387 1117 387 1117 373 1113 373 1113 345 1120 345 1120 330 1113 330 1113 196 1125 196 1125 176 1113 176 1113 151"/></Shape>
          <TextLine ID="eSc_line_1825a523"
                    TAGREFS="LT8"
                    BASELINE="1113 182 1271 178" 
                    HPOS="1112"
                    VPOS="151"
                    WIDTH="158"
                    HEIGHT="43">
            <Shape><Polygon POINTS="1260 151 1242 151 1223 151 1204 151 1185 151 1167 151 1148 151 1129 151 1118 163 1112 181 1112 194 1270 191 1270 176 1266 151 1260 151"/></Shape>
	    <String CONTENT="Commée"
                    HPOS="1112"
                    VPOS="151"
                    WIDTH="158"
                    HEIGHT="43"
                    WC="0.9996595808437893"></String>
          </TextLine>
          <TextLine ID="line_2"
                    TAGREFS="LT8"
                    BASELINE="1114 224 1151 219 1281 221" 
                    HPOS="1113"
                    VPOS="194"
                    WIDTH="168"
                    HEIGHT="44">
            <Shape><Polygon POINTS="1114 224 1114 238 1279 237 1281 221 1278 194 1113 194 1114 224"/></Shape>
	    <String CONTENT="Dieu veu¬"
                    HPOS="1113"
                    VPOS="194"
                    WIDTH="168"
                    HEIGHT="44"
                    WC="0.9999877479341295"></String>
          </TextLine>
          <TextLine ID="line_3"
                    TAGREFS="LT8"
                    BASELINE="1113 261 1281 258" 
                    HPOS="1112"
                    VPOS="229"
                    WIDTH="169"
                    HEIGHT="45">
            <Shape><Polygon POINTS="1113 261 1113 274 1279 272 1281 258 1278 232 1112 229 1113 261"/></Shape>
	    <String CONTENT="que la po¬"
                    HPOS="1112"
                    VPOS="229"
                    WIDTH="169"
                    HEIGHT="45"
                    WC="0.9988271176815033"></String>
          </TextLine>
          <TextLine ID="line_4"
                    TAGREFS="LT8"
                    BASELINE="1112 301 1281 301" 
                    HPOS="1112"
                    VPOS="267"
                    WIDTH="169"
                    HEIGHT="49">
            <Shape><Polygon POINTS="1112 301 1112 316 1281 316 1281 301 1279 267 1232 274 1213 267 1212 267 1211 267 1209 267 1208 267 1194 276 1112 268 1112 301"/></Shape>
	    <String CONTENT="lice ciuile"
                    HPOS="1112"
                    VPOS="267"
                    WIDTH="169"
                    HEIGHT="49"
                    WC="0.9980802102522417"></String>
          </TextLine>
          <TextLine ID="eSc_line_853646d3"
                    TAGREFS="LT8"
                    BASELINE="1118 339 1129 341 1278 341" 
                    HPOS="1114"
                    VPOS="303"
                    WIDTH="163"
                    HEIGHT="101">
            <Shape><Polygon POINTS="1116 337 1114 361 1165 361 1182 374 1221 404 1223 404 1225 404 1227 404 1229 404 1275 391 1277 339 1275 303 1131 303 1116 337"/></Shape>
	    <String CONTENT="foit cõ ſer¬"
                    HPOS="1114"
                    VPOS="303"
                    WIDTH="163"
                    HEIGHT="101"
                    WC="0.9657241014333872"></String>
          </TextLine>
          <TextLine ID="eSc_line_4c2c6bb5"
                    TAGREFS="LT8"
                    BASELINE="1116 379 1186 384" 
                    HPOS="1112"
                    VPOS="352"
                    WIDTH="73"
                    HEIGHT="71">
            <Shape><Polygon POINTS="1114 378 1112 408 1146 423 1148 423 1150 423 1182 417 1185 382 1185 354 1127 352 1114 378"/></Shape>
	    <String CONTENT="uec¬"
                    HPOS="1112"
                    VPOS="352"
                    WIDTH="73"
                    HEIGHT="71"
                    WC="0.9907267242670059"></String>
          </TextLine>
        </TextBlock>
      </PrintSpace>
    </Page>
  </Layout>
</alto>
