<?xml version="1.0" encoding="UTF-8"?>
<alto xmlns:xsi="http://www.w3.org/2001/XMLSchema-instance"
      xmlns="http://www.loc.gov/standards/alto/ns-v4#"
      xsi:schemaLocation="http://www.loc.gov/standards/alto/ns-v4# http://www.loc.gov/standards/alto/v4/alto-4-2.xsd">
  <Description>
    <MeasurementUnit>pixel</MeasurementUnit>
    <sourceImageInformation>
      <fileName>page_00022.png</fileName>
    </sourceImageInformation>
  </Description>
  <Tags>
    <OtherTag ID="BT7" LABEL="CustomZone" DESCRIPTION="block type CustomZone"/><OtherTag ID="BT8" LABEL="DamageZone" DESCRIPTION="block type DamageZone"/><OtherTag ID="BT9" LABEL="DigitizationArtefactZone" DESCRIPTION="block type DigitizationArtefactZone"/><OtherTag ID="BT10" LABEL="DropCapitalZone" DESCRIPTION="block type DropCapitalZone"/><OtherTag ID="BT11" LABEL="GraphicZone" DESCRIPTION="block type GraphicZone"/><OtherTag ID="BT12" LABEL="MainZone" DESCRIPTION="block type MainZone"/><OtherTag ID="BT13" LABEL="MarginTextZone" DESCRIPTION="block type MarginTextZone"/><OtherTag ID="BT14" LABEL="MusicZone" DESCRIPTION="block type MusicZone"/><OtherTag ID="BT15" LABEL="NumberingZone" DESCRIPTION="block type NumberingZone"/><OtherTag ID="BT17" LABEL="QuireMarksZone" DESCRIPTION="block type QuireMarksZone"/><OtherTag ID="BT18" LABEL="RunningTitleZone" DESCRIPTION="block type RunningTitleZone"/><OtherTag ID="BT19" LABEL="SealZone" DESCRIPTION="block type SealZone"/><OtherTag ID="BT20" LABEL="StampZone" DESCRIPTION="block type StampZone"/><OtherTag ID="BT21" LABEL="TableZone" DESCRIPTION="block type TableZone"/><OtherTag ID="BT22" LABEL="TitlePageZone" DESCRIPTION="block type TitlePageZone"/><OtherTag ID="BT100006" LABEL="MainZone-Continued" DESCRIPTION="block type MainZone-Continued"/><OtherTag ID="BT100001" LABEL="MainZone-Head" DESCRIPTION="block type MainZone-Head"/><OtherTag ID="BT100005" LABEL="MainZone-P" DESCRIPTION="block type MainZone-P"/><OtherTag ID="BT100008" LABEL="MainZone-Sp" DESCRIPTION="block type MainZone-Sp"/><OtherTag ID="BT100009" LABEL="MarginTextZone-Notes" DESCRIPTION="block type MarginTextZone-Notes"/><OtherTag ID="BT100011" LABEL="MainZone-Entry" DESCRIPTION="block type MainZone-Entry"/><OtherTag ID="BT100002" LABEL="MainZone-Lg" DESCRIPTION="block type MainZone-Lg"/>
    <OtherTag ID="LT7" LABEL="CustomLine" DESCRIPTION="line type CustomLine"/><OtherTag ID="LT8" LABEL="DefaultLine" DESCRIPTION="line type DefaultLine"/><OtherTag ID="LT9" LABEL="DropCapitalLine" DESCRIPTION="line type DropCapitalLine"/><OtherTag ID="LT10" LABEL="HeadingLine" DESCRIPTION="line type HeadingLine"/><OtherTag ID="LT11" LABEL="InterlinearLine" DESCRIPTION="line type InterlinearLine"/><OtherTag ID="LT12" LABEL="MusicLine" DESCRIPTION="line type MusicLine"/><OtherTag ID="LT746" LABEL="default" DESCRIPTION="line type default"/>
  </Tags>
  <Layout>
    <Page WIDTH="1385"
          HEIGHT="2257"
          PHYSICAL_IMG_NR="21"
          ID="eSc_dummypage_">
      <PrintSpace HPOS="0"
                  VPOS="0"
                  WIDTH="1385"
                  HEIGHT="2257">
        <TextBlock HPOS="131"
                   VPOS="174"
                   WIDTH="1036"
                   HEIGHT="379"
                   ID="block_10"
                   TAGREFS="BT100006">
          <Shape><Polygon POINTS="1167 174 1155 547 131 553 131 174"/></Shape>
          <TextLine ID="line_1"
                    TAGREFS="LT8"
                    BASELINE="135 211 659 209 1161 214" 
                    HPOS="135"
                    VPOS="163"
                    WIDTH="1026"
                    HEIGHT="68">
            <Shape><Polygon POINTS="135 211 135 229 589 223 605 226 620 230 622 230 623 231 787 231 787 230 789 230 799 225 802 224 809 225 829 230 830 230 831 230 833 230 834 230 841 225 844 224 858 225 914 230 915 230 1105 224 1139 230 1140 230 1141 230 1160 223 1161 214 1160 175 1088 168 1087 168 1086 168 1067 174 1066 174 1065 174 1050 164 1048 164 1047 164 1046 164 977 173 964 174 962 173 955 168 954 168 953 168 952 168 950 168 942 173 937 175 809 175 804 170 795 164 794 164 792 164 791 164 790 164 775 170 774 170 748 164 747 164 746 164 745 164 730 170 722 173 713 170 697 164 696 164 637 164 636 164 634 164 623 169 610 174 597 169 583 163 582 163 580 163 555 168 533 174 470 174 456 166 452 165 451 165 450 165 432 166 372 173 339 165 324 163 323 163 322 163 317 165 302 174 278 174 263 165 260 163 259 163 258 163 257 163 255 163 248 165 222 173 196 164 193 163 191 163 190 163 135 163 135 211"/></Shape>
	    <String CONTENT="pire, &amp; non pour cercher de les eſtendre plus loin. La"
                    HPOS="135"
                    VPOS="163"
                    WIDTH="1026"
                    HEIGHT="68"
                    WC="0.9977863574469531"></String>
          </TextLine>
          <TextLine ID="line_2"
                    TAGREFS="LT8"
                    BASELINE="134 254 1161 260" 
                    HPOS="132"
                    VPOS="219"
                    WIDTH="1029"
                    HEIGHT="56">
            <Shape><Polygon POINTS="1114 219 1112 219 1111 219 1061 226 1057 226 1053 226 994 219 993 219 962 226 957 226 950 225 908 219 899 219 890 219 851 225 848 225 844 225 800 219 799 219 786 219 785 219 762 225 758 225 755 225 732 219 723 219 711 219 698 219 696 219 648 224 643 224 641 224 623 219 610 219 598 219 585 219 573 219 560 219 548 219 535 219 523 219 510 219 506 219 496 223 496 224 419 224 417 223 410 219 397 219 391 219 376 223 372 223 368 223 348 219 347 219 334 219 322 219 311 219 307 221 298 219 297 219 284 219 272 219 259 219 247 219 234 219 222 219 209 219 196 219 184 219 181 219 134 220 134 254 132 265 151 273 153 273 154 273 392 269 402 275 403 275 405 275 406 275 1160 274 1161 260 1160 228 1126 228 1126 226 1115 219 1114 219"/></Shape>
	    <String CONTENT="creation des Roys par les peuples (dit-il ) a eſté cauſee"
                    HPOS="132"
                    VPOS="219"
                    WIDTH="1029"
                    HEIGHT="56"
                    WC="0.984183015494511"></String>
          </TextLine>
          <TextLine ID="line_3"
                    TAGREFS="LT8"
                    BASELINE="135 303 1160 305" 
                    HPOS="135"
                    VPOS="264"
                    WIDTH="1025"
                    HEIGHT="62">
            <Shape><Polygon POINTS="135 303 135 322 486 317 509 320 525 323 526 323 562 320 605 317 629 320 661 324 662 326 824 326 824 324 825 324 845 319 850 318 854 319 875 324 876 324 878 324 934 318 944 318 963 318 1107 324 1109 324 1159 317 1160 305 1159 274 1124 265 1122 265 1077 273 1004 265 1003 265 1002 265 1001 265 991 273 954 267 953 267 952 267 950 267 943 273 942 274 870 274 866 273 812 265 811 265 810 265 809 265 800 273 799 274 666 274 663 273 648 264 647 264 525 264 524 264 523 264 521 264 509 272 508 273 421 273 421 272 403 264 402 264 401 264 400 264 398 264 390 272 366 264 365 264 363 264 135 270 135 303"/></Shape>
	    <String CONTENT="par la prudence conue de l’homme eſleu, en la diſpenſa¬"
                    HPOS="135"
                    VPOS="264"
                    WIDTH="1025"
                    HEIGHT="62"
                    WC="0.9874913519079035"></String>
          </TextLine>
          <TextLine ID="line_4"
                    TAGREFS="LT8"
                    BASELINE="132 349 1159 354" 
                    HPOS="131"
                    VPOS="317"
                    WIDTH="1028"
                    HEIGHT="57">
            <Shape><Polygon POINTS="132 349 131 359 160 368 161 368 163 368 164 368 189 362 237 362 366 362 375 363 411 371 412 371 494 364 521 363 533 366 558 371 782 372 784 372 785 372 786 372 791 369 799 364 815 369 825 372 826 372 827 372 829 372 839 369 858 364 869 369 873 372 874 372 875 372 898 371 949 366 960 371 964 373 965 373 967 374 1014 374 1014 373 1026 372 1068 366 1078 373 1080 373 1081 373 1082 374 1157 374 1159 354 1157 317 132 317 132 349"/></Shape>
	    <String CONTENT="tion des choſes domeſtiques, parquoy a eſté iugé digne"
                    HPOS="131"
                    VPOS="317"
                    WIDTH="1028"
                    HEIGHT="57"
                    WC="0.9896993913820812"></String>
          </TextLine>
          <TextLine ID="line_5"
                    TAGREFS="LT8"
                    BASELINE="135 396 1157 399" 
                    HPOS="134"
                    VPOS="357"
                    WIDTH="1023"
                    HEIGHT="63">
            <Shape><Polygon POINTS="135 396 134 406 210 415 212 415 382 410 434 408 446 411 484 417 485 417 602 412 669 410 686 413 702 417 703 417 705 417 760 415 820 411 851 416 874 418 875 418 894 416 925 411 959 417 972 418 973 418 974 418 979 417 998 411 1050 417 1058 418 1060 418 1066 418 1103 411 1114 418 1115 418 1116 418 1117 420 1156 420 1157 399 1156 366 1127 359 1126 359 1097 364 1086 367 1073 364 1042 359 1041 359 989 364 965 367 957 364 940 359 939 359 938 359 905 364 889 367 875 364 849 359 848 359 846 359 829 364 817 367 666 367 661 364 651 359 649 359 648 359 647 359 646 359 639 364 634 367 523 367 509 363 475 357 474 357 472 357 454 363 450 366 419 366 416 363 407 357 406 357 405 357 403 357 402 357 378 363 372 364 365 363 331 357 329 357 301 363 293 364 288 363 270 357 269 357 268 357 267 357 250 363 245 364 240 363 223 357 222 357 220 357 135 362 135 396"/></Shape>
	    <String CONTENT="d’adminiſtration &amp; gouuernement public. On a (dit-il)"
                    HPOS="134"
                    VPOS="357"
                    WIDTH="1023"
                    HEIGHT="63"
                    WC="0.9964997003663261"></String>
          </TextLine>
          <TextLine ID="line_6"
                    TAGREFS="LT8"
                    BASELINE="136 442 1156 446" 
                    HPOS="135"
                    VPOS="403"
                    WIDTH="1021"
                    HEIGHT="63">
            <Shape><Polygon POINTS="135 453 178 462 179 462 397 457 455 456 465 457 494 463 495 465 682 465 682 463 683 463 689 460 696 457 733 461 766 463 767 463 769 463 777 461 792 457 806 461 816 465 817 465 819 466 1043 466 1043 465 1045 465 1046 465 1056 458 1063 465 1065 465 1066 465 1067 466 1155 466 1156 446 1155 411 1073 406 1072 406 1031 410 989 413 972 410 958 406 957 406 955 406 925 408 884 413 876 408 873 406 871 406 870 406 812 406 811 406 784 408 738 412 718 407 708 406 707 406 683 407 626 412 608 407 599 405 598 405 597 405 595 405 594 405 590 407 580 413 481 413 392 406 353 403 352 403 351 403 346 406 333 411 292 405 275 403 274 403 273 403 267 405 248 411 227 405 220 403 219 403 218 403 204 405 158 411 137 405 136 442 135 453"/></Shape>
	    <String CONTENT="conferé c’eſt honneur, pour reconoiſſance de quelque"
                    HPOS="135"
                    VPOS="403"
                    WIDTH="1021"
                    HEIGHT="63"
                    WC="0.9941448288143806"></String>
          </TextLine>
          <TextLine ID="line_7"
                    TAGREFS="LT8"
                    BASELINE="135 490 1156 492" 
                    HPOS="134"
                    VPOS="448"
                    WIDTH="1022"
                    HEIGHT="68">
            <Shape><Polygon POINTS="135 490 134 501 466 502 470 504 503 515 504 515 505 515 544 510 647 516 648 516 717 506 727 505 732 506 760 516 761 516 762 516 830 514 831 514 848 507 853 505 858 507 876 514 878 514 879 514 880 514 905 507 917 505 932 507 976 516 977 516 1043 515 1045 515 1063 509 1071 506 1078 509 1098 515 1100 515 1101 515 1102 515 1121 509 1135 505 1154 509 1156 492 1155 461 992 461 987 458 968 451 967 451 965 451 964 451 950 458 947 460 939 457 915 451 914 451 913 451 912 451 894 457 886 460 881 457 874 452 873 452 871 452 870 452 869 452 859 457 853 461 791 461 782 456 775 452 774 452 772 452 771 452 760 456 747 460 735 455 726 452 725 452 723 452 722 452 715 455 703 460 676 455 668 453 667 453 666 453 662 455 646 460 627 453 612 450 610 450 609 450 608 450 598 453 585 458 578 453 573 450 572 450 570 450 569 450 568 450 560 453 551 457 456 452 413 450 412 450 392 451 309 458 287 450 286 450 284 450 234 450 233 450 193 457 135 448 135 490"/></Shape>
	    <String CONTENT="bienfait enuers la Republique, ou pour les inſignes ver¬"
                    HPOS="134"
                    VPOS="448"
                    WIDTH="1022"
                    HEIGHT="68"
                    WC="0.9848446963088853"></String>
          </TextLine>
          <TextLine ID="line_8"
                    TAGREFS="LT8"
                    BASELINE="135 537 489 537" 
                    HPOS="135"
                    VPOS="497"
                    WIDTH="354"
                    HEIGHT="60">
            <Shape><Polygon POINTS="135 537 135 549 149 556 150 556 151 556 229 551 233 551 237 551 282 557 283 557 307 552 321 550 403 550 415 555 420 557 421 557 422 557 436 555 466 550 486 556 489 537 489 507 437 500 436 500 368 506 358 506 357 505 350 499 350 497 348 497 347 497 311 497 309 497 308 497 307 497 307 499 299 505 298 506 255 506 254 505 248 499 248 497 247 497 245 497 244 497 203 499 201 499 200 499 200 500 195 504 193 506 185 504 164 497 163 497 161 497 135 502 135 537"/></Shape>
	    <String CONTENT="tus du perſonnage."
                    HPOS="135"
                    VPOS="497"
                    WIDTH="354"
                    HEIGHT="60"
                    WC="0.9964460498756833"></String>
          </TextLine>
        </TextBlock>
        <TextBlock HPOS="236"
                   VPOS="95"
                   WIDTH="785"
                   HEIGHT="70"
                   ID="block_6"
                   TAGREFS="BT18">
          <Shape><Polygon POINTS="1021 95 1021 165 236 165 236 95"/></Shape>
          <TextLine ID="line_0"
                    TAGREFS="LT8"
                    BASELINE="235 147 681 150 1019 153" 
                    HPOS="231"
                    VPOS="95"
                    WIDTH="787"
                    HEIGHT="79">
            <Shape><Polygon POINTS="927 95 822 95 801 101 792 95 609 95 526 99 521 95 250 95 233 146 231 161 365 171 410 161 445 171 459 161 483 173 732 163 743 174 1016 165 1018 152 1002 101 927 95"/></Shape>
	    <String CONTENT="L&#x27;ESTAT DE FRANCE."
                    HPOS="231"
                    VPOS="95"
                    WIDTH="787"
                    HEIGHT="79"
                    WC="0.9999666876263089"></String>
          </TextLine>
        </TextBlock>
        <TextBlock HPOS="132"
                   VPOS="553"
                   WIDTH="1030"
                   HEIGHT="141"
                   ID="block_0"
                   TAGREFS="BT100008">
          <Shape><Polygon POINTS="1162 553 1162 694 132 694 132 553"/></Shape>
          <TextLine ID="line_9"
                    TAGREFS="LT8"
                    BASELINE="183 585 1146 585 1153 584" 
                    HPOS="180"
                    VPOS="554"
                    WIDTH="971"
                    HEIGHT="53">
            <Shape><Polygon POINTS="1140 554 180 554 182 607 1149 605 1151 583 1144 554 1140 554"/></Shape>
	    <String CONTENT="AR. Diſputons maintenant ſur les inconueniens, &amp;"
                    HPOS="180"
                    VPOS="554"
                    WIDTH="971"
                    HEIGHT="53"
                    WC="0.9941806172331175"></String>
          </TextLine>
          <TextLine ID="line_10"
                    TAGREFS="LT8"
                    BASELINE="137 630 1152 635" 
                    HPOS="137"
                    VPOS="590"
                    WIDTH="1015"
                    HEIGHT="68">
            <Shape><Polygon POINTS="137 630 137 650 390 643 574 652 575 652 577 652 593 645 603 653 604 654 605 654 607 654 608 654 609 654 613 653 638 644 751 650 752 650 753 650 775 645 802 653 804 653 805 653 806 653 825 645 878 654 898 657 899 658 1009 658 1009 657 1011 657 1018 654 1041 647 1056 654 1061 657 1062 657 1063 657 1151 654 1152 635 1151 604 1014 596 1013 596 1012 596 988 603 984 603 977 603 898 593 896 593 850 601 849 601 848 601 826 593 825 593 824 593 822 593 790 601 786 603 718 603 716 600 706 593 705 593 703 593 702 593 609 600 599 600 588 600 509 594 508 594 506 594 491 599 482 591 481 591 480 591 479 591 410 599 402 599 395 599 309 590 250 590 249 590 248 590 247 590 237 598 234 599 137 598 137 630"/></Shape>
	    <String CONTENT="que ce ſera d’vn homme qui eſtant eſleu dechet des gra¬"
                    HPOS="137"
                    VPOS="590"
                    WIDTH="1015"
                    HEIGHT="68"
                    WC="0.9904161149805243"></String>
          </TextLine>
          <TextLine ID="line_11"
                    TAGREFS="LT8"
                    BASELINE="135 677 878 680" 
                    HPOS="134"
                    VPOS="636"
                    WIDTH="744"
                    HEIGHT="58">
            <Shape><Polygon POINTS="135 677 134 694 876 694 878 680 878 647 856 639 855 639 854 639 853 639 851 639 839 647 792 639 791 639 742 647 737 647 733 647 701 639 700 639 698 639 681 645 678 647 676 645 658 639 657 639 656 639 609 645 604 645 594 638 593 638 592 638 590 638 509 644 505 644 504 644 486 638 485 638 484 638 482 638 481 638 481 639 475 644 474 645 461 644 415 638 413 638 376 643 375 643 365 636 363 636 362 636 361 636 360 636 347 643 344 644 338 643 309 636 308 636 274 641 260 644 247 641 220 638 219 638 218 638 217 638 210 641 205 644 135 641 135 677"/></Shape>
	    <String CONTENT="ces &amp; vertus qui ont eſté cauſe de l&#x27;eſlire?"
                    HPOS="134"
                    VPOS="636"
                    WIDTH="744"
                    HEIGHT="58"
                    WC="0.9827720390425788"></String>
          </TextLine>
        </TextBlock>
        <TextBlock HPOS="135"
                   VPOS="692"
                   WIDTH="1031"
                   HEIGHT="612"
                   ID="block_1"
                   TAGREFS="BT100008">
          <Shape><Polygon POINTS="1166 692 1166 1304 135 1304 135 692"/></Shape>
          <TextLine ID="line_12"
                    TAGREFS="LT8"
                    BASELINE="180 723 1156 728" 
                    HPOS="179"
                    VPOS="693"
                    WIDTH="977"
                    HEIGHT="53">
            <Shape><Polygon POINTS="1046 693 1033 693 1021 693 1018 693 1003 699 913 699 830 693 820 693 807 693 795 693 782 693 770 693 766 693 761 698 706 698 700 693 695 693 682 693 669 693 657 693 644 693 632 693 619 693 607 693 594 693 582 693 569 693 557 693 544 693 531 693 523 693 519 697 426 697 422 693 419 693 406 693 393 693 381 693 368 693 356 693 343 693 331 693 318 693 306 693 293 693 281 693 238 694 225 693 218 693 205 693 193 693 180 693 180 723 179 733 196 742 198 742 199 742 270 736 425 743 426 743 456 737 493 743 494 743 626 737 627 737 629 737 741 744 742 744 871 738 880 738 885 738 940 746 942 746 1155 739 1156 728 1154 694 1098 698 1052 693 1046 693"/></Shape>
	    <String CONTENT="Po. Nous auons loué les bons eſtats monarchiques"
                    HPOS="179"
                    VPOS="693"
                    WIDTH="977"
                    HEIGHT="53"
                    WC="0.983903551588253"></String>
          </TextLine>
          <TextLine ID="line_13"
                    TAGREFS="LT8"
                    BASELINE="139 774 1154 773" 
                    HPOS="137"
                    VPOS="732"
                    WIDTH="1017"
                    HEIGHT="61">
            <Shape><Polygon POINTS="163 763 159 738 137 738 139 774 139 793 195 784 301 792 302 792 303 792 322 784 361 784 373 792 375 792 376 792 377 792 378 792 407 784 1151 792 1154 773 1151 742 1067 742 1066 741 1053 733 1052 733 1051 733 1050 733 1048 733 1026 741 1026 742 962 742 959 741 917 733 915 733 863 741 860 741 859 741 848 732 846 732 845 732 844 732 785 741 779 741 700 741 691 741 674 732 673 732 575 732 574 732 573 732 555 739 554 739 490 732 489 732 410 739 405 739 402 739 378 734 377 734 341 739 328 741 324 739 311 732 309 732 308 732 166 737 163 763"/></Shape>
	    <String CONTENT="par deſſus tous autres, mais il nous y faut faire ceſte re¬"
                    HPOS="137"
                    VPOS="732"
                    WIDTH="1017"
                    HEIGHT="61"
                    WC="0.9754312240471275"></String>
          </TextLine>
          <TextLine ID="line_14"
                    TAGREFS="LT8"
                    BASELINE="136 817 1156 821" 
                    HPOS="136"
                    VPOS="778"
                    WIDTH="1020"
                    HEIGHT="63">
            <Shape><Polygon POINTS="136 817 136 831 204 831 205 831 225 838 227 838 228 838 229 838 230 838 242 831 243 831 312 831 316 832 336 838 337 838 338 838 339 838 360 832 365 831 474 831 482 833 499 838 500 838 501 838 503 838 504 838 510 833 513 832 515 833 530 840 531 840 533 840 564 833 575 832 588 835 617 840 618 840 676 835 713 832 834 833 839 836 849 841 850 841 851 841 853 841 865 837 875 833 908 837 945 841 947 841 971 837 991 835 1004 837 1018 841 1019 841 1021 841 1155 838 1156 821 1156 787 1137 781 1136 781 1135 781 1134 781 1132 781 1125 787 1122 789 1028 789 1024 787 1012 781 1011 781 1009 781 1008 781 1007 781 998 787 994 789 924 789 905 786 864 781 863 781 861 781 860 781 853 786 850 788 841 786 820 781 819 781 817 781 816 781 806 786 802 788 726 788 722 786 712 779 711 779 710 779 647 779 646 779 590 786 578 787 575 786 568 779 567 779 565 779 564 779 563 779 540 784 475 778 432 778 431 778 430 778 429 778 417 786 416 786 403 786 274 778 273 778 136 784 136 817"/></Shape>
	    <String CONTENT="ſtrinction que c’eſt le plus gliſſant auſsi, &amp; duquel, quand"
                    HPOS="136"
                    VPOS="778"
                    WIDTH="1020"
                    HEIGHT="63"
                    WC="0.9927228569984436"></String>
          </TextLine>
          <TextLine ID="line_15"
                    TAGREFS="LT8"
                    BASELINE="136 865 1155 868" 
                    HPOS="135"
                    VPOS="823"
                    WIDTH="1020"
                    HEIGHT="63">
            <Shape><Polygon POINTS="136 865 135 880 1152 886 1155 868 1154 836 999 828 998 828 964 833 950 835 948 832 942 828 940 828 939 828 938 828 876 832 826 835 807 831 781 826 780 826 779 826 765 831 756 833 732 830 702 826 701 826 664 830 623 833 612 828 605 826 604 826 603 826 602 826 600 826 598 828 592 833 519 833 508 827 506 827 505 827 504 827 503 827 501 827 476 833 466 827 464 825 462 825 461 825 460 825 420 826 303 832 287 825 286 825 238 825 235 825 234 825 233 825 218 832 203 825 201 825 136 823 136 865"/></Shape>
	    <String CONTENT="il ſe chãge, il aduient plus de maux. Car on eſt à la mercy"
                    HPOS="135"
                    VPOS="823"
                    WIDTH="1020"
                    HEIGHT="63"
                    WC="0.9967580320405178"></String>
          </TextLine>
          <TextLine ID="line_16"
                    TAGREFS="LT8"
                    BASELINE="136 911 1157 915" 
                    HPOS="135"
                    VPOS="872"
                    WIDTH="1022"
                    HEIGHT="62">
            <Shape><Polygon POINTS="136 911 135 922 205 931 206 931 475 925 498 932 499 932 500 932 531 926 549 932 550 932 551 932 784 926 826 934 827 934 859 927 893 934 894 934 1031 929 1077 934 1078 934 1080 934 1102 927 1139 934 1140 934 1141 934 1156 926 1157 915 1156 882 937 882 932 881 898 875 896 875 895 875 879 881 876 881 869 881 821 875 820 875 779 880 765 873 764 873 762 873 544 880 511 880 506 880 476 872 475 872 474 872 452 878 371 872 370 872 368 872 344 878 343 878 317 872 316 872 314 872 313 872 301 878 299 878 298 878 277 872 275 872 274 872 136 877 136 911"/></Shape>
	    <String CONTENT="d’vne beſte farouche à qui lon n’oſe cõtredire. Salomon"
                    HPOS="135"
                    VPOS="872"
                    WIDTH="1022"
                    HEIGHT="62"
                    WC="0.9868969729072169"></String>
          </TextLine>
          <TextLine ID="line_17"
                    TAGREFS="LT8"
                    BASELINE="136 956 1156 960" 
                    HPOS="133"
                    VPOS="915"
                    WIDTH="1022"
                    HEIGHT="61">
            <Shape><Polygon POINTS="135 955 133 974 1151 976 1155 959 1153 927 703 927 698 925 639 915 637 915 146 923 135 955"/></Shape>
	    <String CONTENT="dit, que tel meſchant dominateur ſur le peuple, eſt cõme"
                    HPOS="133"
                    VPOS="915"
                    WIDTH="1022"
                    HEIGHT="61"
                    WC="0.9823006517008731"></String>
          </TextLine>
          <TextLine ID="line_18"
                    TAGREFS="LT8"
                    BASELINE="137 1005 1157 1010" 
                    HPOS="136"
                    VPOS="966"
                    WIDTH="1021"
                    HEIGHT="57">
            <Shape><Polygon POINTS="137 1005 136 1019 1155 1023 1157 1010 1156 975 687 975 664 970 647 968 646 968 624 970 593 974 565 969 553 968 551 968 534 969 494 974 459 969 450 968 449 968 441 969 411 974 218 974 209 966 208 966 206 966 205 966 204 966 203 966 186 973 137 966 137 1005"/></Shape>
	    <String CONTENT="vn lyon ou vn ours affamé: à tel deffaut la prudence, s’a¬"
                    HPOS="136"
                    VPOS="966"
                    WIDTH="1021"
                    HEIGHT="57"
                    WC="0.9983265022436778"></String>
          </TextLine>
          <TextLine ID="line_19"
                    TAGREFS="LT8"
                    BASELINE="140 1053 562 1052 1154 1059" 
                    HPOS="139"
                    VPOS="1011"
                    WIDTH="1015"
                    HEIGHT="64">
            <Shape><Polygon POINTS="140 1053 139 1063 148 1069 149 1069 150 1069 151 1069 299 1064 306 1064 308 1064 350 1070 351 1070 432 1065 446 1065 456 1065 503 1072 504 1072 684 1069 810 1068 1151 1075 1154 1059 1152 1025 1092 1018 1091 1018 1006 1023 987 1024 979 1023 948 1016 947 1016 880 1021 865 1023 856 1021 816 1015 815 1015 693 1020 649 1021 634 1019 600 1014 599 1014 559 1019 544 1020 524 1019 470 1013 469 1013 467 1013 449 1018 441 1019 407 1018 311 1011 309 1011 308 1011 298 1016 294 1018 140 1015 140 1053"/></Shape>
	    <String CONTENT="donnant à extorſion:mais que tels violens cõtre le ſang,"
                    HPOS="139"
                    VPOS="1011"
                    WIDTH="1015"
                    HEIGHT="64"
                    WC="0.9950971356753645"></String>
          </TextLine>
          <TextLine ID="line_20"
                    TAGREFS="LT8"
                    BASELINE="139 1102 1160 1102" 
                    HPOS="139"
                    VPOS="1060"
                    WIDTH="1021"
                    HEIGHT="60">
            <Shape><Polygon POINTS="139 1102 139 1115 1159 1120 1160 1102 1160 1070 1007 1070 1006 1069 997 1062 996 1062 994 1062 993 1062 992 1062 969 1068 964 1069 753 1069 751 1067 743 1060 742 1060 741 1060 740 1060 693 1067 668 1070 604 1070 593 1065 582 1062 580 1062 579 1062 559 1065 539 1069 505 1065 469 1060 467 1060 406 1064 366 1067 355 1064 343 1060 342 1060 341 1060 339 1060 332 1064 321 1069 282 1063 260 1060 259 1060 243 1063 222 1067 215 1063 212 1060 210 1060 209 1060 208 1060 139 1062 139 1102"/></Shape>
	    <String CONTENT="s’en iront precipitans en ruine, ſans que rien les en de¬"
                    HPOS="139"
                    VPOS="1060"
                    WIDTH="1021"
                    HEIGHT="60"
                    WC="0.995272623865228"></String>
          </TextLine>
          <TextLine ID="line_21"
                    TAGREFS="LT8"
                    BASELINE="136 1146 1159 1151" 
                    HPOS="136"
                    VPOS="1105"
                    WIDTH="1023"
                    HEIGHT="62">
            <Shape><Polygon POINTS="136 1146 136 1159 638 1159 646 1159 679 1166 681 1166 880 1161 899 1161 905 1161 964 1167 965 1167 1157 1161 1159 1151 1157 1119 1082 1119 1078 1118 1048 1109 1047 1109 1046 1109 989 1117 973 1118 967 1115 950 1109 949 1109 948 1109 863 1114 825 1117 812 1114 786 1108 785 1108 762 1113 746 1117 721 1113 689 1108 590 1108 589 1108 588 1108 577 1110 557 1115 535 1110 521 1107 520 1107 519 1107 518 1107 505 1109 484 1117 410 1117 372 1108 357 1105 356 1105 323 1108 227 1114 136 1105 136 1146"/></Shape>
	    <String CONTENT="ſtourne. L’homme donc qui ſe void la puiſſance ſouue¬"
                    HPOS="136"
                    VPOS="1105"
                    WIDTH="1023"
                    HEIGHT="62"
                    WC="0.9910385552442299"></String>
          </TextLine>
          <TextLine ID="line_22"
                    TAGREFS="LT8"
                    BASELINE="136 1192 1159 1198" 
                    HPOS="135"
                    VPOS="1153"
                    WIDTH="1024"
                    HEIGHT="64">
            <Shape><Polygon POINTS="136 1192 135 1207 250 1204 371 1211 406 1212 407 1212 408 1212 413 1211 434 1206 455 1211 459 1212 460 1212 461 1212 462 1212 464 1212 464 1211 472 1206 534 1206 628 1212 646 1213 647 1213 653 1213 689 1207 728 1213 732 1213 733 1213 735 1213 750 1207 765 1213 767 1215 769 1215 770 1215 777 1213 807 1208 881 1215 890 1215 891 1215 896 1215 953 1208 996 1216 1002 1216 1003 1217 1157 1217 1159 1198 1157 1166 1007 1157 1006 1157 962 1164 955 1164 954 1164 938 1156 937 1156 935 1156 895 1163 894 1163 893 1163 843 1156 841 1156 807 1163 805 1163 804 1163 787 1156 786 1156 785 1156 728 1161 715 1154 713 1154 712 1154 711 1154 687 1162 686 1162 681 1162 587 1156 585 1156 551 1162 546 1162 543 1161 515 1153 514 1153 513 1153 461 1161 457 1161 451 1161 346 1153 344 1153 136 1158 136 1192"/></Shape>
	    <String CONTENT="raine en main, cuide toutes choſes luy eſtre loiſibles,"
                    HPOS="135"
                    VPOS="1153"
                    WIDTH="1024"
                    HEIGHT="64"
                    WC="0.9908082311803644"></String>
          </TextLine>
          <TextLine ID="line_23"
                    TAGREFS="LT8"
                    BASELINE="137 1238 1160 1245" 
                    HPOS="136"
                    VPOS="1198"
                    WIDTH="1024"
                    HEIGHT="67">
            <Shape><Polygon POINTS="137 1238 136 1251 180 1260 181 1260 235 1252 240 1252 244 1252 277 1261 278 1261 279 1261 281 1261 301 1253 304 1252 324 1253 406 1260 407 1260 408 1260 420 1255 421 1253 422 1255 434 1262 435 1262 436 1262 437 1262 469 1255 475 1253 479 1255 495 1262 496 1262 554 1263 555 1263 597 1256 605 1255 608 1256 618 1263 619 1263 620 1263 762 1265 764 1265 765 1265 766 1265 777 1257 779 1257 782 1258 815 1265 816 1265 863 1258 885 1256 908 1260 937 1263 938 1263 939 1263 948 1260 953 1257 965 1260 986 1263 987 1263 1008 1260 1028 1257 1157 1261 1160 1245 1159 1213 1068 1213 1063 1211 1041 1204 1040 1204 1038 1204 994 1211 978 1212 972 1210 955 1203 954 1203 953 1203 891 1208 866 1211 863 1208 856 1203 855 1203 854 1203 802 1203 801 1203 800 1203 799 1203 794 1207 789 1212 751 1212 713 1206 679 1202 678 1202 646 1206 603 1210 587 1204 579 1202 578 1202 577 1202 575 1202 567 1204 545 1210 514 1203 499 1201 498 1201 475 1203 421 1208 411 1202 410 1201 408 1201 407 1201 360 1201 358 1201 357 1201 356 1201 343 1208 327 1201 324 1199 323 1199 322 1199 301 1201 178 1207 137 1198 137 1238"/></Shape>
	    <String CONTENT="dont trouuant quelque repugnance à ſes deſirs, ſe met"
                    HPOS="136"
                    VPOS="1198"
                    WIDTH="1024"
                    HEIGHT="67"
                    WC="0.9816947888444971"></String>
          </TextLine>
          <TextLine ID="line_24"
                    TAGREFS="LT8"
                    BASELINE="137 1288 516 1288" 
                    HPOS="137"
                    VPOS="1248"
                    WIDTH="379"
                    HEIGHT="62">
            <Shape><Polygon POINTS="137 1288 137 1301 201 1310 203 1310 257 1301 259 1301 262 1301 296 1310 297 1310 298 1310 299 1310 332 1301 333 1301 375 1310 376 1310 377 1310 398 1301 430 1307 431 1307 432 1307 434 1307 442 1301 496 1310 498 1310 499 1310 516 1300 516 1288 516 1256 491 1248 490 1248 489 1248 454 1256 419 1248 417 1248 416 1248 415 1248 415 1250 407 1257 299 1257 264 1248 189 1248 188 1248 186 1248 185 1248 185 1250 179 1255 154 1248 153 1248 151 1248 150 1248 149 1248 137 1255 137 1288"/></Shape>
	    <String CONTENT="incontinent au ſang."
                    HPOS="137"
                    VPOS="1248"
                    WIDTH="379"
                    HEIGHT="62"
                    WC="0.9985719501972199"></String>
          </TextLine>
        </TextBlock>
        <TextBlock HPOS="1164"
                   VPOS="915"
                   WIDTH="173"
                   HEIGHT="70"
                   ID="eSc_textblock_4e4b4162"
                   TAGREFS="BT100009">
          <Shape><Polygon POINTS="1337 985 1337 915 1164 915 1164 985"/></Shape>
          <TextLine ID="eSc_line_2a35484e"
                    TAGREFS="LT8"
                    BASELINE="1172 960 1326 961" 
                    HPOS="1170"
                    VPOS="917"
                    WIDTH="154"
                    HEIGHT="74">
            <Shape><Polygon POINTS="1170 959 1170 991 1324 991 1324 959 1324 925 1170 917 1170 959"/></Shape>
	    <String CONTENT="Pro.28.15"
                    HPOS="1170"
                    VPOS="917"
                    WIDTH="154"
                    HEIGHT="74"
                    WC="0.999040318859948"></String>
          </TextLine>
        </TextBlock>
        <TextBlock HPOS="1069"
                   VPOS="112"
                   WIDTH="89"
                   HEIGHT="54"
                   ID="eSc_textblock_6e75acad"
                   TAGREFS="BT15">
          <Shape><Polygon POINTS="1069 112 1069 166 1158 166 1158 112"/></Shape>
          <TextLine ID="eSc_line_70c4d077"
                    TAGREFS="LT8"
                    BASELINE="1080 153 1157 154" 
                    HPOS="1078"
                    VPOS="82"
                    WIDTH="77"
                    HEIGHT="91">
            <Shape><Polygon POINTS="1078 152 1078 165 1153 173 1155 152 1155 99 1078 82 1078 152"/></Shape>
	    <String CONTENT="101"
                    HPOS="1078"
                    VPOS="82"
                    WIDTH="77"
                    HEIGHT="91"
                    WC="0.9999803702036539"></String>
          </TextLine>
        </TextBlock>
        <TextBlock HPOS="1162"
                   VPOS="524"
                   WIDTH="171"
                   HEIGHT="97"
                   ID="eSc_textblock_3ab89523"
                   TAGREFS="BT100009">
          <Shape><Polygon POINTS="1333 621 1333 524 1162 524 1162 621"/></Shape>
          <TextLine ID="eSc_line_a1f28284"
                    TAGREFS="LT8"
                    BASELINE="1174 581 1211 576 1327 576" 
                    HPOS="1170"
                    VPOS="526"
                    WIDTH="156"
                    HEIGHT="111">
            <Shape><Polygon POINTS="1172 579 1172 605 1209 605 1223 616 1228 622 1228 624 1230 624 1232 624 1322 637 1326 575 1324 539 1170 526 1172 579"/></Shape>
	    <String CONTENT="Des tyras."
                    HPOS="1170"
                    VPOS="526"
                    WIDTH="156"
                    HEIGHT="111"
                    WC="0.997741413116455"></String>
          </TextLine>
        </TextBlock>
        <TextBlock HPOS="138"
                   VPOS="1304"
                   WIDTH="1021"
                   HEIGHT="142"
                   ID="block_3"
                   TAGREFS="BT100008">
          <Shape><Polygon POINTS="1147 1312 1159 1442 138 1446 138 1304 1071 1311"/></Shape>
          <TextLine ID="line_25"
                    TAGREFS="LT8"
                    BASELINE="184 1332 1149 1338" 
                    HPOS="180"
                    VPOS="1305"
                    WIDTH="967"
                    HEIGHT="54">
            <Shape><Polygon POINTS="1123 1312 182 1305 180 1348 1144 1359 1147 1337 1138 1312 1123 1312"/></Shape>
	    <String CONTENT="AR. Pourſuyuons vn peu ce propos de la tyrannie,"
                    HPOS="180"
                    VPOS="1305"
                    WIDTH="967"
                    HEIGHT="54"
                    WC="0.9952820464968681"></String>
          </TextLine>
          <TextLine ID="line_26"
                    TAGREFS="LT8"
                    BASELINE="141 1379 1157 1381" 
                    HPOS="137"
                    VPOS="1348"
                    WIDTH="1018"
                    HEIGHT="56">
            <Shape><Polygon POINTS="139 1378 137 1393 195 1404 197 1404 1153 1401 1155 1380 1153 1348 146 1348 139 1378"/></Shape>
	    <String CONTENT="tant de la monarchie que des autres eſtats: car i&#x27;eſtime"
                    HPOS="137"
                    VPOS="1348"
                    WIDTH="1018"
                    HEIGHT="56"
                    WC="0.9911701519574437"></String>
          </TextLine>
          <TextLine ID="line_27"
                    TAGREFS="LT8"
                    BASELINE="140 1428 955 1430" 
                    HPOS="139"
                    VPOS="1388"
                    WIDTH="816"
                    HEIGHT="61">
            <Shape><Polygon POINTS="140 1428 139 1440 151 1446 153 1446 154 1446 210 1441 242 1448 243 1448 286 1441 368 1441 376 1448 377 1448 378 1448 380 1448 605 1443 612 1448 612 1449 613 1449 614 1449 615 1449 954 1443 955 1430 954 1399 912 1399 910 1398 902 1390 900 1390 899 1390 898 1390 854 1396 845 1398 829 1396 761 1390 760 1390 758 1390 743 1395 737 1398 735 1395 728 1390 727 1390 726 1390 725 1390 723 1390 722 1390 722 1391 717 1395 715 1399 683 1399 673 1394 661 1390 659 1390 658 1390 657 1390 649 1394 641 1399 558 1399 550 1393 545 1389 544 1389 543 1389 541 1389 459 1391 313 1396 301 1389 299 1389 298 1389 297 1389 287 1389 203 1395 140 1388 140 1428"/></Shape>
	    <String CONTENT="bien qu’en toutes polices on peut tyranniſer."
                    HPOS="139"
                    VPOS="1388"
                    WIDTH="816"
                    HEIGHT="61"
                    WC="0.9997852073775397"></String>
          </TextLine>
        </TextBlock>
        <TextBlock HPOS="1166"
                   VPOS="1299"
                   WIDTH="179"
                   HEIGHT="119"
                   ID="eSc_textblock_5ab3d8cc"
                   TAGREFS="BT100009">
          <Shape><Polygon POINTS="1345 1418 1345 1299 1166 1299 1166 1418"/></Shape>
          <TextLine ID="eSc_line_1660d619"
                    TAGREFS="LT8"
                    BASELINE="1169 1338 1326 1339" 
                    HPOS="1168"
                    VPOS="1299"
                    WIDTH="156"
                    HEIGHT="75">
            <Shape><Polygon POINTS="1319 1299 1300 1299 1281 1299 1262 1299 1243 1299 1225 1299 1206 1299 1187 1299 1168 1299 1168 1337 1168 1363 1268 1357 1321 1374 1324 1337 1322 1299 1319 1299"/></Shape>
	    <String CONTENT="De la ty¬"
                    HPOS="1168"
                    VPOS="1299"
                    WIDTH="156"
                    HEIGHT="75"
                    WC="0.9642005761464437"></String>
          </TextLine>
          <TextLine ID="eSc_line_673e3099"
                    TAGREFS="LT8"
                    BASELINE="1169 1381 1283 1381" 
                    HPOS="1168"
                    VPOS="1346"
                    WIDTH="113"
                    HEIGHT="74">
            <Shape><Polygon POINTS="1168 1380 1168 1412 1260 1410 1275 1420 1281 1380 1279 1346 1168 1348 1168 1380"/></Shape>
	    <String CONTENT="rannie."
                    HPOS="1168"
                    VPOS="1346"
                    WIDTH="113"
                    HEIGHT="74"
                    WC="0.9999622532299587"></String>
          </TextLine>
        </TextBlock>
        <TextBlock HPOS="138"
                   VPOS="1444"
                   WIDTH="1024"
                   HEIGHT="614"
                   ID="block_2"
                   TAGREFS="BT100008">
          <Shape><Polygon POINTS="1158 1450 1162 2050 138 2058 138 1444"/></Shape>
          <TextLine ID="line_28"
                    TAGREFS="LT8"
                    BASELINE="184 1474 1157 1479" 
                    HPOS="183"
                    VPOS="1433"
                    WIDTH="974"
                    HEIGHT="64">
            <Shape><Polygon POINTS="184 1474 183 1487 1155 1497 1157 1479 1156 1445 967 1436 965 1436 940 1441 929 1444 925 1441 915 1435 914 1435 913 1435 912 1435 910 1435 895 1441 891 1443 888 1441 875 1435 874 1435 873 1435 838 1440 822 1443 812 1440 795 1435 794 1435 792 1435 791 1435 776 1440 765 1443 750 1439 731 1435 730 1435 666 1438 600 1441 590 1438 582 1434 580 1434 579 1434 531 1436 452 1441 434 1435 426 1433 425 1433 424 1433 422 1433 421 1433 419 1435 410 1440 326 1434 303 1433 302 1433 301 1433 299 1433 299 1434 289 1441 238 1441 184 1433 184 1474"/></Shape>
	    <String CONTENT="Po. Les moyens d’introduire la tyrãnie ſont diuers,"
                    HPOS="183"
                    VPOS="1433"
                    WIDTH="974"
                    HEIGHT="64"
                    WC="0.9708675902623397"></String>
          </TextLine>
          <TextLine ID="line_29"
                    TAGREFS="LT8"
                    BASELINE="139 1519 1160 1524" 
                    HPOS="137"
                    VPOS="1482"
                    WIDTH="1023"
                    HEIGHT="64">
            <Shape><Polygon POINTS="139 1519 137 1532 180 1539 181 1539 255 1534 265 1541 267 1541 268 1541 269 1541 368 1536 393 1534 407 1536 454 1542 455 1542 575 1538 646 1536 664 1539 682 1542 683 1542 723 1539 771 1537 829 1541 863 1543 864 1543 865 1543 873 1542 891 1537 933 1542 953 1544 954 1546 1090 1546 1090 1544 1091 1544 1092 1544 1115 1538 1157 1544 1160 1524 1159 1493 1110 1485 1109 1485 1107 1485 1095 1492 1088 1492 999 1485 998 1485 997 1485 996 1485 987 1490 984 1493 907 1493 903 1490 894 1484 893 1484 891 1484 890 1484 889 1484 876 1490 875 1490 865 1490 809 1484 807 1484 780 1489 770 1490 737 1489 647 1483 646 1483 623 1488 614 1489 598 1488 560 1483 559 1483 558 1483 548 1487 543 1489 525 1487 495 1483 494 1483 493 1483 485 1487 479 1490 406 1490 397 1485 387 1482 386 1482 385 1482 360 1485 342 1488 326 1485 306 1482 239 1482 238 1482 237 1482 235 1482 233 1484 227 1488 139 1484 139 1519"/></Shape>
	    <String CONTENT="comme ie vous reciteray. Cornelius Tæcitus au premier"
                    HPOS="137"
                    VPOS="1482"
                    WIDTH="1023"
                    HEIGHT="64"
                    WC="0.9993920461186823"></String>
          </TextLine>
          <TextLine ID="line_30"
                    TAGREFS="LT8"
                    BASELINE="139 1567 1164 1571" 
                    HPOS="137"
                    VPOS="1528"
                    WIDTH="1027"
                    HEIGHT="63">
            <Shape><Polygon POINTS="139 1567 137 1582 1161 1591 1164 1571 1161 1536 982 1538 974 1536 967 1532 965 1532 964 1532 963 1532 954 1536 949 1537 914 1536 841 1530 840 1530 839 1530 829 1536 821 1538 781 1536 708 1529 707 1529 706 1529 691 1536 686 1537 677 1536 648 1529 647 1529 525 1536 481 1537 474 1536 450 1528 449 1528 447 1528 318 1534 303 1528 302 1528 301 1528 258 1536 254 1536 253 1536 239 1528 238 1528 237 1528 176 1534 161 1528 160 1528 159 1528 158 1528 139 1534 139 1567"/></Shape>
	    <String CONTENT="de ſes annales dit, que Auguſte Cæſar eſtablit la tyrannie"
                    HPOS="137"
                    VPOS="1528"
                    WIDTH="1027"
                    HEIGHT="63"
                    WC="0.9897463681368992"></String>
          </TextLine>
          <TextLine ID="line_31"
                    TAGREFS="LT8"
                    BASELINE="139 1613 1162 1618" 
                    HPOS="137"
                    VPOS="1574"
                    WIDTH="1025"
                    HEIGHT="66">
            <Shape><Polygon POINTS="137 1626 184 1636 185 1636 228 1628 288 1635 289 1635 291 1635 292 1635 301 1628 385 1628 420 1637 421 1637 422 1637 456 1631 499 1637 500 1637 501 1637 503 1637 513 1631 667 1638 668 1638 723 1631 758 1638 760 1638 833 1631 907 1640 908 1640 1031 1632 1063 1640 1065 1640 1066 1640 1105 1632 1115 1640 1116 1640 1117 1640 1119 1640 1161 1631 1162 1618 1160 1581 908 1586 878 1578 875 1578 874 1578 873 1578 859 1578 728 1584 687 1578 686 1578 684 1578 664 1584 636 1577 634 1577 633 1577 632 1577 627 1577 573 1583 514 1577 513 1577 511 1577 510 1577 500 1584 412 1584 383 1576 382 1576 381 1576 377 1576 303 1582 279 1576 278 1576 277 1576 168 1582 140 1574 139 1613 137 1626"/></Shape>
	    <String CONTENT="couuertement, quand il gaigna le cœur du peuple, ſe por¬"
                    HPOS="137"
                    VPOS="1574"
                    WIDTH="1025"
                    HEIGHT="66"
                    WC="0.996629672391074"></String>
          </TextLine>
          <TextLine ID="line_32"
                    TAGREFS="LT8"
                    BASELINE="137 1660 1166 1666" 
                    HPOS="136"
                    VPOS="1623"
                    WIDTH="1030"
                    HEIGHT="63">
            <Shape><Polygon POINTS="1141 1635 1129 1635 1116 1635 1103 1635 1091 1635 1078 1635 1072 1635 1060 1636 1050 1637 1047 1636 1045 1635 1041 1635 1028 1635 1016 1635 1014 1635 1011 1636 1003 1637 982 1635 978 1635 965 1635 953 1635 940 1635 928 1635 920 1635 912 1636 909 1635 903 1635 890 1635 878 1635 873 1635 865 1635 853 1635 840 1635 827 1635 815 1635 802 1635 790 1635 777 1635 765 1635 752 1635 740 1635 727 1635 715 1635 713 1635 702 1635 689 1635 677 1635 664 1635 661 1635 652 1635 639 1635 627 1635 614 1635 602 1635 595 1635 589 1635 577 1635 564 1635 551 1635 539 1635 526 1635 514 1635 501 1635 489 1635 476 1635 464 1635 451 1635 439 1635 426 1635 413 1635 401 1635 388 1635 376 1635 363 1635 351 1635 338 1635 326 1635 313 1635 301 1635 288 1635 275 1635 263 1635 250 1635 238 1635 225 1635 213 1635 200 1635 188 1635 175 1635 171 1628 137 1623 137 1660 136 1678 321 1675 357 1681 370 1682 371 1682 401 1681 474 1676 530 1681 564 1683 565 1683 602 1681 651 1677 792 1681 962 1686 963 1686 1165 1681 1166 1666 1165 1638 1147 1635 1141 1635"/></Shape>
	    <String CONTENT="tant comme Tribun pour la defenſe d’iceluy: puis attira"
                    HPOS="136"
                    VPOS="1623"
                    WIDTH="1030"
                    HEIGHT="63"
                    WC="0.9973065202886408"></String>
          </TextLine>
          <TextLine ID="line_33"
                    TAGREFS="LT8"
                    BASELINE="139 1707 1165 1714" 
                    HPOS="137"
                    VPOS="1672"
                    WIDTH="1028"
                    HEIGHT="60">
            <Shape><Polygon POINTS="139 1707 137 1717 200 1727 201 1727 297 1720 302 1720 304 1720 344 1729 346 1729 451 1721 462 1721 465 1721 484 1729 485 1729 486 1730 530 1730 530 1729 531 1729 544 1722 546 1721 560 1722 613 1730 614 1730 654 1724 666 1722 816 1722 820 1725 829 1731 830 1731 831 1731 833 1731 834 1731 835 1731 844 1726 848 1724 883 1726 959 1732 960 1732 1003 1727 1028 1725 1037 1727 1048 1732 1050 1732 1051 1732 1164 1729 1165 1714 1164 1677 139 1672 139 1707"/></Shape>
	    <String CONTENT="les gens de guerre par dons, &amp; les citoyens par douceur"
                    HPOS="137"
                    VPOS="1672"
                    WIDTH="1028"
                    HEIGHT="60"
                    WC="0.9825325413183732"></String>
          </TextLine>
          <TextLine ID="line_34"
                    TAGREFS="LT8"
                    BASELINE="140 1754 1166 1760" 
                    HPOS="139"
                    VPOS="1719"
                    WIDTH="1027"
                    HEIGHT="62">
            <Shape><Polygon POINTS="140 1754 139 1765 201 1776 203 1776 294 1770 352 1776 353 1776 355 1776 383 1769 431 1778 432 1778 533 1769 567 1779 568 1779 569 1780 609 1780 609 1779 610 1779 612 1779 627 1770 688 1770 701 1779 702 1779 703 1779 705 1779 884 1772 898 1780 899 1780 900 1780 902 1780 903 1780 928 1771 979 1781 981 1781 1165 1771 1166 1760 1165 1730 1116 1721 1115 1721 996 1727 971 1729 963 1727 934 1720 933 1720 932 1720 930 1720 929 1720 919 1727 913 1727 861 1720 860 1720 829 1726 820 1727 814 1726 794 1720 792 1720 791 1720 766 1725 756 1727 751 1725 738 1719 737 1719 619 1719 618 1719 617 1719 607 1724 602 1726 592 1724 573 1719 572 1719 570 1719 541 1724 529 1725 140 1720 140 1754"/></Shape>
	    <String CONTENT="de repos: puis commença à vſurper ſur les charges &amp; les"
                    HPOS="139"
                    VPOS="1719"
                    WIDTH="1027"
                    HEIGHT="62"
                    WC="0.9852326355482403"></String>
          </TextLine>
          <TextLine ID="line_35"
                    TAGREFS="LT8"
                    BASELINE="139 1801 1166 1809" 
                    HPOS="137"
                    VPOS="1760"
                    WIDTH="1029"
                    HEIGHT="68">
            <Shape><Polygon POINTS="137 1813 209 1820 210 1820 257 1814 260 1814 270 1821 272 1821 273 1821 274 1821 336 1815 377 1823 378 1823 380 1823 400 1815 469 1815 482 1815 653 1825 654 1826 758 1826 758 1825 760 1825 761 1825 771 1819 826 1826 827 1826 829 1826 855 1819 873 1826 874 1826 875 1826 965 1819 1009 1828 1011 1828 1165 1819 1166 1809 1164 1771 1071 1778 1029 1769 1019 1767 1018 1767 1017 1767 1013 1769 994 1778 973 1769 967 1766 965 1766 964 1766 963 1766 957 1769 937 1778 884 1778 859 1767 855 1766 854 1766 789 1765 787 1765 786 1765 782 1766 765 1776 696 1776 677 1765 676 1765 674 1765 673 1765 667 1765 612 1774 598 1765 598 1764 597 1764 595 1764 594 1764 593 1764 592 1764 590 1765 574 1775 538 1775 523 1764 521 1764 520 1764 519 1764 514 1764 441 1771 416 1762 415 1762 413 1762 361 1762 360 1762 358 1762 357 1762 343 1772 311 1772 292 1764 291 1764 289 1764 212 1771 194 1762 193 1762 191 1762 190 1762 168 1771 140 1760 139 1801 137 1813"/></Shape>
	    <String CONTENT="loix, ayant fait tomber les plus puiſſans par l’eſpee, ou"
                    HPOS="137"
                    VPOS="1760"
                    WIDTH="1029"
                    HEIGHT="68"
                    WC="0.9903968781755682"></String>
          </TextLine>
          <TextLine ID="line_36"
                    TAGREFS="LT8"
                    BASELINE="140 1848 1167 1855" 
                    HPOS="139"
                    VPOS="1806"
                    WIDTH="1028"
                    HEIGHT="69">
            <Shape><Polygon POINTS="585 1810 584 1810 583 1810 568 1813 540 1818 511 1811 508 1811 506 1811 505 1811 503 1811 484 1816 476 1811 475 1810 466 1810 454 1810 441 1810 431 1810 312 1816 297 1810 291 1810 278 1810 265 1810 255 1810 183 1813 140 1806 140 1848 139 1859 219 1868 220 1868 269 1862 312 1869 313 1869 410 1863 482 1870 484 1870 617 1864 687 1872 688 1872 761 1865 826 1873 827 1873 922 1867 943 1873 944 1873 945 1873 993 1868 1001 1874 1002 1874 1003 1874 1004 1875 1056 1875 1056 1874 1057 1874 1082 1868 1135 1874 1136 1874 1166 1867 1167 1855 1167 1823 1134 1814 1132 1814 1131 1814 1130 1814 1129 1814 1117 1821 1116 1823 1018 1823 1008 1820 977 1813 976 1813 974 1813 957 1819 952 1820 945 1819 925 1814 924 1814 923 1814 922 1814 913 1818 908 1820 756 1820 730 1815 703 1811 702 1811 682 1814 654 1819 647 1814 646 1813 644 1813 643 1813 642 1813 631 1814 598 1818 590 1813 587 1810 585 1810"/></Shape>
	    <String CONTENT="deietté par bãniſſemens. Ainſi aduint que tout le peuple"
                    HPOS="139"
                    VPOS="1806"
                    WIDTH="1028"
                    HEIGHT="69"
                    WC="0.9984823424240639"></String>
          </TextLine>
          <TextLine ID="line_37"
                    TAGREFS="LT8"
                    BASELINE="143 1897 1169 1899" 
                    HPOS="143"
                    VPOS="1859"
                    WIDTH="1026"
                    HEIGHT="60">
            <Shape><Polygon POINTS="143 1897 143 1917 484 1912 514 1915 535 1918 536 1918 538 1918 544 1915 553 1912 570 1915 587 1918 588 1918 589 1918 598 1915 607 1912 614 1915 620 1918 622 1918 623 1918 624 1918 634 1915 644 1912 653 1914 666 1919 667 1919 668 1919 716 1914 736 1913 791 1913 794 1914 800 1919 801 1919 802 1919 804 1919 893 1914 912 1913 933 1913 1066 1919 1067 1919 1068 1919 1095 1913 1096 1913 1132 1919 1134 1919 1167 1912 1169 1899 1167 1869 1097 1869 1096 1868 1087 1860 1086 1860 1085 1860 1083 1860 1082 1860 1058 1868 1056 1868 1055 1868 1026 1860 1024 1860 1023 1860 1022 1860 1021 1860 1009 1868 1008 1868 992 1867 910 1862 909 1862 888 1867 880 1868 875 1867 861 1860 860 1860 859 1860 858 1860 838 1867 830 1868 792 1865 710 1860 708 1860 683 1865 667 1868 656 1865 637 1859 636 1859 634 1859 495 1860 494 1860 485 1864 476 1868 425 1868 417 1863 411 1859 410 1859 408 1859 407 1859 383 1863 358 1867 143 1862 143 1897"/></Shape>
	    <String CONTENT="par vne loy qu’on appelle Royalle, tranſporta en luy tout"
                    HPOS="143"
                    VPOS="1859"
                    WIDTH="1026"
                    HEIGHT="60"
                    WC="0.9916256634812606"></String>
          </TextLine>
          <TextLine ID="line_38"
                    TAGREFS="LT8"
                    BASELINE="139 1942 1167 1948" 
                    HPOS="137"
                    VPOS="1904"
                    WIDTH="1030"
                    HEIGHT="67">
            <Shape><Polygon POINTS="137 1953 159 1961 160 1961 161 1961 209 1956 224 1963 225 1963 227 1963 264 1956 265 1956 277 1964 278 1964 279 1964 281 1964 333 1957 343 1956 351 1957 390 1966 391 1966 392 1966 417 1958 419 1957 525 1957 597 1957 604 1961 615 1967 617 1967 618 1967 619 1967 641 1962 654 1958 666 1962 673 1964 674 1964 676 1964 698 1962 730 1959 742 1963 757 1968 758 1968 760 1968 810 1964 870 1959 890 1966 895 1967 896 1967 898 1967 905 1966 935 1959 958 1967 967 1969 968 1969 969 1971 1093 1971 1093 1969 1095 1969 1097 1969 1117 1962 1165 1969 1167 1948 1165 1909 1058 1915 1050 1909 1048 1909 1047 1909 1046 1909 899 1914 871 1908 870 1908 869 1908 868 1908 838 1914 820 1908 819 1908 817 1908 756 1914 671 1914 662 1907 661 1907 659 1907 658 1907 641 1907 501 1912 491 1907 491 1905 490 1905 489 1905 488 1905 462 1907 346 1912 318 1905 309 1904 308 1904 267 1905 148 1910 141 1905 139 1942 137 1953"/></Shape>
	    <String CONTENT="ſon empire &amp; puiſſance: tellement que lors ce qui pleut"
                    HPOS="137"
                    VPOS="1904"
                    WIDTH="1030"
                    HEIGHT="67"
                    WC="0.9976177432320334"></String>
          </TextLine>
          <TextLine ID="line_39"
                    TAGREFS="LT8"
                    BASELINE="139 1988 1166 1993" 
                    HPOS="139"
                    VPOS="1951"
                    WIDTH="1027"
                    HEIGHT="61">
            <Shape><Polygon POINTS="139 1988 139 2006 564 2003 579 2006 600 2009 602 2009 627 2006 644 2003 648 2006 656 2011 657 2011 658 2011 659 2011 780 2006 814 2004 816 2006 822 2011 824 2011 825 2011 826 2011 870 2006 873 2006 879 2006 1031 2012 1032 2012 1072 2006 1105 2012 1106 2012 1165 2004 1166 1993 1165 1961 1117 1954 1116 1954 1091 1959 1075 1963 733 1963 712 1959 651 1952 649 1952 648 1952 634 1959 631 1962 573 1962 570 1959 559 1952 558 1952 557 1952 412 1952 411 1952 410 1952 397 1958 382 1951 381 1951 380 1951 328 1959 323 1959 319 1959 267 1951 201 1951 200 1951 199 1951 198 1951 186 1958 166 1951 165 1951 164 1951 163 1951 139 1958 139 1988"/></Shape>
	    <String CONTENT="au Prince eut force de loy. D’autres tyrannies ont pris"
                    HPOS="139"
                    VPOS="1951"
                    WIDTH="1027"
                    HEIGHT="61"
                    WC="0.995869330926375"></String>
          </TextLine>
          <TextLine ID="line_40"
                    TAGREFS="LT8"
                    BASELINE="139 2035 1162 2038" 
                    HPOS="137"
                    VPOS="1998"
                    WIDTH="1025"
                    HEIGHT="93">
            <Shape><Polygon POINTS="139 2035 137 2058 160 2068 161 2068 163 2068 164 2068 165 2068 178 2061 212 2062 224 2071 225 2071 227 2071 228 2071 293 2061 296 2061 297 2061 334 2073 336 2073 337 2073 338 2073 373 2063 416 2081 417 2081 419 2081 420 2081 454 2063 459 2061 479 2061 495 2063 545 2073 546 2073 548 2073 569 2068 618 2088 619 2088 620 2088 673 2083 822 2090 824 2090 825 2090 841 2081 853 2090 854 2090 855 2090 856 2091 950 2091 950 2090 952 2090 953 2090 981 2070 991 2063 1011 2071 1016 2072 1017 2072 1018 2072 1019 2072 1022 2071 1036 2063 1111 2070 1112 2070 1114 2070 1126 2063 1159 2072 1162 2038 1161 2004 139 1998 139 2035"/></Shape>
	    <String CONTENT="naſſſance parmy des cõducteurs populaires, qui ont bãde"
                    HPOS="137"
                    VPOS="1998"
                    WIDTH="1025"
                    HEIGHT="93"
                    WC="0.980082604968757"></String>
          </TextLine>
        </TextBlock>
        <TextBlock HPOS="894"
                   VPOS="2056"
                   WIDTH="124"
                   HEIGHT="57"
                   ID="block_4"
                   TAGREFS="BT17">
          <Shape><Polygon POINTS="1018 2056 1018 2113 894 2113 894 2056"/></Shape>
          <TextLine ID="line_41"
                    TAGREFS="LT8"
                    BASELINE="922 2090 1008 2091" 
                    HPOS="920"
                    VPOS="2057"
                    WIDTH="86"
                    HEIGHT="96">
            <Shape><Polygon POINTS="995 2057 976 2057 959 2057 946 2059 940 2057 939 2057 920 2057 920 2089 920 2134 1004 2153 1006 2089 1004 2057 995 2057"/></Shape>
	    <String CONTENT="2"
                    HPOS="920"
                    VPOS="2057"
                    WIDTH="86"
                    HEIGHT="96"
                    WC="0.9991868138313293"></String>
          </TextLine>
        </TextBlock>
      </PrintSpace>
    </Page>
  </Layout>
</alto>
