1404 2261
253 94 107 68 102

248 151 1031 78 le peuple cõtre les nobles, & par calomnie ont pris auan¬

247 211 1031 64 cement, comme Denis à Siracuſe, ainſi que recite Diodo¬

248 258 1031 62 re Sicilien. Toutes ces deux ſortes de tyrannie s’eſtabliſ¬

248 305 1029 59 ſent par le vice de deux ſortes de gouuernement, à ſauoir

250 350 1029 64 d’Oligarchie, qui eſt quand les riches tiennent le rẽg des

251 400 1028 62 vertueux, & Ochlocratie, qui eſt vne puiſſance populaire

248 446 1029 58 deſreiglee: & ces deux, ſont les tranſgreſsions, extremitez

248 492 1029 63 ou exces d’Ariſtocratie & de Democratie, par le teſmoi¬

248 538 1029 67 gnage de Polvbe en ſon 6. liures lors que les grands vſur¬

250 586 1025 64 pent la puiſſance par auarice & ambition, ou que le peu¬

250 634 1029 63 ple au preiudice des nobles prend trop d’authorité. Dont

247 679 1031 59 aduient que parmy tel trouble, le tyran s’ingere de gou¬

247 727 1030 60 uerner. Voila cõment de deux ſortes de gouuernemens,

250 776 1027 59 qui ſont vicieuſes, naiſt la tyrannie: d’autant que le tyran

250 821 1028 63 s’approprie la puiſſance de toutes les deux parties, qui de¬

252 867 1027 61 batent en tels gouuernements. Mais celle qui ſuruient en

253 915 1026 58 vn royaume qui eſt tenu pour hereditaire, eſt, quand vn

263 959 1010 67 prince legitimement paruenu: ne ſe contente pas de ce

261 1007 1014 58 qu’il trouue de droit equitable luy eſtre acquis, ains pour

245 1056 1030 58 dominer plus ſeigneurialement, viole les anciennes loix

247 1106 1028 53 & couſtumes de ſes pays, s’exerçant couſtumierement en

248 1149 1022 63 toutes les tranſgreſſions de police, & tel ſe porte couſtu¬

248 1194 1029 64 mierement iniuſtement, & quant à ſa vie & quant à ſon

248 1243 1026 57 adminiſtration: il n’aime point le public, ains l’oppreſſe,

247 1288 1027 64 puis ſe voyant peu aimé des ſiens, il entre en desfian¬

247 1335 1027 63 ce d’eux. voila des actes de tyrannie. Il ſuit auſsi l’Oli¬

250 1382 1024 66 garchie, qui eſt le vice d’Ariſtocratie, en ce que pour

243 1429 1034 64 entretenir gens qui le flattent, il tire la ſubſtance du

245 1475 1028 66 peuple pour enuichir ſes fauoris, prodiguant ce dont il

242 1522 1032 58 rend ſon peuple pauure & miſerable. Il retient auſſi

242 1570 1032 62 ce vice d’Ochlocratie, exces de la Democratie, en ce que

243 1617 1034 64 il fait la guerre aux nobles, les deſtruiſant ouuertement

246 1666 1028 57 ou occultement: les fait declarer ennemis de l’eſtat,

242 1715 1033 56 les calomniãt qu’ils veulent gouuerner par trop, ou bien

243 1761 1034 60 qu’ils different d’obeyr. En general donc on mettra ceſte

241 1803 1033 64 difference entre vne tyrannie, & vne royale adminiſtra¬

241 1851 1033 63 tion, quand le prince cerche d’abaiſſer les grands leſquels

242 1899 1036 64 par leur vertu ſont auãcez aux degrez d’hõneur, & qui ont

242 1945 1035 58 donné cõſeils ſans flaterie & ſans les ſeparer du public.

240 1992 1037 81 La tyrannie defend aux ſuiets aſſemblees & diſciplines,

447 101 622 63 MEMOTRES DE

100 851 136 88 Viue de¬

71 929 162 57 ſeription

69 974 168 56 des tyrant

72 1016 159 50 & de leur

72 1055 142 75 naturel.

1187 2037 91 80 ello
