1361 2254
134 140 1032 74 dis qu’ils ſont picquez & harcelez par infinies iniuſti¬

134 195 1031 64 ces, violences, calomnies & menaces. Item, qu’ils

132 242 1030 59 n’attendent que la continuation de ce mal, ou lencor

133 287 1030 68 pis, voyans leurs ennemis iurez auoir tout credit &

130 334 1034 60 authorité vers les princes qu’ils irritent eontre eux. &

134 383 1030 65 qu’il n’appartient à autre d’auoir pour loy ſa ſeule vo¬

130 430 1031 64 lonte, que à celuy qui ne peut vouloir que toute iu¬

129 478 1032 64 ſtice, & peur tout ce qu’il veut. Sur ee propos, les

131 524 1030 62 prinees repliquent, Le glaiue nous eſt donné de Dieu

132 572 1027 61 pour en vſer en puiſſance ſouueraine, pour les con¬

127 614 1032 67 trauentions à nos ordonnances, qui tendent au bien

127 663 1033 68 & concorde ciuile & à la païx publique. Ceux cy ſont

130 712 1027 63 plus coulpables que les larrons ou homicides, qui

130 757 1027 65 renuerſent ces biens, & qui ne font que meſdire du

135 805 1021 65 gouuernement de l'eſtat: pour auquel attenter, &

126 852 1029 60 en eſtablir par armes vn nouueau, ils attirent tous

125 896 1025 63 ceux qui les veulent eſcouter en meſme rebellion a¬

126 949 1025 60 uec eux. Les peuples reſpondent, Nous ne reconoiſ¬

122 986 1027 70 ſons apres Dieu que noſtre prince, tant pour l’obli¬

127 1040 1022 63 gation, que pour le deuoir naturel, & nous hono¬

122 1086 1027 62 rous ſa perſonne, & obſeruons ſes edits, comme

121 1132 1026 58 Dieu le commande: mais nous auons l'iniure, la ter¬

119 1179 1028 63 reur, l'outrage, l'hoſtilité ordinairement à nes co¬

117 1225 1029 64 ſtez, & ceux qui ſe diſent nos protecteurs nous de¬

119 1272 1028 60 uorent. Par ainſi ne nous ſert de rien le nom de paix

119 1319 1028 67 publique, puiſ-qu'en particulier on nous fait ſentir

117 1369 1029 63 l'effect & l’aigreur de la guerre. Ce glaiue donc don¬

116 1415 1030 61 né de Dieu, eſt pour en faire iuſtice, & non violen¬

115 1460 1031 66 ce: & eſt mis en main de celuy qui eſt miniſtre de

114 1506 1031 63 Dieu pour noſtre bien, & non pour nous deſtruire hors

114 1555 1031 62 toute forme de droit & de iuſtice. Au ſurplus, ce n’eſt

112 1601 1033 60 meſdiſance, quand la crainte & deſeſpoir de iuſtice, &

112 1646 1030 67 de la bonne grace de nos princes, nous fait parler des

111 1694 1033 64 fautes qui ſe commettent au gouuernement de l’eſtat, qui

110 1748 1031 57 tournent à nos deſpens: & ſi la praticque des choſes, par

110 1789 1030 60 la neceſſité, arrache de nos bouches quelque rude veri¬

107 1835 1034 59 té, elle eſt moins condamnable, que la douce flatterie dõt

109 1885 1027 60 vſent les pipeurs & abuſeurs des princes. Nous confeſ¬

105 1929 1032 100 ſons (diſentils) d’eſtre entrez enpratiques, y eſtans con¬

257 84 761 66 L’ESTAT DE FRANCE.

1103 88 53 71 83

883 1994 96 62 2
