1402 2264
145 162 1036 77 lement odieuſe à tous hommes. S. Auguſtin au 19. liure

147 225 1036 61 de la Cité de Dieu, chapitre 15. dit que la ſeruitude n’eſt

152 271 1031 62 venue au mondeque par le peché & malediction. Car

148 316 1036 65 auant que Noe euſt maudit Canaam, il ne ſe trouue point

149 367 1034 57 qu’il y euſt perſonne de ſerue condition, ſi ce n’eſt que

151 413 1035 62 auant le deluge il y en euſt qui fuſſent violentement aſ¬

151 459 1037 60 ſeruis par les geans, comme on peut recueillir de Bero¬

152 505 1037 59 ſus de Chaldee, ſi ceſt auteur ainſi nommé eſt digne de

152 550 1037 63 foy. Mais comme dit. Denis Halicarnaſſien eſcriuant à

153 599 1035 62 Serue, tels ſerfs ne different pas des libres de nature;

152 647 1037 58 ains de condition ſuruenue, car cela aduient de ce que

152 694 1038 56 contre le droit on change leur condition. Ariſtote au

157 742 1034 59 premier liure de ſes politiques dit que la ſeruitude a eſte

154 788 1036 61 introduite, quand aux guerres les vainqueurs ſe ſont ab¬

158 835 1033 61 ſtenus du ſang, & ont eſpargné les hommes conquis,

159 881 1036 63 pour les vendre & s’en leruir, & ſembloit qu’il y euſt quel

158 926 1038 65 que humanité en cela plus toſt que à tout tuer. La raiſon

157 972 1041 66 de la ſeruitude (comme auſſi celle de la guerre) eſt bien

158 1026 1041 56 ſous la conſtitution du droit des gens, mais ce n'eſt que

161 1069 1040 63 quant à la diſtinction des perſonnes & eſtat, & non de la

161 1116 1042 62 nature: car l'vne & l'autre ont eſté introduites contre

162 1162 1042 61 le droit naturel; ſi ce n'eſt qu’on le prenne (comme

164 1211 1039 63 Ciceron en ſes paradoxes) que les indoctes & ceux qui

167 1260 1036 56 ſont ſans entendement ſoyent naturellement ſerfs des

166 1304 1037 63 prudents: du conſeil, eſprit & gouuernement deſquels

166 1349 1035 64 ils ne ſe peuuent paſſer. Mais par ceſte ſeruitude violen¬

167 1403 1038 53 te de la guerre, iou par la tyrannie, on fait ſerfs ceux

169 1450 1035 54 qui naturellement ſont libres, d’autant qu’ils ont les qua¬

172 1492 1034 53 litez de liberté: comme au contraire tel demeure ſei¬

178 1539 1028 60 gneur, qui eſt de nature ſerue. Cela eſchet maintes¬

173 1586 1033 62 fois par le moyen de la guerre, auec laquelle ſouuent

168 1631 1038 65 ſe loge tyrannie. C’eſt pourquoy Ciceron au troiſieſme

174 1679 1030 63 de la Republique deriue la domination de ce nom

169 1726 1034 63 bellum qui eſt a dire guerre, de ces beſtes farouches

168 1774 1037 57 monſtrueuſes & eſtranges, que lon dit bellues : car el¬

169 1822 1035 60 le n’eſt que pour effaroucher tout bon naturel, & ren¬

169 1869 1036 62 dre les hommes eſtranges & ignorans de toute bon¬

169 1916 1040 63 ne & proufitable police. Car d’elle eſt venue ceſte

173 1962 1035 81 tyrannie de ſeruitude, pour laquelle euiter, ce n’eſt

266 120 777 62 L'ESTAT DE FRANCE.

1087 132 89 49 119

932 2006 98 73 HA
