1407 2264
237 105 67 66 150

231 164 1028 59 n’auoyent droit de le poncuti, mnon cutantque hite

234 208 1023 59 le leur donnoit pour le peché du peuple, qui luy eſtant re¬

232 255 934 60 belle, eſtoit abandonné de luy en proye aux tyrans.

275 298 982 60 AR. Voyla des raiſons qui doyuent bien faire pen¬

224 339 1033 74 ſer ceux qui s’arreſtent ſeulement à leur droit & à la iuſti

226 396 1031 58 ce de leur cauſe. Car s’il y eut iamais royaume, dans le¬

226 440 1031 58 quel prince euſt droit de legitime poſſeſſion c’eſtoit en

224 485 1025 64 ceſtuy là qui auoit eſté donné de la bouche de Dieu, a¬

225 535 1027 61 uec titres & chartes autentiques de tant de miracles ap¬

227 579 1027 63 parus en la conqueſte d’iceluy: & touteffois le peché des

225 627 1027 66 habitans faiſoit que la conuenance defailloit de leur part,

225 672 755 66 & que Dieu iuſtement les en depoſſedoit.

453 95 611 72 MEMOTRES DE

271 720 983 61 Po. Dieu deſnie ſouuent auſſi aux hommes, ce

226 769 1028 59 qu’ils ſe perſuadent iuſtement leur eſtre deu, & ce pour

224 813 1028 58 leur preſomption, comme il fit aux Iſraelites, quand a¬

224 861 1028 54 uec la permiſſion de ſon oracle, ils combatirent les Ben¬

222 911 1031 63 iamires. Ainſi ne faut il pas touſiours iuger des cauſes

225 955 1025 63 par les euenements. Car il ſuruient ſouuent de tels

224 1001 1025 63 accidents en vne bonne cauſe, ou qu’elle eſt demenee

221 1048 1031 71 par tels moyens, qu’en fin lõ en void ſortir toutle rebours

222 1099 656 64 de ce qu’on iuge ſelon les hommes.

263 1139 982 69 AR. Que feroit on donc en vn temps de ſedition,

225 1193 1024 69 pour ne point eſtre tenu ennemy de toutes les deux par¬

225 1236 439 68 ties, comme il a eſté dit.

56 1271 152 66 Que lon

49 1372 168 55 en temps

50 1409 133 53 de ſedi¬

50 1447 90 86 ton¬

259 1284 991 63 Po. Ie me tiens touſiours à mon dire, que la ne¬

50 1326 1197 68 doit faire ceſſite, plus forte que toutes les loix nous eſt auiourdhuy

230 1376 1018 64 au lieu des reuelations, qui diſoyent fay cecy & fay cela,

228 1418 1018 72 & qu’en ces affaires il faut que chacun examine ſa con¬

227 1470 1020 61 ſcience, ſauoir s’il eſt point retenu de s’employer pour

227 1514 1022 68 le public par nonchalance, puſillanimité, par corruptiõ,

229 1564 1020 62 ou qui (eſt le pire) par reuolte ou trahiſon. Si les hom¬

229 1622 1020 50 mes qui ont iugement voyent les afaires tendantes à

227 1657 1021 66 ruine, & qu’il n’y ait moyen de les redreſſer, ce ne

229 1705 1015 62 ſeroit ſinon adiouſter de ſa perte auec celle des au¬

230 1752 1013 61 tres, de s’y mettre. D’autrepart, Dieu a delibére

229 1798 1016 64 de viſiter les ſiens, il faudroit s’il n’y a moyen de pro¬

227 1845 1020 63 curer amendement, dire auec Ieremie, rendez vous

229 1894 1020 59 aux Babyloniens, car le ſeigneur ne vous fauoriſe

229 1938 1020 78 pas: ou bien fuir le glaiue de l’ennemy, s’il apparoit

1160 1987 92 87 qu’il
