1390 2259
116 135 1020 75 ſur le throſne de iugement equitable, & entendez-là

119 200 1018 53 tous les grieſs d’vn chaſcun, comme vous le deuez. Vo¬

116 237 1024 67 ſtre grand bien ſera que par la parole de Dieu vous en¬

118 284 1025 68 tendiez, que ceſt de ceſte doctrine à quoy tant de gens ſe

118 333 1023 64 tiennent ſi fermes, que pour icelle ils meſpriſent le re¬

120 377 1022 62 pos, les biens, femmes & enfans, la vie, & tout ce que les

116 424 1027 65 hommes cheriſſent. Car cela eſtant, on ne peut dire que

118 470 1025 70 ce ſoit vne opinion ſimple, ains vne perſuaſion fondee en

116 518 1027 68 raiſon & verité. Faites que telle eſpreuue ſe conduiſe ſans

120 566 1022 65 menees, machinations ou tromperies, comme toutes

118 609 1024 68 les deliberations de ces peſtes du genre humain qui vous

116 656 1026 66 enuironnent ne ſont autre choſe. Si vous leur laiſſez le

116 704 1026 66 maniement des choſes ciuiles, concernantes les choſes

120 751 1021 67 terriennes, ne leur baillez en main ce qui concerne le

115 796 1027 69 ciel & le public: & ne deſdaignez ſuyuant voſtre deuoir,

116 844 1024 64 de bien ſonder ce qui concerne le ſalut eternel & tempo¬

116 891 1026 69 rel de vous & de voſtre peuple. Cela faiſant, vous quitte¬

115 939 1028 66 rez bien facilement voſtre amertume, à Dieu & à la

116 983 1025 71 Republique, & par là ſans effuſion de ſang vous-vous

116 1031 1025 68 acquerrez la paix, ſeruirez à Dieu, & vous agrandirez

115 1076 1025 66 en domaine & enſuiets, autant que montent les facul¬

118 1126 1022 66 tez & le nombre de ceux qui vous ſont naturels ſuiets,

118 1172 1023 65 & qu’auez voulu conuertir en qualité d’ennemis. Par ce

116 1218 1024 62 moyen chaſcun priera pour la proſperité de vos domi¬

115 1266 1027 68 nations, pour l’eſtẽdue de vos Royaumes, & s’employera

118 1311 1024 64 à embellir vos ſceptres & conſeruer vos couronnes. Ieſus

116 1354 1026 69 Chriſt vous vueille receuoir en hõmage, vous reconoiſ¬

116 1404 1027 69 ſant pour ſes fideles lieutenans & miniſtres, à la louan¬

128 1450 1017 72 ge de ſon nom, à voſtre ſalut & au bien de tant de peu¬

123 1499 1022 89 ples qu’il vous a baillez en garde, pour luy en rendre

118 1549 321 57 compte vn iour.

227 65 756 83 L'ESTAT DE FRANCE.

1052 95 71 59 159

168 1588 339 107 Po. Ainſi ſoit il.
