1400 2264
144 166 1028 70 rendus à la foy des Romains, & non à leur puiſſance.

145 216 1022 72 Le meſme autheur fait mention d’vne notable meſchan¬

145 264 1022 66 ceté d’vn Seruius Galba, qui conuoqua le peuple de trois

150 314 1026 63 villes de Portugal, qui vint ſous ſa parole pour conferer

150 366 1027 60 de l’eſtat du pays. Il les fit tous tuer, ou vendre pour eſ¬

145 405 1024 62 claues. Il monſtre auſsi au contraire que les Petellins en

150 452 1019 68 Calabre, & les Sagontins en Eſpagne, eſleurent pluſtoſt

152 506 1032 66 Ie peril de la mort, que de violer la loyauté promiſe aux

152 547 1031 70 Romains. C’eſt vne perle de pris, que les grands Sei¬

158 596 1030 71 gneurs doyuent bien garder, que la reputation de fide¬

155 642 1034 69 lité. Car la perfidie, eſt celuy des crimes le plus proche

157 690 1034 69 & voiſin de ſupplice & vengeance diuine, comme ayant

161 739 1028 64 Dieu directement à partie, qui void ſon nom meſpriſé,

163 783 1028 68 & ſa Maieſté eſtre rendue complice de la trahiſon, qui ſe

163 836 1025 63 commet ſous ombre de la foy.On en void les eremples

162 880 850 67 en Pharaon, Sennacherib, & autres tels tyrans.

252 99 797 84 L'ESTAT DE FRANCE.

203 939 987 51 AR. Or çà, reuenons aux deportemens des Chre¬

162 967 1028 72 ſtiens, & ce qui leur eſt permis pour cauſe de la Religion,

166 1016 1024 74 ſauoir s’ils ont autant de loy d’entreprendre que pour

167 1074 194 60 la police.

1109 120 51 64 151

208 1109 980 69 Po. Vous m’auez allegué le dire de ſainct Paul, qui

169 1160 1027 68 n’aſsigne aux Chreſtiens autres armes que la vertu, pui¬

167 1207 1029 66 ſee par la foy en la parole de Dieu, qui ſont armes ſpiri¬

173 1255 1030 65 tuelles, & i’ay à vous teſpondre, qu’il n’eſt parlé en ce

177 1301 1026 68 paſſage que de maniere de combatre ſpirituelle, d’en¬

176 1348 1030 60 nemis ſpirituels: parquoy les armes ſont auſsi donnees

173 1392 1036 64 ſpirituelles pour telle bataille, & que cela ne fait rien à

177 1443 1034 66 noſtre propos. Auſsi noſtre diſpute eſt, que ie maintien

179 1491 1029 66 celuy, ou-ceux qui ſeront eſleus par le public pour re¬

182 1534 1028 70 pouſſer la violence inique, & qui tendent à l’equité na¬

181 1583 1031 65 turelle, à l’vtilité publique, & ſur tout à l'honneur de

182 1632 1031 64 Dieu, ſont vrais Magiſtrats, & que ceux qui leur reſiſtent,

186 1679 1029 64 quelque temps, tiltre & droit qu’ils puiſſent alleguer, ſont

187 1724 1031 67 perſonnes priuees & ennemis du public. Ce fondement

186 1770 1032 67 mis, qui ne peut eſtre oſté, veu les choſes cy deſſus alle¬

189 1818 1033 69 guees, prouuees & confermees par exemples, ie dy qu'à

187 1867 1033 64 ce Magiſtrat appartient de prendre les armes pour main¬

186 1913 1034 68 tenir les bons, & repouſſer les meſchans, ſoit pour cauſe

187 1963 551 77 de la Religion ou autrement.

1184 226 134 62 Liure 9.

1186 271 106 70 chap.6

1190 403 138 63 Liure 6.

1190 450 111 100 chap¬c

1203 930 166 54 si les Chre

1203 969 166 63 ſtiens peu

1203 1013 163 52 uét entre¬

1203 1052 138 57 prendre

1202 1091 136 58 pour la

1205 1130 153 61 Religion

1209 1169 162 66 cõmepour

1209 1215 145 86 la police.

974 1998 97 88 14
