1366 2252
105 148 711 72 que la ſource de nos maux en decoule.

219 103 768 58 L’ESTAT DE FRANCE.

147 203 646 58 AR. Comment dites-vous cela?

142 253 989 57 Po. Pource que ſi vous ſauiez bien quel eſt voſtre

102 317 1029 39 deuoir enuers moy, & pouiquoy vous auezeide & pun¬

100 342 1030 60 ſance, vous ne vous laiſſeriez pas aller à tels erreurs, que

98 390 1032 57 ceux qui vous ſont frequẽts, & par leſquels vous tombez

98 435 832 62 en ces maladies d’eſprit deſquelles i'ay parlé.

141 480 990 67 AR. Or çà, parlons à cœur ouuert, & ſans paſsion ne

100 531 1030 54 deſguiſement aucun. l'entens que vous voulez reietter la

96 590 1033 48 famlu des maux decalamites du monde lul moy, & ce¬

98 621 1031 64 pendant ie tien qu’ils le doyuent eſtre ſur vous & ſur vos

97 671 1031 60 enfans, qui ne me reconoiſſent pas pour leur tuteur, auec

97 716 800 64 le reſpect & l’obeiſſance qu’ils me doyuent.

145 764 980 61 Po. Si i’obtien de vous audience, ie vous feray

93 811 1031 63 changer d’opinion, ſi ce n’eſt que vouliez en tout & par

93 864 1028 64 tout combattre la raiſon, & contre voſtre propre con¬

88 904 164 64 ſcience.

133 970 983 45 AR. Dites done, ie vous en prie, & ie vous en diray

91 1000 772 64 auſsi paiſiblement ce qu’il m’en ſemblera.

133 1056 986 51 Po. Vous deuez ſauoir, mon frere, que la Loy de

1129 1026 154 90 Pourquoy

88 1086 1020 70 Dieu porte plus expres commandement, en l’endroit

1123 1101 154 53 le deuoir

86 1146 1026 51 des perſonnes qu’il ſçait en auoir plus de beſoin, qu’aux

1125 1141 162 56 des Prin¬

86 1187 1022 62 autres qui y ſont amenez par la nature & le deu de leur

1123 1178 162 64 ces n’eſt ſi

90 1232 1024 59 charge, qui les y pouſſe, pour le regard de quelque priui¬

1123 1223 128 56 preciſé¬

84 1278 1020 67 lege & honneur qui leur en reuient. Comme quand il

84 1323 1022 61 donna ſes commandemens par Moyſe, il n’obmet pas le

1119 1347 154 68 celuy des

82 1379 1032 51 deuoir des enfans enuers peres & meres, & paſſe comme

1119 1381 104 80 ſuiets.

85 1421 1028 61 ſous ſilence, ſi les peres & meres doyuent faire quelque

85 1472 1030 56 choſe pour leurs enfans, comme ſi cela n’appartenoit en

82 1513 1033 63 rien à la diſcipline de bien viure. La choſe ſe paſſe quaſi

85 1565 1030 56 de meſme, quãt au deuoir des Princes enuers leurs ſuiets.

82 1608 1036 63 Le deuoir du ſuiet eſt compris ſous ce commandement

83 1657 1033 62 d’honnorer pere & mere, comme on void que l’Eſcriture

82 1705 1033 57 meſme l’expoſe en diuers endroits, voire & enuers les

81 1750 1033 61 tuteurs, maiſtres, precepteurs & tous ſuperieurs, ſans ſe

82 1797 1031 59 beaucoup arreſter à deſcrire le deuoir du Prince enuers

81 1842 1034 63 les ſuiets. Il eſt certain que cela ſe fait pour deux raiſons,

83 1892 1026 59 l'vne, que nature, l’honneur & le deuoir ſans aucune loy

83 1936 1025 89 pouſſent les ſuperieurs à auoir ſoin de leurs inferieurs &

1055 112 69 48 89

1120 1267 153 49 ment de¬

1119 1324 153 35 ſcrit que
