1366 2252
200 41 50 86 98

193 125 1030 58 duite au monde, & que les peuples ont tellement receu

196 168 1026 63 par couſtume d’auoir des Roys par ſucceſsion, qu’elle

195 216 1027 60 eſt auiourdhuy tenue pour droit & pour loy: mais ſi eſt-

196 261 1027 64 ce qu’en effect, quand le Roy decline du deu de ſon offi¬

197 310 1027 59 ce, les peuples luy peuuent faire conoiſtre lors, qu’il y a

197 357 1028 63 difference entre vne poſſeſsion de domaine, & vne char¬

204 404 1024 60 ge & office d’adminiſtration. Car en tout euenement, il

197 449 1027 58 faut conſiderer l’origine, la cauſe & la fin des magiſtrats

202 497 1023 64 qui ont eſté creez aux peuples, & non les peuples aux

201 544 1026 62 magiſtrats: çomme le tuteur qui eſt creé au pupille, &

205 594 1025 60 non le pupille au tuteur: le paſteur au troupeau, & non

206 636 1023 65 le troupeau au paſteur:car il faloit qu’il y euſt aſſemblees

209 685 1020 61 & troupes d’hommes, auant la creation des magiſtrats,

211 731 1021 63 qui les ont creez auec paches & obligations reciproques

211 779 1023 55 & correſpondantes comme il a eſté touché. Ainſi les

209 828 1025 56 droits des Roys ne ſe rendent pas proprement à leurs

211 870 1023 69 perſonnes, mais pluſtoſt pour le regard de leurs charges

212 919 197 69 & offices.

379 50 616 77 MEMOIRES DE

37 955 183 67 Des Roy¬

35 1009 173 56 aumesdõt

37 1049 152 54 les Roys

38 1088 144 64 font en¬

38 1128 92 83 fans.

251 959 987 71 AR. Si c’eſt pour le regard de la charge & office que

219 1007 1017 66 lon reſpecte principalement les Roys, que ſera-ce des

214 1059 1023 63 femmes & des enfans, quand ils ſont appelez aux Royau¬

217 1105 1023 63 mes? Quãt aux enfans, ie ſay que vous me direz, que c’eſt

217 1152 1023 64 pour le regard de l’obligation, à quoy le publie eſt tenu

217 1211 1020 50 enuers ceſte lignee, & qu’auec bon conſeil l’enfant ne

219 1246 1018 61 laiſſera pas d’ordonner, & retenir la Maieſté royàle.

220 1293 1018 63 Mais quant aux femmes qui ſont d’vn ſexe imbecille, in¬

220 1341 1018 70 habiles à la guerre & fragiles, permettrez-vous qu’elles

217 1391 176 70 regnent?

48 1443 168 54 Des Roy¬

46 1480 160 60 aumesgou

47 1530 162 51 uernez pa

48 1562 141 59 les fem

51 1606 84 79 mes.

274 1441 964 56 Po. Il le faut bien, puis que la raiſon le veut. Car on

227 1484 1018 60 void qu’il y a eu des femmes qui ont dominé par le vou¬

225 1526 1020 65 loir de Dieu. Si on allegue que couſtumierement on s’en

224 1575 1025 61 trouue mal, c’eſt choſe qui eſchet auſsi ſouuent ſous le

229 1623 1019 59 gouuernemęnt de pluſieurs hommes, mais la choſe ne

227 1671 1021 59 doir pas eſtre çondamnee, à cauſe des inconueniens. Pour

230 1715 1024 61 vray, c’eſt bien vn teſmoignage de l’ire de Dieu, quand les

229 1761 1020 64 femmes & enfans nous gouuernent. Car Dieu punit les

230 1806 1017 64 hommes qui ſont nais pour dominer, quãd, à leur honte,

231 1855 1022 62 il leur donne des femmes par deſſus eux, & ce quand ils

231 1904 1023 58 ſe rendent indignes de telles charges. A ce propos lſaie

225 1946 1027 90 parlant des enfans, dit que Dieu menace ſon peuple de

57 1925 148 95 Imle 3.

1179 2000 69 85 luy
