1392 2264
98 139 1015 78 le Prophete qui dit, que pour euiter les iours mauuais,

100 198 1016 67 vous approchez du ſiege d’iniquité, vous vſez de meſchãs

99 242 1022 73 moyens, pour vous cuider conſeruer: mais au contraire

96 288 1020 70 vous haſtez voſtre mal-heur. Car pour cela Iob dit, que

98 334 1023 74 Dieu oſte la ſplẽdeur des Roys & les met en proye. Dieu

96 388 1022 64 (dit Sophonias) ayant veu les Princes comme lyons,

96 432 1024 64 & les luges comme loups deuorans, & les Prophetes

98 477 1024 70 deſloyaux qui font outrance à la loy, il viendra à la proye

99 524 1024 72 faiſant recueil des Royaumes:afin que par ſon zele, & le

99 569 1026 67 feu de ſon indignation, toute la terre ſoit deuoree. Voyla

100 616 1021 76 pour les Roys, iuges & prelats deſbordez. Il faut donc,

96 667 1025 65 comme dit vn Roy plus excellẽt que vous, que vous ren¬

100 714 1028 69 diez vos vœux à Dieu, ſinon il vendangera vos eſprits, &

101 758 1017 72 vous ruinera par voſtre propre ſens reprouué: & au iour

103 804 1024 72 qu’il prendra la querelle pour ſon oinct, il briſera la teſte

103 854 1027 69 des Roys rebelles, & remplira les campagnes de morts,

103 899 1028 69 voire abatra le chef regnant ſur tant de pays. Or ce chef,

104 947 1026 70 Roys & Princes, eſt celuy auquel vous rendez l’homma¬

110 992 1021 75 ge que deuez à Dieu ſeul. C’eſt la paillarde de Babylon¬

103 1041 1029 67 ne, qui vous enyure tous du vin de la coupe de ſa fornica¬

104 1085 1028 74 tion. C’eſt l’Antechriſt, qui s’eſt acquis tãt de puiſſance ſur

112 1135 1019 62 vous, qu’il vous fait de vos propres mains ruiner vos en¬

104 1179 1027 72 trailles: lequel au lieu que Chriſta payé le tribut à Ceſar,

104 1230 1024 68 & à ordonné qu’on le payaſt, & par ſon Apoſtre que tou¬

103 1271 1018 68 tes perſonnes fuſſent ſuiettes à vos puiſſances ſans exce¬

109 1316 1020 80 pter ni eueſques ni autres, il met le pié ſur la gorge à Cæ

105 1364 1022 75 ſar, & luy fait baiſer ſa pantoufle. Voyla comme libera¬

109 1418 1028 67 lemẽt vous admettez le ioug de ſa tyrannie ſur vos cols,

110 1467 1030 67 & pour l’amour de luy vous deſfaites ceux qui vous ont

109 1511 1032 62 faits, ce ſont vos peuples, voſtre ſang, voſtre patrie, & com

110 1557 1030 71 mune parenté, qui voudroyent mourir pour maintenir

113 1608 1031 56 vos couronnes, leſquelles ceſt ennemi veut conſumer &

112 1650 1032 68 tenir baſſes, afin qu’elles ne puiſſent ſecouer le ioug de

112 1699 1033 66 ſa ſeruitude. Malheur donc à vous & à vos conſeillers, par

114 1745 1031 68 qui vous eſtes rendus eſclaues de l’eſclaue du Diable, qui

118 1792 1027 66 vous font pluſtoſt choiſir la calamité pour maiſtreſſe que

112 1841 1034 68 la raiſon pour guide. Vos ſuiets ne demandent qu’vne

114 1887 1030 68 choſe, laquelle ſans demander vous leur deuſſiez procu¬

114 1934 1030 67 rer ſelon voſtre deuoir: & pour cela vous les tenez pour

118 1983 1022 88 ennemis. Ie ne ſeray point der voſtres en cela, ains me

213 81 769 83 LESTATDLIINCE

1038 92 76 72 157

1126 132 140 66 Amos,

1130 177 48 55 10.

1129 294 164 55 lob 12.19

1129 377 168 79 Sophomia¬

1133 430 87 69 3.3.4

1131 613 164 68 PI.76. 12.

1137 756 160 72 Pſ.110.5.

1140 1187 161 69 Matb.15.

1137 1246 168 64 27 &22.

1137 1290 58 53 21.

1142 1322 144 83 Rom.13.

1146 1375 30 72 1.
