1429 2269
35 399 156 91 6c.47.10

209 64 92 82 116

417 71 647 73 MEMOIRES DE

208 145 1029 55 & diuine. Car encores qu’il ſoit loiſible que les conſtitu¬

206 191 1035 54 tions des hommes, qui accommodent a la vie humaine

206 236 1033 60 les loix & la raiſon, par occaſion & circonſtance ſe chan¬

209 284 1033 62 gent: cela touteffois n’eſchet à ce qui eſt infus en l'eſprit

209 332 1029 58 de toutes gens du droit naturel: car cela eſt immuable.

215 379 1026 62 Voyla enquoy le prince diſpoſe, & en quoy non. En ce

211 427 1027 57 ſens Iacob prononçant benediction à luda ſon fils con¬

211 472 1028 57 ioint à la royauté l’office de legiſlateur. & Iuſtinian en

211 520 1026 61 la loy derniere des loix & conſtitutions dit, que l’in¬

210 567 1031 62 terpretation de la loy eſt digne d’vn ſeul Empire, qui ſera

211 616 1028 65 ſuyuant ceſte influence de nature tranſmiſe de Dieu en

211 663 132 58 icelle.

261 702 985 70 AR. Que i’entende vn peu plus plain ce que en paſ

214 757 807 57 ſant vous auez touché du droit, s’il vous plait.

37 811 167 81 Tiois ſor¬

35 871 112 54 res de

36 910 109 70 droit.

261 801 982 65 Po. Il y a trois appellations generales de droit, aſa¬

215 849 1027 63 uoir, droit naturel, droit des gens, & droit ciuil.Le droit

215 900 1028 60 naturel ſelon Caius Iuriſconſulte, au digeſt. loy 9. de iu¬

213 939 1026 68 ſtice & de droit, eſt ce que vne raiſon naturelle a conſti¬

214 1010 1028 41 tué entre tous hommes. Ciceron au 3. de les ornces mon

214 1038 1029 62 ſtre, que le droit des gens, eſt vne conſtitution qui doit

215 1086 1029 56 eſtre obſeruee par le droit ciuil : car elle rapporte toutes

216 1133 1028 62 ſes loix à l’vniuerſelle ſocieté & les loix de tous peuples

216 1181 1028 59 le conferment: deffendant de taſcher à ſa commodité,

219 1225 1027 63 par la nuiſance d’autruy. Elle ſourd d’vne commune loy,

220 1273 1023 63 par laquelle nature commande à tous hommes ſe com¬

219 1321 1025 58 muniquer les vtilitez neceſſaires à la vie, & n’attenter à

220 1367 1021 63 rien qui viole la ſociete humaine. Le droit ciuil, ſuy-

221 1415 1026 61 uant les meſmes autheurs, auſquels pluſieurs autres ſe

221 1468 1026 54 conforment, eſt ce qui eſt à tous vtile, en chaſcune ci¬

224 1511 1023 58 té, conſiſtant en ordonnances pour la police d’icelle,

225 1556 1022 65 ou de certain peuple viuant ſous meſme loy. Laquelle po

223 1604 1024 56 lice n’eſt receue de toutes nations: & cela ſe peut accom¬

224 1651 1022 60 moder par les princes aux mœurs & circonſtances: & d’i¬

224 1699 1028 60 celuy droit naturel depẽdent le droit des gens & le droit

225 1745 1027 67 ciuil, tous autres droits particuliers deriuans de ceſte meſ

227 1795 391 58 me ſource par iceux.

274 1837 978 65 AR. Par ce diſcours on peut iuger enquoy le prince

228 1887 1024 66 eſt ſous la loy, & en quoy non, conſiderant quel eſt ſon

227 1934 642 104 droit,& ce qu’il peut ſur les peuples.

1170 1967 84 88 Po.
