1366 2249
227 78 99 89 140

266 143 990 68 AR. Sans point de faute, la choſe vaut bien le penſer

219 196 1038 63 auant que d’entreprendre vn fait de telle importance.

219 244 1037 60 Car ceux qui ne ſont point eſmeus en leurs conſciences

228 288 1025 66 de voirtant de meurtres & rauages, ſont deſnaturez, &

219 339 1039 62 ſi l’homme a quelque ſentiment, encor qu’il ne fuſt que¬

219 383 1039 64 ſtion que de la mort d’vn homme ſeul, ſi faut il bien entẽ¬

219 432 822 65 dre le fait, & en iuger ſelon la loy & l’equité.

458 78 613 71 MEMOTRES DE

261 477 998 61 Po. Si la ſedition en la police humaine eſt a fuir, à

222 523 1037 65 plus forte raiſon la faut il fuir en l’Egliſe, Cependant en

217 577 1040 56 la ryrannie eccleſiaſtique, Le Pape, qui a corrompu toute

221 617 1038 66 doctrine, & viole tout ordre, a empeſché qu’il ne ſe ſoit

226 665 1033 63 fait aſſemblee de Synode libre, qui euſt eſté comme vnſe

222 713 1035 64 nat auquel il euſt falu recourir. Mais pour auoir ce meſ¬

223 762 1035 65 me moyen, il euſt falu le demander aux meſmes tyrans,

228 813 1030 59 qui s’en portent pour iuges & ſouuerains, & au lieu qu’au

226 862 1032 55 tresfois ils eſtoyent ſuiets des princes, & confermez par

227 902 1031 63 authorité en leurs ſieges, auiourdhuy ils commandẽt aux

231 947 767 67 princes & ſe font faire hommage par eux.

272 1003 987 57 AR. Vrayement là malice du temps a fait en cela v¬

228 1043 1031 65 ne terrible beſongne, mais reuenons à noſtre propos,

229 1090 1032 63 car ie demeure reſolu, qu’il faut que tel iugement ſe face

229 1135 1033 66 auec bon examen de la parole de Dieu, legitimement &

232 1181 1030 67 ſans affection à autre, qu’à l’honneur de Dieu, & au bien

236 1240 1026 54 puonc. Mais approuuez vous tant de ſortes d’entrepri¬

237 1276 1029 67 ſes qui ſe font par ceux deſquels vous ſouſtenez le party.

279 1325 984 64 Po. Ie ne ſouſtien aucun parti que pour la concorde

228 1366 1035 69 ciuile, mais quant à ceux que lon condamne & outrage

229 1415 1032 68 ainſi, i’ay maintenu qu’il leur eſt loiſible de ſe de ffendre.

231 1468 1028 63 mais ie n’entẽs pas que toutes choſes qui ſont licites ſoy¬

229 1514 1034 62 ent touſiours expedientes. Car premierement faut bien

231 1560 1031 59 eſtre reſolu en ſa conſcience de ſa vocation, ce que n’e¬

232 1606 1029 63 ſtoyent les luifs, quand ils voulurent ſecouer le ioug des

236 1658 1022 58 Romains. comme le recite Ioſephe, & cependant ne vou¬

236 1702 1021 60 loyent conoiſtre qu’ils eſtoyent liurez en ſeruitude iuſte¬

234 1746 1023 65 ment, dautant qu’ils auoyent crucifié le Roy de gloire.

237 1796 1022 61 Ayant ce fondement faut qu’il n’y ait rien qui redargue là

236 1842 1027 62 dedãs. Outreplus il faut auoir vne prudẽce en ſes affaires.

241 1891 1022 64 il y avn exemple entre autres, que recitent Socrates, li¬

238 1939 1029 55 ure 2. & Sozomenus liure 4. que du temps de Conſtan¬

241 1986 1026 96 tius Empereur Arrien,qui par haine de la Religsonce par

1087 2035 179 71 opprobre
