1380 2271
145 162 1016 72 elle ſeme desfiãce entre le peuple, elle luy abaiſſe la puiſ¬

145 219 1019 61 ſance & le cœur, ſe fortifie de gẽs eſtrangers, ou auancez

148 266 1013 62 outre leurs merites, leſquels veillent ſur le peuple, & l’in¬

146 316 1016 57 duiſent pluſtoſt à craindre le prince qu’à l’aimer. Le tyrã

151 360 1014 62 veut que le peuple ſoit tenu bas, & en beſongne, afin qu’il

150 407 1014 59 n’ait pouuoir ne loiſir de penſer au ioug qui eſt ſur ſes

146 452 1018 62 eſpaules. Il veut eſtre flatté & ne prend plaiſir à voir per¬

146 499 1020 58 ſonnes graues & libres, d’autant qu’il ſe fait croire que

150 546 1020 60 grauité & liberté conuiennent à luy ſeul. La fin du tyran

147 591 1025 65 eſt volupté & vaine gloire, n’ayant eſgard qu’à ſoy. voyla

147 640 1025 56 les marques du tyran & de la tyrannie. Au contraire le

147 687 1027 61 Roy, qui (comme dit Ariſtote en ſes morales) eſt l’an¬

150 733 1022 63 chre de l’eſtat, cõtient toutes choſes en bõne eſgalité par

154 780 1020 61 proportion & conuenante, & contient par ce regime la

150 827 1022 58 cité & tout le peuple en concorde & bienveuillance mu¬

151 871 1023 62 tuelle, & ſuyuant le precepte d’Iſocrates à Nicocles, fait

154 922 1018 55 quant à la remuneration ſes ſuiets differents d’honneurs

150 967 1025 59 comme ils different de mœurs, & fauoriſe auſſi ceux qui

153 1012 1020 61 par la vertu antique, qu’ils ont tiree de leurs anceſtres, ont

151 1057 1022 67 eſté conus amis du publie & dignes de cõmander & gou

151 1105 1022 58 uerner. Il cerche toüs moyens de ſe faire aimer, faiſant

155 1154 1022 60 threſor des cœurs de ſes ſuiets, & non de leur argent, à

156 1202 1020 60 l'exemple de Cyrus, lequel conſeillé par Crœſus de the¬

157 1247 1020 58 ſauriſer, mõſtra auoir ſon threſor aux mains de ſes amis,

159 1299 1020 57 auſquels enuoyant demander ce qu’ils auoyent n’en fi¬

157 1344 1023 60 rent refus. Le but du Roy eſt hõneſte, n’avant eſgard ni à

157 1389 1024 63 ſoy ni à choſes particulieres, au pris de l’vtilité publique.

161 1438 1022 64 Ie ne me puis quaſi deſpartir de ce propos, tant ie deſire

165 1482 707 57 qu’on diſcerne bien l'vn d’auec l’autre.

263 94 761 72 L'ESTAT DE FRANCE.

1084 88 74 89 103

210 1526 974 64 AR. Vrayement ils ſe conoiſtront facilement à qui

161 1577 1023 60 voudra vn peu conſiderer les couleurs deſquels vous les

164 1623 782 62 depeignez, Mais ie vous prie de pourſuiure.

1181 1006 164 72 Deſeripue

1183 1065 128 55 du vray

1183 1099 117 74 prince.

205 1669 976 64 Po. On nomme par couſtume tyran, celuy qui vſur¬

164 1722 1011 55 pe domination en vn eſtat: & Roy, celuy qui de race

164 1769 1011 55 ou par election y eſt paruenu: mais ſi le Roy eſleu ou he¬

165 1813 1020 60 ritier a les meurs & conditions tyranniques, ſa legitime

166 1857 1019 61 inſtitution n’empeſche pas que le tiltre de tyran ne luy

166 1931 1020 33 anarfurdennen dadermemeframnc enicuue IOyaie,

167 1955 1019 57 quand le tyran paroiſt auec les qualitez & vertus de Roy

167 1998 1017 83 en ſon adminiſtration, s'abſtenant de deſpẽces ereſſiues,

1207 1657 150 89 Qui font

1192 1739 157 49 les tyrans

1192 1773 165 72 & lesRois.

941 2043 22 75 2

996 2050 33 73 2
