1417 2261
247 56 88 93 132

243 130 1034 77 public, qui punit vn Roy en la perſonne de ceux de ſa po¬

239 190 1038 63 ſterité & eut tout Ifrael à ſouffrir, pour auoir acquieſçé à

241 241 1036 57 ſa meſchanceté, eſtant violateur de la foy publique: cõme

242 283 1034 58 furent Sennacherib, Nabuchodonozor & Antiochus, deſ¬

243 340 1033 53 quels a eſté faite mention. Il eſt dit que Ioſué auoit con¬

243 379 1034 61 tracté alliance auec les Gabaonites, leſquels il auoit re¬

243 428 1034 63 ceus au milieu du peuple en ſa protection. Saul depuis le¬

250 467 1025 69 fit maſſacrer ſans raiſon: l'ire de Dieu tomba lors ſur Iſ¬

234 520 1043 64 rael qui ne ſe retira iuſques à ce que les Gabaonites furẽt

242 569 1033 61 conſtituez luges & ſuperieurs pour faire iuſtice, & cruci¬

242 615 1031 63 fier ſept des plus proches de la race de Saul:ainſi ceux qui

243 661 1033 61 auoyent eſté declarez maudits par Ioſué, furent requis de

243 705 1033 63 Dauid pour benir Iſrael, lequel auoit adheré à ſon Roy

246 756 1030 57 en ceſte perfidie. En puniſſant donc la race de mort, ils

248 802 1024 65 punirent le pere & malfaiteur d’ignominie. Quant aux

247 850 1029 63 hiſtoires des Lacedemoniẽs, Romains, & autres, on vous

249 898 1028 61 pourroit alleguer pluſieurs exemples: mais de ceux-là ie

251 943 1025 60 veux deſcendre aux Royaumes chreſtiens, deſquels il n’y

248 989 1028 64 en a vn ſeul, qui ne puiſſe fournir d’exemple, d’auoir

249 1036 1027 65 deſmis, ou fait mourir quelqu’vn de ſes Roys ou Empe¬

251 1085 1029 61 reurs. L’Imperatrix Martine, regna en Conſtantinople

252 1131 1028 64 l’an 641. Elle fut condamnee par le Senat à auoir langue

253 1179 1028 62 coupee, pour auoir empoiſonné Conſtantin fils d’Hera¬

253 1225 1029 61 clius ſon mary & de Eudoxia ſa premiere femme. Ceſte

255 1272 1025 63 Martine pretendoit par là de faire regner apres elle He¬

255 1318 1026 64 racleonas qu’elle auoit eu dudit Heraclius, comme il ad¬

256 1366 1024 62 uint. Mais la choſe eſtant aueree, elle eut le nez couppé,

257 1413 1028 56 & ſon fils (fait Empereur) & elle enſemble depoſez &

258 1460 1028 63 bannis, & Pyrrhus Eueſque, qui auoit donné le conſeil &

255 1506 1030 62 les moyens de ce faire, mis à mort. luſtinian dit Iuſtin

253 1553 1033 64 ſecond fils de Conſtantin quatrieſme, lequel regna l’an

257 1601 1031 64 192. pour auoir violé la foy ſolennellement iuree aux

257 1644 1030 68 Bulgarois ſes tributaires, ruiné les deux Myſies, &, à ſon

260 1695 1025 62 mal-heur s’eſtre periuré en aſſaillant les Sarraſins, fut

258 1742 1024 64 depoſé de la couronne Imperiale & banni. Irene Im¬

262 1791 1023 65 peratrix & putain, qui regna l’an 801. pour auoir con¬

262 1836 1026 55 ſpiré contre la liberté de l’Empire d’Orient, ſous ombre

267 1881 1019 65 du mariage de Charlemagne, fut depoſee, & Nicephore

268 1930 1023 62 conſtitué Empereur. Charles le gros, fils de Louys

258 1973 1039 92 Roy de Germanie, par lequel l'Empire fut transferé

432 69 626 79 MEMOIRES DE

67 487 157 63 2.Sam.21

74 530 110 69 1.6c.

77 1071 127 63 Zonare

84 1119 128 65 Tom.3.

89 1884 168 86 Voye les

87 1951 170 57 annales de

89 1995 152 71 Françe.

1217 2023 81 79 des
