1366 2276
166 94 801 72 L'ESTAT DE FRANCE..

83 174 1024 47 quitter tous conducteurs à perditiõ. Autãt en dit Ieremie

83 216 1028 55 au paſſage allegué, pour auoir ſouffert la ſeruitudedes He

83 259 1030 60 brieux contre la loy. Plutarque au banquet des ſept ſages.

84 309 1034 57 recite que Solon parlant à ſon tour dit, qu’vn prince ſou¬

86 355 1030 61 uerain ne ſe peut rendre plus glorieux, que de communi¬

86 402 1033 58 quer ſon authorité ſouuerainé à ſes ſuiets, capables & ſuf

86 447 1032 62 fiſants, faiſant par maniere de dire d’vne monarchie vne

84 496 1032 57 democratie. Telles puiſſances ſont pour tenir les Roys

83 542 1038 58 en bride:comme furent les Ephores de Lacademone, leſ

84 589 1036 60 quels, comme dit Pomponius Letus, quand Theopompus

86 638 1035 52 roy de Lacedemone les crea, ſa femme luy remonſtra

86 681 1037 61 qu’il laiſſoit trop pen d’authorité à ſon fils, mais il luy fit

83 728 1038 62 entendre, qu’il eſtabliſſoit celle qui luy appartenoit, la re¬

84 776 1040 62 ſtreignant en ſes propres limites: car la puiſſance effre¬

82 824 1042 61 nee vient à Tyrannie, & y prent fin auſſi. Les bons princes

83 867 1040 66 ont bien eu ceſt eſgard, comme il eſt dit de Traian par le

83 919 1040 50 meſme autheur, qu’il commandoit à ſes lieutenans s’il de

83 964 1041 61 cernoit choſes iuſtes, d’y obeir, & employaſſent pour cela

82 1010 1041 60 le glaiue: mais que s’il vouloit faire iniuſtice qu’ils l’ẽplo¬

86 1057 1037 56 yaſſent contre luy. Iuſtinian commande que le decret qui

87 1103 1033 61 prouiẽdra de luy ne ſoit point receu, s’il n’eſt ſelon equité.

83 1151 1033 60 Plutarque au traitté des dits notables des capitaines, dit q̃

82 1198 1036 62 les roys d’Egypte, ſuyuant vne ancienne couſtume, faiſoy

83 1244 1035 55 ent iurer les iuges, quãd ils les inſtaloyẽt en leurs offices,

84 1292 1034 63 quequand bien le Roy leur commanderoit de iuger iniu

82 1344 728 54 ſtement ils ne le feroyent pas pourtant.

1117 174 138 74 Ieremie.

1123 225 53 74 34·

1037 111 80 61 109

132 1383 987 62 AR. Qu’auront donc les princes dont ils puiſſent dif

86 1430 785 64 poſer, ſelon que leur grandeur le requiert?

139 1480 981 56 Po. Tout, s’ils ont le cœur de leurs ſuiets. Mais en

82 1526 1037 62 tout euenement, voicy ce que Ariſtote au 5. de ſes politi¬

84 1574 1036 62 ques leur aſſigne, c’eſt qu’il leur faut approprier plus qu’à

83 1619 1037 65 nul autre, entant que la proportion de leur dignité le re¬

82 1669 1041 59 quiert. que ce degre d’honneur & recompenſe a touſ¬

83 1715 1041 61 ſours eſté accordé auec raiſon, pourtant qu’il faut qu’ils

83 1767 1041 55 trauaillent pour les neceſſitez d’autruy. Ezechiel ordonne

79 1814 1039 54 certaines redeuances conuenables, aux princes, a la char¬

87 1876 1036 39 ge de rerercice de imuce d lugemencieur denendartout

87 1900 507 68 pillage & impoſts exceſſifs.

129 1944 995 89 AR. Tout cecy tend à mettre le Roy ſous la loy. Tou

1130 1828 146 59 Ezechiel.

1133 1884 85 50 41.7.
