1383 2257
278 82 75 77 92

272 154 1031 72 iuſtice: ains c’eſt vne choit parlicunere de tour condant

273 206 1029 68 à la publique. Les eſtats & gouuernemẽs ſe doyuent dõt

272 250 782 68 eſtablir & maintenir pàr la force de iuſtice.

316 302 985 64 AR. Il ſemble que pour bien entrer en ceſte matiere,

269 340 1025 70 il conuiendroit diſcourir, comment en tout gouuerne¬

271 397 956 64 ment il faut des magiſtrats, & s’il leur faut pas obeyr.

459 94 625 70 MEMOTRES DE

315 441 593 63 Po. Pourquoy dites-vous cela?

313 485 984 66 AR. Pource qu’il y en a qui ſe veulent meſmes armer

270 530 1026 73 de la ſaincte Eſcriture, pour maintenir qu’vn Chreſtien

272 580 470 56 ne peut exercer ceſt eſtat.

103 675 171 56 Argumẽs

97 716 175 49 des Ana¬

97 759 160 52 baptiſtes.

97 797 153 58 lean 6.15

99 840 155 54 Luc 12.1

315 625 983 65 Po. Et quels paſſages ont-ils pour prouuer leur dire?

280 682 1012 60 AR. Ils diſent que Chriſt le parfait patron & docteut

282 718 1016 64 a réfuſé d’eſtre Roy. Item de ſe meſler du partage des

270 769 1028 62 deux freresplaidans. Que les premiers princes & Rois

274 820 1024 56 ont eſté les geans auant le deluge, & Nembroth qui inſti¬

276 863 1024 67 tua la premiere Royauté, gens pleins de violence & ty¬

274 916 1027 53 rannie. Et pour monſtrer que les hommes & l'eſtat ont

282 951 1014 66 deſpleu à Dieu, il promit vn Roy à ſon peuple, auec re¬

277 1004 1023 64 proches & menaces, leur propoſant l’iniuſtice qui s’exer¬

278 1041 1020 76 ceroit par le moyen de ceſteſtat: & ainſi l’expoſe Oſee,

277 1094 1023 67 que Dieu leur donna vn Roy en ſon ire, & que ç’a eſte

277 1142 1020 65 pour ſupporter l’infirmité des hommes que Dieu a ſup¬

277 1189 1018 66 porté cela. Mais que la volonté de Dieu, la vraye equita¬

274 1235 1022 62 ble conduite ſeroit vne eſgalité, rapportant toutes con¬

278 1278 1018 72 tentions, ſuyuant l'enſeignement de ſainct Paul, à la voye

273 1327 1023 71 amiable, & par arbitres, & ne point venir deuant les iu¬

277 1378 1020 66 ges. Que les Roys & guerres permiſes de Dieu, ont eſté

274 1424 1023 73 ſous le temps de la loy de rigueur, & non du temps de

276 1469 212 64 l'Euangile.

94 957 175 60 1. Sam.8.7

94 1053 171 75 Oſec 13.11

97 1282 166 72 2.Co1.6.4

107 1530 152 53 Reſponce

95 1564 168 59 aux argu¬

95 1609 175 48 mens des

97 1651 169 59 Anaboper¬

97 1687 74 67 ſtes.

303 1510 993 67 Po. Leur folie eſt aiſee à deſcouurir. Car il ne ſe

276 1555 1022 73 trouue pas que Corneille centenier, ni l’Eunuque de la

278 1611 1022 66 Royne Candace, dont il eſt fait mention aux Actes

277 1658 1023 67 des Apoſtres, ayent quitté leurs charges, pour auoir eſté

276 1704 1025 65 faits Chreſtiens. Et quant à ce que Chriſt refuſe en

276 1749 1025 66 beaucup de manieres d’exercer office de Magiſtrat ter¬

277 1799 1023 64 rien, c’eſt dautant qu’il euſt derogué à ſon office de Me¬

276 1850 1024 66 diateur, qui pour lors ne deuoit regner que ſur les con¬

278 1886 1022 73 ſciences: & de cela meſme il rend raiſon deuant Pilate,

278 1938 1023 69 quand il dit, que ſon Royaume n’eſtoit pas de ce monde.

278 1983 1023 88 C’eſt ſans raiſon auſsi qu’ils inferent que gens prophanes

97 1830 173 118 Iean 18.36

1254 2045 46 94 &
