1369 2257
71 137 1026 71 & ambitieux ſont autheurs de ceſt eſtat, & que Dieu a

70 188 1026 66 donné vn Roy à ſon peuple en ſon ire. Car Dieu a eſté

63 239 1033 64 Ie premier Magiſtrat au iardin d’Eden, & a dreſſé vn pa¬

74 285 1021 61 tron de la police du monde en la premiere œconomie,

74 338 1023 56 comme on void du pere de famille, de l’obeiſſance de la

72 379 1025 63 femme au mary, & que l’aiſné euſt droict de ſuperiorité

74 425 1025 65 ſur ſon puiſné. Il faut donc attribuer à Dieu l’origine

74 473 1026 63 de ceſt ordre & police, & non aux hommes, inſtruits par

76 520 1026 61 la neceſsité, comme d’autres veulent dire, & que le droit

75 568 1024 62 & les Princes ſoyent ordonnez ſimplement par les peu¬

76 614 1025 61 ples. Car c’eſt pluſtoſt Dieu, qui ayant premierement

72 658 1028 69 dicté la forme, a depuis inſpiré ceſte ſageſſe aux hom¬

75 707 1027 62 mes, de conoiſtre que eſgalité (qui eſt vn vray effect de

75 753 1029 67 iuſtice) n’euſtt peu eſtre gardee, ſi ceux n’euſſent eſté

76 801 1025 66 creez, qui par puiſſance & authorité rendiſſent à chaſ¬

76 850 1025 64 eun ce qui luy appartient, & empeſchaſſent qu’aucun

79 897 1023 63 ne fuſt troublé en ce qui eſtoit ſien. Dieu donc a touſ¬

77 950 1023 59 iours ordonné des hommes, comme ſes vicegerens.

77 991 1022 61 tant en offices œconomiques que ciuils, pour gouuer¬

80 1036 1024 64 ner: & quant au Roy, ſuyuant ce qui a eſté obiecté, il

80 1084 1019 64 I'auoit promis en ſon peuple des long temps, à Abra¬

75 1124 1030 68 ham meſme, & que de la race de Sarra deſcendroyent

79 1173 1024 68 des Roys, depuis que le ſceptre ſeroit en la main

82 1225 1018 63 de Iuda, & le Legiſlateur entre ſes pieds. Plus, Dieu

79 1275 1018 56 donna vne loy particuliere pour ces Roys predits &

84 1321 1018 59 promis. Dieu donc accordant vn Roy à ſon peuple, ſe

81 1364 1023 65 courrouça de la rebellion & deſfiance d’iceluy, comme

82 1410 1023 65 r’il n’euſt peu bien diſpoſer de leur eſtat ſous autre poli¬

81 1459 1025 63 ce, que ſous la royauté&& auſſi qu’ils ſe meſcontentoyent

80 1504 1027 65 de Samuel, qni s’eſtoit monſtré fidele ſeruiteur de Dieu

80 1551 1027 67 & du public. Quant aux premiers princes qu’ils alleguẽt,

80 1599 1029 64 ils ont bien eſté vicieux & inſolens, par le rapport des

80 1645 1029 65 hiſtoriens, mais Dieu n’a laiſſé d’approuuer l’eſtat, & le

79 1694 1031 62 tatifier, quand il l’a meſme inſtitué au milieu de ſon

84 1739 1025 61 peuple. Auſsi peu vaut ce qu’ils alleguent le Magiſtrat

79 1788 1027 62 auoir eu lieu ſous la Loy, & non ſous l’Euangile, car

81 1831 1024 67 Chriſt & ſes apoſtres l’ont approuué, & meſmes ont reſ¬

85 1880 1024 66 pondu deuant iceluy, y eſtans appelez par la voye de iu¬

82 1927 1022 66 ſtice. Et quant à ce qu’ils ont mettent en auant des paro¬

84 1973 1021 88 les de ſainct Paul, le ſens en eſt peruerty par eux: car il

194 89 763 61 L'ESTAT DE FRANCE.

1032 94 55 52 93

1112 1136 153 62 Gen.17.6

1116 1181 160 62 Gen.49.10

1114 1277 162 67 Deu.17.14
