<?xml version="1.0" encoding="UTF-8"?>
<alto xmlns:xsi="http://www.w3.org/2001/XMLSchema-instance"
      xmlns="http://www.loc.gov/standards/alto/ns-v4#"
      xsi:schemaLocation="http://www.loc.gov/standards/alto/ns-v4# http://www.loc.gov/standards/alto/v4/alto-4-2.xsd">
  <Description>
    <MeasurementUnit>pixel</MeasurementUnit>
    <sourceImageInformation>
      <fileName>page_00007.png</fileName>
    </sourceImageInformation>
  </Description>
  <Tags>
    <OtherTag ID="BT7" LABEL="CustomZone" DESCRIPTION="block type CustomZone"/><OtherTag ID="BT8" LABEL="DamageZone" DESCRIPTION="block type DamageZone"/><OtherTag ID="BT9" LABEL="DigitizationArtefactZone" DESCRIPTION="block type DigitizationArtefactZone"/><OtherTag ID="BT10" LABEL="DropCapitalZone" DESCRIPTION="block type DropCapitalZone"/><OtherTag ID="BT11" LABEL="GraphicZone" DESCRIPTION="block type GraphicZone"/><OtherTag ID="BT12" LABEL="MainZone" DESCRIPTION="block type MainZone"/><OtherTag ID="BT13" LABEL="MarginTextZone" DESCRIPTION="block type MarginTextZone"/><OtherTag ID="BT14" LABEL="MusicZone" DESCRIPTION="block type MusicZone"/><OtherTag ID="BT15" LABEL="NumberingZone" DESCRIPTION="block type NumberingZone"/><OtherTag ID="BT17" LABEL="QuireMarksZone" DESCRIPTION="block type QuireMarksZone"/><OtherTag ID="BT18" LABEL="RunningTitleZone" DESCRIPTION="block type RunningTitleZone"/><OtherTag ID="BT19" LABEL="SealZone" DESCRIPTION="block type SealZone"/><OtherTag ID="BT20" LABEL="StampZone" DESCRIPTION="block type StampZone"/><OtherTag ID="BT21" LABEL="TableZone" DESCRIPTION="block type TableZone"/><OtherTag ID="BT22" LABEL="TitlePageZone" DESCRIPTION="block type TitlePageZone"/><OtherTag ID="BT100006" LABEL="MainZone-Continued" DESCRIPTION="block type MainZone-Continued"/><OtherTag ID="BT100001" LABEL="MainZone-Head" DESCRIPTION="block type MainZone-Head"/><OtherTag ID="BT100005" LABEL="MainZone-P" DESCRIPTION="block type MainZone-P"/><OtherTag ID="BT100008" LABEL="MainZone-Sp" DESCRIPTION="block type MainZone-Sp"/><OtherTag ID="BT100009" LABEL="MarginTextZone-Notes" DESCRIPTION="block type MarginTextZone-Notes"/><OtherTag ID="BT100011" LABEL="MainZone-Entry" DESCRIPTION="block type MainZone-Entry"/><OtherTag ID="BT100002" LABEL="MainZone-Lg" DESCRIPTION="block type MainZone-Lg"/>
    <OtherTag ID="LT7" LABEL="CustomLine" DESCRIPTION="line type CustomLine"/><OtherTag ID="LT8" LABEL="DefaultLine" DESCRIPTION="line type DefaultLine"/><OtherTag ID="LT9" LABEL="DropCapitalLine" DESCRIPTION="line type DropCapitalLine"/><OtherTag ID="LT10" LABEL="HeadingLine" DESCRIPTION="line type HeadingLine"/><OtherTag ID="LT11" LABEL="InterlinearLine" DESCRIPTION="line type InterlinearLine"/><OtherTag ID="LT12" LABEL="MusicLine" DESCRIPTION="line type MusicLine"/><OtherTag ID="LT746" LABEL="default" DESCRIPTION="line type default"/>
  </Tags>
  <Layout>
    <Page WIDTH="1369"
          HEIGHT="2266"
          PHYSICAL_IMG_NR="6"
          ID="eSc_dummypage_">
      <PrintSpace HPOS="0"
                  VPOS="0"
                  WIDTH="1369"
                  HEIGHT="2266">
        <TextBlock HPOS="213"
                   VPOS="99"
                   WIDTH="81"
                   HEIGHT="65"
                   ID="block_1"
                   TAGREFS="BT15">
          <Shape><Polygon POINTS="294 99 294 164 213 164 213 99"/></Shape>
          <TextLine ID="line_0"
                    TAGREFS="LT8"
                    BASELINE="220 144 294 147" 
                    HPOS="219"
                    VPOS="96"
                    WIDTH="75"
                    HEIGHT="68">
            <Shape><Polygon POINTS="220 144 219 158 292 164 294 147 294 96 220 99 220 144"/></Shape>
	    <String CONTENT="86"
                    HPOS="219"
                    VPOS="96"
                    WIDTH="75"
                    HEIGHT="68"
                    WC="0.9999961853027344"></String>
          </TextLine>
        </TextBlock>
        <TextBlock HPOS="178"
                   VPOS="166"
                   WIDTH="1095"
                   HEIGHT="1837"
                   ID="block_3"
                   TAGREFS="BT100006">
          <Shape><Polygon POINTS="1266 166 1273 1993 178 2003 198 172"/></Shape>
          <TextLine ID="line_2"
                    TAGREFS="LT8"
                    BASELINE="214 206 1268 208" 
                    HPOS="214"
                    VPOS="157"
                    WIDTH="1054"
                    HEIGHT="74">
            <Shape><Polygon POINTS="214 206 214 226 356 220 386 226 403 229 404 229 405 229 415 226 430 221 486 225 505 226 506 226 516 225 545 220 552 225 557 229 559 229 560 229 561 230 666 230 666 229 691 224 714 220 800 222 800 224 809 230 811 230 812 230 813 230 850 222 862 221 940 221 944 222 954 230 955 230 957 230 958 231 1026 231 1026 230 1027 230 1028 230 1037 224 1049 230 1050 230 1051 230 1104 224 1139 230 1141 230 1142 230 1143 230 1152 222 1266 220 1268 208 1266 163 1191 158 1190 158 1188 158 1187 158 1182 163 1171 171 1125 163 1098 158 1096 158 1069 163 1027 171 987 163 960 158 959 158 918 163 894 166 881 163 861 158 860 158 858 158 857 158 856 158 848 163 838 169 809 163 789 159 788 159 716 162 715 162 714 162 712 163 702 171 507 171 498 163 489 157 488 157 487 157 486 157 484 157 483 157 473 163 464 169 448 164 426 157 425 157 282 157 280 157 279 157 256 163 234 157 232 157 231 157 230 157 214 163 214 206"/></Shape>
	    <String CONTENT="ſont remplis de courage, trouuans en fin que leur ſalut"
                    HPOS="214"
                    VPOS="157"
                    WIDTH="1054"
                    HEIGHT="74"
                    WC="0.9877378420396284"></String>
          </TextLine>
          <TextLine ID="line_3"
                    TAGREFS="LT8"
                    BASELINE="214 253 1264 255" 
                    HPOS="212"
                    VPOS="215"
                    WIDTH="1052"
                    HEIGHT="61">
            <Shape><Polygon POINTS="214 253 212 265 254 274 255 274 256 274 258 274 266 268 331 274 332 274 333 274 357 268 392 275 394 275 395 275 421 268 463 275 464 275 501 268 539 268 550 275 551 275 552 275 554 275 607 268 710 275 711 275 712 275 739 268 782 276 783 276 862 269 879 276 880 276 881 276 930 269 943 276 944 276 945 276 947 276 948 276 972 269 1207 276 1209 276 1210 276 1211 276 1221 269 1245 275 1246 275 1248 275 1249 275 1263 268 1264 255 1264 226 1232 216 1231 216 1230 216 1229 216 1211 225 1211 226 1090 226 1085 225 1041 216 1040 216 1039 216 1020 224 1017 225 1015 224 994 216 993 216 992 216 991 216 968 224 963 225 957 224 930 216 929 216 861 216 860 216 858 216 857 216 848 222 845 225 764 225 758 222 739 216 738 216 736 216 735 216 726 221 716 215 715 215 714 215 712 215 711 215 692 221 685 224 652 221 602 217 600 217 549 220 515 222 503 220 482 215 481 215 479 215 457 220 438 224 214 219 214 253"/></Shape>
	    <String CONTENT="eſt de n’en eſperer point du tout. Il ſeroit donc requis,"
                    HPOS="212"
                    VPOS="215"
                    WIDTH="1052"
                    HEIGHT="61"
                    WC="0.9892567458905672"></String>
          </TextLine>
          <TextLine ID="line_4"
                    TAGREFS="LT8"
                    BASELINE="216 303 1264 300" 
                    HPOS="215"
                    VPOS="265"
                    WIDTH="1049"
                    HEIGHT="58">
            <Shape><Polygon POINTS="216 303 216 323 268 315 307 322 308 322 355 315 503 315 512 321 513 322 515 322 516 322 517 322 555 321 646 315 653 319 658 322 659 322 661 322 698 319 750 314 759 318 765 321 766 321 768 322 841 322 841 321 842 321 843 321 847 317 852 314 869 317 889 321 890 321 929 317 953 314 1025 315 1246 321 1248 321 1249 321 1264 313 1264 300 1261 273 957 265 955 265 954 265 953 265 944 271 924 265 923 265 921 265 920 265 897 271 852 265 851 265 850 265 826 273 618 273 588 266 586 266 536 273 487 266 486 266 484 266 483 266 474 273 442 266 440 266 382 273 328 266 327 266 278 273 226 266 225 266 224 266 222 266 215 271 216 303"/></Shape>
	    <String CONTENT="pour paruenir à vne bonne concorde ( deſeſperee en ce"
                    HPOS="215"
                    VPOS="265"
                    WIDTH="1049"
                    HEIGHT="58"
                    WC="0.9897222187783983"></String>
          </TextLine>
          <TextLine ID="line_5"
                    TAGREFS="LT8"
                    BASELINE="215 346 1263 348" 
                    HPOS="214"
                    VPOS="309"
                    WIDTH="1049"
                    HEIGHT="59">
            <Shape><Polygon POINTS="215 346 214 361 544 367 545 367 591 361 605 360 608 361 615 367 617 367 618 367 619 368 692 368 692 367 693 367 706 361 715 361 826 368 827 368 870 361 872 361 875 361 940 368 942 368 1022 361 1023 361 1025 361 1056 368 1057 368 1059 368 1060 368 1075 361 1076 361 1261 361 1263 348 1261 319 1215 310 1214 310 1176 318 1175 318 1173 318 1148 310 1147 310 1146 310 1086 317 1078 310 1076 310 1075 310 993 310 992 310 957 317 948 319 877 319 871 317 855 310 853 310 852 310 792 315 764 318 756 315 739 309 738 309 736 309 705 315 696 317 690 315 675 310 673 310 672 310 633 315 614 317 610 314 603 309 602 309 600 309 599 309 598 309 576 314 565 317 542 314 498 309 497 309 496 309 479 314 469 317 448 314 416 309 415 309 414 309 400 313 389 317 215 313 215 346"/></Shape>
	    <String CONTENT="temps au ſens humain) que les princes vſaſſent de cle¬"
                    HPOS="214"
                    VPOS="309"
                    WIDTH="1049"
                    HEIGHT="59"
                    WC="0.9821896762759598"></String>
          </TextLine>
          <TextLine ID="line_6"
                    TAGREFS="LT8"
                    BASELINE="215 395 1264 395" 
                    HPOS="215"
                    VPOS="358"
                    WIDTH="1049"
                    HEIGHT="59">
            <Shape><Polygon POINTS="215 395 215 412 327 409 362 414 385 416 386 416 387 416 389 416 392 414 399 409 472 409 507 414 527 416 528 416 530 416 536 414 546 410 561 414 571 416 573 416 574 416 575 416 583 414 594 410 682 414 736 416 738 416 739 416 745 414 763 409 787 414 797 416 798 416 811 414 835 410 891 415 918 416 919 416 920 416 921 416 923 415 933 409 991 409 1030 415 1042 416 1044 416 1045 416 1046 416 1047 415 1057 409 1067 415 1069 416 1070 416 1071 416 1073 417 1197 417 1197 416 1207 415 1245 409 1260 415 1264 395 1264 367 1235 358 1234 358 1232 358 1231 358 1215 367 1180 367 1139 367 1139 366 1122 358 1120 358 1062 358 1061 358 1060 358 1042 366 1042 367 984 367 983 366 972 358 971 358 969 358 968 358 861 365 828 358 827 358 826 358 824 358 814 366 799 358 798 358 797 358 735 366 725 367 608 367 602 365 571 358 570 358 527 365 526 365 511 358 510 358 508 358 215 363 215 395"/></Shape>
	    <String CONTENT="mence, monſtrans l’amour qu’ils doyuent au public, puis"
                    HPOS="215"
                    VPOS="358"
                    WIDTH="1049"
                    HEIGHT="59"
                    WC="0.9948284192518755"></String>
          </TextLine>
          <TextLine ID="line_7"
                    TAGREFS="LT8"
                    BASELINE="217 441 1258 439" 
                    HPOS="216"
                    VPOS="401"
                    WIDTH="1042"
                    HEIGHT="61">
            <Shape><Polygon POINTS="217 441 217 454 370 454 371 454 384 460 385 460 386 460 387 460 404 455 411 453 431 455 487 462 488 462 489 462 502 455 506 454 523 455 568 460 569 460 637 456 702 453 712 456 720 460 721 460 722 460 745 458 777 453 795 458 806 460 807 460 808 460 861 458 993 451 1022 459 1027 460 1028 460 1030 462 1256 462 1258 439 1255 412 1202 405 1201 405 1164 411 1148 404 1147 404 1146 404 1144 404 1127 412 1060 412 1049 405 1047 405 1046 405 1045 405 1044 405 1022 411 1007 401 1006 401 1005 401 1003 401 1002 401 973 411 950 401 949 401 948 401 947 401 945 401 930 411 867 404 866 404 812 411 744 401 743 401 741 401 740 401 740 402 730 410 687 402 686 402 685 402 683 402 667 412 583 404 581 404 580 404 561 414 482 414 458 402 457 402 392 402 391 402 390 402 360 412 335 402 333 402 251 402 250 402 249 402 216 414 217 441"/></Shape>
	    <String CONTENT="vſaſſent de leur authorité à faire valoir les loix, qui con¬"
                    HPOS="216"
                    VPOS="401"
                    WIDTH="1042"
                    HEIGHT="61"
                    WC="0.995929971818001"></String>
          </TextLine>
          <TextLine ID="line_8"
                    TAGREFS="LT8"
                    BASELINE="210 488 1256 488" 
                    HPOS="210"
                    VPOS="449"
                    WIDTH="1046"
                    HEIGHT="60">
            <Shape><Polygon POINTS="210 488 210 502 246 509 248 509 321 503 328 503 335 503 381 509 382 509 384 509 399 504 401 503 419 504 497 509 498 509 539 504 555 503 562 504 579 509 580 509 581 509 583 509 595 506 602 503 829 503 836 507 838 509 840 509 841 509 842 509 954 508 1216 503 1255 509 1256 488 1256 459 1185 449 1183 449 1144 458 1139 459 1016 459 1012 456 1003 449 1002 449 1001 449 999 449 923 455 889 458 882 455 875 449 874 449 872 449 836 449 835 449 833 449 823 454 817 458 765 454 720 450 719 450 673 453 632 455 624 453 617 449 615 449 614 449 613 449 607 453 596 458 588 451 584 449 583 449 581 449 497 449 496 449 482 451 442 458 377 450 365 449 363 449 362 449 360 450 342 459 272 459 210 449 210 488"/></Shape>
	    <String CONTENT="ſeruent à leurs ſuiets la iuſtice &amp; liberté, à eux meſmes"
                    HPOS="210"
                    VPOS="449"
                    WIDTH="1046"
                    HEIGHT="60"
                    WC="0.9833897739648819"></String>
          </TextLine>
          <TextLine ID="line_9"
                    TAGREFS="LT8"
                    BASELINE="210 533 1260 536" 
                    HPOS="209"
                    VPOS="496"
                    WIDTH="1051"
                    HEIGHT="61">
            <Shape><Polygon POINTS="209 546 254 555 255 556 385 556 385 555 386 555 404 547 406 547 415 547 468 553 469 553 530 548 549 547 551 548 560 555 561 555 562 555 564 555 599 548 612 547 647 550 750 556 751 556 753 556 777 550 784 548 792 550 816 556 817 556 818 557 887 557 887 556 889 556 900 551 905 548 911 551 928 556 929 556 930 556 957 551 971 548 979 551 994 556 996 556 997 556 1033 551 1060 548 1125 548 1134 552 1144 556 1146 556 1147 556 1180 552 1214 548 1258 552 1260 536 1259 503 1198 498 1197 498 1196 498 1182 502 1163 507 1138 502 1119 498 1118 498 1117 498 1105 502 1088 507 1079 502 1076 499 1075 499 1074 499 1073 499 1071 499 1065 501 1051 506 1027 501 1012 498 1011 498 1010 498 1008 498 1006 501 996 507 828 502 827 502 826 502 813 507 798 499 797 499 743 498 741 498 736 499 706 507 593 507 562 498 559 497 557 497 556 497 555 497 554 497 554 498 541 507 487 507 460 497 459 497 458 497 457 497 455 497 454 497 435 507 375 507 362 497 361 497 360 497 355 497 311 497 309 497 308 497 307 497 292 507 244 507 211 496 210 533 209 546"/></Shape>
	    <String CONTENT="la puiſſance. Lors ils reconoiſtroyent que ceux ſont les"
                    HPOS="209"
                    VPOS="496"
                    WIDTH="1051"
                    HEIGHT="61"
                    WC="0.9834363875644547"></String>
          </TextLine>
          <TextLine ID="line_10"
                    TAGREFS="LT8"
                    BASELINE="211 584 1258 581" 
                    HPOS="210"
                    VPOS="542"
                    WIDTH="1048"
                    HEIGHT="64">
            <Shape><Polygon POINTS="211 584 211 601 356 596 382 601 405 605 595 606 596 606 598 606 617 600 627 596 667 596 678 599 702 606 704 606 705 606 706 606 725 599 736 595 751 599 770 604 772 604 773 604 774 604 785 599 793 595 799 599 808 605 809 605 811 605 812 606 858 606 858 605 860 605 861 605 871 599 879 595 940 597 1013 601 1015 601 1037 597 1051 595 1055 597 1070 605 1071 605 1073 605 1154 597 1170 605 1171 605 1172 605 1230 597 1240 605 1241 605 1243 605 1244 605 1245 605 1246 605 1258 597 1258 581 1255 548 1080 542 1079 542 1078 542 1061 548 1057 551 1001 551 994 548 968 542 967 542 965 542 964 542 963 542 952 548 949 551 809 551 804 550 765 542 764 542 763 542 745 550 744 550 731 550 583 543 581 543 528 551 522 551 521 551 512 543 511 543 510 543 450 543 449 543 448 543 447 543 437 551 435 552 396 552 391 551 335 543 333 543 332 543 331 543 319 551 318 552 210 552 211 584"/></Shape>
	    <String CONTENT="perturbateurs du public, qui eſloignent leur volonté de"
                    HPOS="210"
                    VPOS="542"
                    WIDTH="1048"
                    HEIGHT="64"
                    WC="0.9973411698426519"></String>
          </TextLine>
          <TextLine ID="line_11"
                    TAGREFS="LT8"
                    BASELINE="210 629 1254 629" 
                    HPOS="210"
                    VPOS="596"
                    WIDTH="1044"
                    HEIGHT="52">
            <Shape><Polygon POINTS="210 629 210 644 1253 648 1254 629 1254 606 1149 606 1113 596 1095 606 1033 597 1017 606 1003 596 913 596 817 606 789 596 766 606 677 606 657 596 636 606 425 606 376 596 335 606 319 596 265 596 248 606 210 606 210 629"/></Shape>
	    <String CONTENT="ce ſalutaire entretenemẽt auec les peuples à eux donnez"
                    HPOS="210"
                    VPOS="596"
                    WIDTH="1044"
                    HEIGHT="52"
                    WC="0.9901811417780424"></String>
          </TextLine>
          <TextLine ID="line_12"
                    TAGREFS="LT8"
                    BASELINE="209 676 1256 673" 
                    HPOS="207"
                    VPOS="636"
                    WIDTH="1049"
                    HEIGHT="63">
            <Shape><Polygon POINTS="209 676 209 691 394 691 397 691 421 698 423 698 424 698 498 691 506 691 510 691 539 698 540 698 541 698 607 691 612 691 613 691 633 698 634 698 636 699 716 699 716 698 717 698 741 691 749 697 750 697 751 697 753 698 840 698 840 697 841 697 842 697 852 691 853 691 882 697 884 697 918 691 925 689 931 691 960 696 962 696 1051 691 1054 691 1055 691 1089 697 1090 697 1091 697 1115 691 1123 697 1124 697 1125 697 1127 698 1185 698 1185 697 1186 697 1187 697 1196 691 1255 691 1256 673 1254 643 1175 636 1173 636 1172 636 1151 642 1139 645 1018 645 1012 642 1002 636 1001 636 957 636 955 636 954 636 942 642 931 644 899 642 866 638 865 638 845 640 823 644 798 640 768 636 766 636 765 636 764 636 759 640 754 644 730 640 711 638 710 638 709 638 707 638 704 640 695 647 636 647 624 640 619 638 618 638 617 638 615 638 610 640 599 647 518 647 492 639 483 638 482 638 471 639 438 645 416 639 411 638 410 638 409 638 408 638 406 638 405 639 395 647 326 647 284 639 275 638 274 638 273 638 272 638 270 639 259 645 207 639 209 676"/></Shape>
	    <String CONTENT="de Dieu. Car la grandeur des Roys, conſiſte en vn thre¬"
                    HPOS="207"
                    VPOS="636"
                    WIDTH="1049"
                    HEIGHT="63"
                    WC="0.9779209743846546"></String>
          </TextLine>
          <TextLine ID="line_13"
                    TAGREFS="LT8"
                    BASELINE="207 722 1256 720" 
                    HPOS="206"
                    VPOS="683"
                    WIDTH="1050"
                    HEIGHT="61">
            <Shape><Polygon POINTS="207 722 207 737 308 736 317 738 333 744 335 744 336 744 337 744 347 738 353 736 380 738 428 744 429 744 450 738 464 736 503 740 555 744 556 744 557 744 570 740 581 736 609 740 639 744 641 744 642 744 649 740 658 736 687 740 715 744 716 744 717 744 726 740 740 735 785 735 795 741 798 742 799 742 800 742 802 742 803 742 811 741 833 735 1025 735 1055 741 1060 742 1061 744 1224 744 1224 742 1225 742 1226 742 1238 735 1253 742 1256 720 1253 692 1222 692 1220 691 1210 683 1209 683 1207 683 1206 683 1205 683 1181 691 1176 693 1071 693 1062 689 1044 684 1042 684 1041 684 1040 684 1039 684 1032 689 1021 683 1020 683 928 683 926 683 925 683 924 683 916 689 914 691 909 689 894 683 892 683 891 683 890 683 889 683 880 688 875 692 865 688 850 683 848 683 847 683 846 683 831 688 819 693 619 693 594 687 585 684 584 684 583 684 581 684 576 687 561 694 512 694 498 686 494 684 493 684 434 684 433 684 431 684 429 686 409 694 321 694 308 684 307 684 306 684 304 684 302 684 266 692 206 684 207 722"/></Shape>
	    <String CONTENT="ſor d’vne multitude de cœurs acquis, &amp; la mõnoye par la¬"
                    HPOS="206"
                    VPOS="683"
                    WIDTH="1050"
                    HEIGHT="61"
                    WC="0.9963154876441286"></String>
          </TextLine>
          <TextLine ID="line_14"
                    TAGREFS="LT8"
                    BASELINE="209 769 1254 769" 
                    HPOS="209"
                    VPOS="732"
                    WIDTH="1045"
                    HEIGHT="59">
            <Shape><Polygon POINTS="209 769 209 790 263 784 272 790 273 790 274 790 275 790 278 790 318 784 361 790 369 790 370 791 459 791 459 790 460 790 462 790 463 789 471 784 584 784 590 788 593 790 594 790 595 790 596 790 659 788 743 784 853 786 1037 790 1039 790 1040 790 1041 790 1049 785 1051 784 1118 784 1123 784 1156 790 1157 790 1254 783 1254 769 1254 741 1214 733 1212 733 1045 740 987 732 986 732 984 732 955 740 930 732 929 732 928 732 926 732 901 738 824 732 823 732 822 732 821 732 811 740 799 732 798 732 797 732 759 732 758 732 709 740 678 732 677 732 676 732 675 732 659 740 530 740 516 733 515 733 513 733 512 733 487 740 462 732 460 732 459 732 458 732 457 732 444 741 389 741 347 732 346 732 345 732 314 740 284 732 283 732 282 732 280 732 279 732 268 741 209 741 209 769"/></Shape>
	    <String CONTENT="quelle ſe payẽt ces acqueſts, eſt debõnaireté &amp; clemence,"
                    HPOS="209"
                    VPOS="732"
                    WIDTH="1045"
                    HEIGHT="59"
                    WC="0.9902948290109634"></String>
          </TextLine>
          <TextLine ID="line_15"
                    TAGREFS="LT8"
                    BASELINE="210 813 1254 817" 
                    HPOS="209"
                    VPOS="775"
                    WIDTH="1045"
                    HEIGHT="65">
            <Shape><Polygon POINTS="210 813 209 827 273 828 285 838 287 838 288 838 289 838 491 830 554 829 565 832 590 839 591 839 593 839 644 833 668 830 680 833 697 839 698 839 700 839 798 835 904 830 921 837 929 839 930 839 931 839 933 839 943 837 958 833 964 837 969 840 971 840 972 840 973 840 1079 839 1084 839 1118 832 1175 840 1182 840 1183 840 1185 840 1187 840 1214 832 1251 840 1254 817 1253 786 1217 786 1207 777 1206 777 1205 777 1204 777 1137 785 1073 777 1071 777 1070 777 1046 786 1036 790 955 790 942 786 906 776 905 776 904 776 846 783 832 776 831 776 744 776 743 776 741 776 717 786 712 789 561 789 551 786 507 775 506 775 505 775 503 775 489 786 487 788 440 788 438 786 423 775 421 775 420 775 419 775 418 775 390 786 387 786 382 786 343 777 342 777 341 777 326 786 323 786 210 786 210 813"/></Shape>
	    <String CONTENT="vertus les plus ſeantes au poſſeſſeur d’vn grand Empire."
                    HPOS="209"
                    VPOS="775"
                    WIDTH="1045"
                    HEIGHT="65"
                    WC="0.9889816631163869"></String>
          </TextLine>
          <TextLine ID="line_16"
                    TAGREFS="LT8"
                    BASELINE="206 862 1255 862" 
                    HPOS="206"
                    VPOS="825"
                    WIDTH="1049"
                    HEIGHT="61">
            <Shape><Polygon POINTS="206 862 206 874 244 884 245 884 306 876 403 876 413 884 414 884 415 884 416 884 476 876 526 884 527 884 564 877 643 884 644 884 646 884 672 876 727 884 729 884 798 876 1002 876 1020 884 1021 884 1022 886 1067 886 1067 884 1069 884 1094 876 1206 884 1207 884 1254 874 1255 862 1253 833 945 833 931 830 910 825 909 825 908 825 894 829 887 832 884 829 875 825 874 825 792 825 790 825 789 825 782 829 773 834 667 834 658 828 654 825 653 825 652 825 651 825 633 828 600 833 578 828 569 825 568 825 566 825 552 827 522 832 481 827 465 825 464 825 463 825 458 827 433 834 307 834 285 825 284 825 206 825 206 862"/></Shape>
	    <String CONTENT="Mais ceux qui conſtituent leur felicité en vengeance, pe¬"
                    HPOS="206"
                    VPOS="825"
                    WIDTH="1049"
                    HEIGHT="61"
                    WC="0.9833078363846088"></String>
          </TextLine>
          <TextLine ID="line_17"
                    TAGREFS="LT8"
                    BASELINE="206 910 1255 910" 
                    HPOS="206"
                    VPOS="871"
                    WIDTH="1049"
                    HEIGHT="55">
            <Shape><Polygon POINTS="206 910 206 926 1254 925 1255 910 1254 882 1191 882 1175 871 1173 871 1172 871 1171 871 992 881 945 871 944 871 943 871 942 871 926 882 897 882 856 871 855 871 777 871 775 871 774 871 734 881 676 871 675 871 673 871 652 882 604 882 565 871 564 871 562 871 478 881 452 871 450 871 449 871 448 871 425 881 413 871 411 871 410 871 369 871 367 871 366 871 326 881 301 872 299 872 298 872 297 872 273 879 240 871 239 871 238 871 236 871 206 881 206 910"/></Shape>
	    <String CONTENT="riront pluſtoſt que d’en eſtre raſſaſiez. Or couſtumiere¬"
                    HPOS="206"
                    VPOS="871"
                    WIDTH="1049"
                    HEIGHT="55"
                    WC="0.9948173039837888"></String>
          </TextLine>
          <TextLine ID="line_18"
                    TAGREFS="LT8"
                    BASELINE="206 956 1251 954" 
                    HPOS="205"
                    VPOS="918"
                    WIDTH="1046"
                    HEIGHT="57">
            <Shape><Polygon POINTS="206 956 206 970 424 969 435 971 448 975 449 975 450 975 482 971 510 969 516 971 523 975 525 975 526 975 571 973 620 969 680 973 726 975 727 975 745 973 779 968 848 973 865 974 866 974 885 973 972 968 982 974 983 974 984 974 986 975 1090 975 1090 974 1095 974 1168 968 1178 974 1180 974 1181 974 1182 975 1250 975 1251 954 1249 927 1075 927 1052 918 1051 918 1050 918 948 925 906 918 905 918 904 918 903 918 892 926 866 920 865 920 863 920 862 920 847 926 829 920 828 920 827 920 761 926 739 920 738 920 736 920 735 920 719 927 690 921 688 921 687 921 675 927 653 920 652 920 651 920 609 926 600 920 599 920 598 920 525 920 523 920 522 920 521 920 508 929 471 929 428 920 426 920 357 927 326 920 324 920 323 920 322 920 321 920 312 927 205 929 206 956"/></Shape>
	    <String CONTENT="ment la meſure de la faute paruient à telle hauteur que"
                    HPOS="205"
                    VPOS="918"
                    WIDTH="1046"
                    HEIGHT="57"
                    WC="0.9984933393342155"></String>
          </TextLine>
          <TextLine ID="line_19"
                    TAGREFS="LT8"
                    BASELINE="205 1003 1253 1003" 
                    HPOS="205"
                    VPOS="966"
                    WIDTH="1048"
                    HEIGHT="59">
            <Shape><Polygon POINTS="205 1003 205 1017 285 1017 297 1024 298 1024 299 1024 301 1025 513 1025 513 1024 554 1017 557 1017 561 1017 598 1024 599 1024 666 1018 716 1024 717 1024 719 1024 732 1018 734 1017 803 1017 803 1018 812 1024 813 1024 814 1024 816 1024 817 1024 838 1018 843 1017 926 1017 928 1018 938 1024 939 1024 940 1024 942 1024 943 1024 957 1018 959 1017 988 1017 991 1018 998 1024 999 1024 1001 1024 1002 1024 1036 1018 1045 1017 1051 1018 1070 1024 1071 1024 1073 1024 1253 1018 1253 1003 1251 966 205 969 205 1003"/></Shape>
	    <String CONTENT="celuy qui eſt offenſé ſe l’eſt perſuadé: mais tant plus il ſe"
                    HPOS="205"
                    VPOS="966"
                    WIDTH="1048"
                    HEIGHT="59"
                    WC="0.9927293998854501"></String>
          </TextLine>
          <TextLine ID="line_20"
                    TAGREFS="LT8"
                    BASELINE="206 1048 1251 1052" 
                    HPOS="205"
                    VPOS="1008"
                    WIDTH="1046"
                    HEIGHT="63">
            <Shape><Polygon POINTS="205 1062 731 1070 732 1070 734 1070 735 1070 743 1065 746 1062 899 1062 948 1065 1061 1071 1062 1071 1064 1071 1076 1065 1080 1063 1249 1065 1251 1052 1251 1018 1243 1012 1241 1012 1240 1012 1191 1012 1190 1012 1188 1012 1168 1019 1158 1022 1142 1018 1115 1013 1114 1013 1113 1013 1094 1018 1083 1020 1079 1018 1070 1012 1069 1012 1067 1012 1066 1012 1031 1017 1021 1018 1003 1017 947 1012 945 1012 944 1012 931 1015 915 1022 897 1015 884 1010 882 1010 842 1010 841 1010 840 1010 838 1010 833 1014 829 1018 817 1014 802 1010 800 1010 799 1010 798 1010 789 1014 775 1020 719 1014 717 1014 580 1020 568 1012 566 1012 565 1012 564 1012 560 1012 513 1019 489 1010 484 1009 483 1009 482 1009 481 1009 476 1010 450 1020 306 1020 284 1009 283 1009 282 1009 280 1009 243 1019 207 1008 206 1048 205 1062"/></Shape>
	    <String CONTENT="la figure grande, &amp; tant plus eſt il louable d’humanité,"
                    HPOS="205"
                    VPOS="1008"
                    WIDTH="1046"
                    HEIGHT="63"
                    WC="0.9991120863379094"></String>
          </TextLine>
          <TextLine ID="line_21"
                    TAGREFS="LT8"
                    BASELINE="209 1097 1250 1097" 
                    HPOS="209"
                    VPOS="1059"
                    WIDTH="1041"
                    HEIGHT="58">
            <Shape><Polygon POINTS="209 1097 209 1117 261 1111 365 1117 385 1117 386 1117 401 1116 460 1111 473 1116 477 1117 478 1117 479 1117 579 1115 738 1111 750 1114 764 1117 765 1117 766 1117 806 1114 829 1111 843 1114 869 1117 870 1117 935 1112 958 1111 989 1112 1120 1117 1122 1117 1178 1111 1232 1117 1234 1117 1235 1117 1250 1110 1250 1097 1249 1067 1206 1059 1205 1059 1172 1066 1133 1059 1074 1059 1073 1059 1071 1059 1070 1059 1062 1066 1061 1067 960 1067 959 1066 952 1059 950 1059 949 1059 948 1059 910 1066 906 1066 903 1066 876 1059 779 1059 778 1059 777 1059 764 1066 763 1067 652 1067 648 1065 633 1059 632 1059 630 1059 602 1065 594 1067 510 1067 506 1065 496 1059 494 1059 493 1059 459 1065 448 1067 396 1067 394 1065 387 1059 386 1059 385 1059 384 1059 209 1063 209 1097"/></Shape>
	    <String CONTENT="quand il ſcait bien pardonner: &amp; le ſuppliant tant plus ſon"
                    HPOS="209"
                    VPOS="1059"
                    WIDTH="1041"
                    HEIGHT="58"
                    WC="0.9974247247485791"></String>
          </TextLine>
          <TextLine ID="line_22"
                    TAGREFS="LT8"
                    BASELINE="207 1143 1250 1140" 
                    HPOS="206"
                    VPOS="1102"
                    WIDTH="1044"
                    HEIGHT="64">
            <Shape><Polygon POINTS="207 1143 207 1158 287 1158 288 1158 302 1165 303 1165 304 1165 306 1165 323 1158 324 1158 385 1158 387 1158 399 1165 400 1165 401 1165 403 1166 455 1166 455 1165 489 1158 492 1158 680 1158 716 1165 717 1165 719 1165 720 1165 730 1156 731 1156 735 1156 769 1164 770 1165 865 1165 865 1164 866 1164 867 1164 876 1158 923 1164 924 1164 925 1164 939 1156 940 1156 944 1156 1001 1164 1002 1164 1095 1163 1096 1163 1108 1156 1120 1164 1122 1164 1123 1164 1124 1165 1193 1165 1193 1164 1249 1155 1250 1140 1249 1112 1219 1102 1217 1102 1216 1102 1215 1102 1191 1112 1069 1112 1041 1102 1040 1102 1039 1102 1037 1102 1036 1102 1025 1111 976 1111 955 1102 954 1102 953 1102 952 1102 934 1112 880 1112 865 1102 863 1102 862 1102 829 1102 828 1102 784 1111 729 1102 727 1102 726 1102 700 1111 642 1104 641 1104 591 1112 571 1105 570 1105 569 1105 568 1105 550 1111 523 1104 522 1104 521 1104 520 1104 503 1112 459 1106 458 1106 405 1112 346 1104 345 1104 343 1104 342 1104 329 1114 292 1114 256 1104 255 1104 254 1104 206 1114 207 1143"/></Shape>
	    <String CONTENT="rede uable, quand il void ſa ſubmiſſion eſtre allouee pour"
                    HPOS="206"
                    VPOS="1102"
                    WIDTH="1044"
                    HEIGHT="64"
                    WC="0.9973595049874536"></String>
          </TextLine>
          <TextLine ID="line_23"
                    TAGREFS="LT8"
                    BASELINE="207 1188 1254 1190" 
                    HPOS="206"
                    VPOS="1153"
                    WIDTH="1048"
                    HEIGHT="60">
            <Shape><Polygon POINTS="207 1188 206 1209 381 1211 382 1211 384 1211 389 1209 413 1202 439 1208 440 1208 442 1208 497 1202 516 1208 518 1209 520 1209 521 1209 522 1209 523 1209 525 1208 535 1203 642 1208 658 1208 659 1208 668 1208 730 1202 743 1207 753 1212 754 1212 755 1213 804 1213 804 1212 806 1212 807 1212 814 1207 821 1203 829 1207 842 1212 843 1212 845 1212 871 1207 885 1204 891 1207 905 1212 906 1212 908 1212 940 1207 963 1203 997 1206 1055 1212 1056 1212 1253 1204 1254 1190 1253 1163 1057 1155 1056 1155 1015 1161 1012 1161 1002 1154 1001 1154 999 1154 998 1154 896 1161 885 1161 831 1161 819 1161 811 1154 809 1154 808 1154 807 1154 653 1160 651 1160 629 1153 628 1153 525 1153 523 1153 522 1153 521 1153 512 1160 503 1153 502 1153 501 1153 499 1153 498 1153 471 1160 468 1160 207 1160 207 1188"/></Shape>
	    <String CONTENT="vengeance &amp; ſatiſfaction. Mais quoy? le temps veut"
                    HPOS="206"
                    VPOS="1153"
                    WIDTH="1048"
                    HEIGHT="60"
                    WC="0.9885308372974396"></String>
          </TextLine>
          <TextLine ID="line_24"
                    TAGREFS="LT8"
                    BASELINE="206 1234 1251 1237" 
                    HPOS="206"
                    VPOS="1198"
                    WIDTH="1045"
                    HEIGHT="57">
            <Shape><Polygon POINTS="206 1234 206 1255 1250 1255 1251 1237 1250 1204 1181 1199 1180 1199 1178 1199 1167 1204 1158 1208 1093 1208 1032 1204 940 1199 939 1199 938 1199 920 1204 909 1207 899 1204 880 1199 879 1199 877 1199 876 1199 860 1204 851 1207 847 1204 840 1199 838 1199 837 1199 836 1199 802 1204 783 1207 768 1204 741 1199 740 1199 739 1199 738 1199 731 1204 729 1207 725 1204 717 1198 716 1198 715 1198 661 1198 659 1198 658 1198 657 1198 647 1204 643 1207 552 1207 549 1204 539 1199 537 1199 536 1199 535 1199 523 1204 521 1206 508 1204 452 1198 450 1198 449 1198 448 1198 440 1204 438 1207 409 1207 397 1204 345 1198 343 1198 342 1198 341 1198 332 1204 329 1206 206 1206 206 1234"/></Shape>
	    <String CONTENT="que les ſuiets s’appuyent ſur leur droit &amp; innocence plus"
                    HPOS="206"
                    VPOS="1198"
                    WIDTH="1045"
                    HEIGHT="57"
                    WC="0.9798569752458941"></String>
          </TextLine>
          <TextLine ID="line_25"
                    TAGREFS="LT8"
                    BASELINE="207 1284 1251 1281" 
                    HPOS="206"
                    VPOS="1246"
                    WIDTH="1045"
                    HEIGHT="58">
            <Shape><Polygon POINTS="207 1284 207 1297 381 1304 382 1304 439 1297 443 1297 448 1297 501 1304 502 1304 633 1297 634 1297 668 1304 670 1304 671 1304 692 1297 727 1304 729 1304 774 1296 779 1296 784 1296 821 1302 822 1302 851 1296 853 1296 857 1296 905 1302 906 1302 976 1296 979 1296 991 1296 1230 1302 1231 1302 1232 1302 1251 1295 1251 1281 1250 1253 1225 1246 1224 1246 1222 1246 1182 1252 1181 1252 1177 1252 974 1246 973 1246 972 1246 971 1246 963 1252 962 1253 861 1253 843 1251 792 1246 790 1246 753 1251 726 1253 687 1250 649 1247 648 1247 623 1250 591 1253 579 1250 570 1247 569 1247 568 1247 555 1250 536 1253 206 1248 207 1284"/></Shape>
	    <String CONTENT="toſt que ſur la pieté de leurs princes, perſuadez par flæ¬"
                    HPOS="206"
                    VPOS="1246"
                    WIDTH="1045"
                    HEIGHT="58"
                    WC="0.9939291073104083"></String>
          </TextLine>
          <TextLine ID="line_26"
                    TAGREFS="LT8"
                    BASELINE="205 1329 1249 1329" 
                    HPOS="205"
                    VPOS="1292"
                    WIDTH="1044"
                    HEIGHT="58">
            <Shape><Polygon POINTS="205 1329 205 1344 1052 1350 1054 1350 1120 1344 1122 1344 1176 1350 1177 1350 1249 1343 1249 1329 1249 1300 1191 1292 1190 1292 1142 1299 1130 1300 1117 1299 1062 1292 1028 1292 1027 1292 1026 1292 1025 1292 1018 1299 1015 1301 914 1301 910 1297 903 1292 901 1292 900 1292 899 1292 832 1297 793 1300 749 1297 704 1294 702 1294 675 1296 646 1300 639 1296 634 1292 633 1292 632 1292 630 1292 598 1296 565 1301 468 1301 459 1295 454 1292 453 1292 452 1292 450 1292 449 1292 438 1295 420 1300 379 1295 353 1292 317 1292 316 1292 314 1292 313 1292 311 1295 303 1300 205 1295 205 1329"/></Shape>
	    <String CONTENT="teurs à toute mauuaiſe opinion &amp; deſfiance. Pour m’en¬"
                    HPOS="205"
                    VPOS="1292"
                    WIDTH="1044"
                    HEIGHT="58"
                    WC="0.9904627117243681"></String>
          </TextLine>
          <TextLine ID="line_27"
                    TAGREFS="LT8"
                    BASELINE="204 1375 1248 1378" 
                    HPOS="202"
                    VPOS="1335"
                    WIDTH="1046"
                    HEIGHT="64">
            <Shape><Polygon POINTS="204 1375 202 1396 288 1397 289 1397 290 1397 293 1396 308 1389 397 1396 408 1396 409 1396 421 1396 525 1389 537 1394 541 1397 542 1397 544 1397 556 1394 585 1389 627 1394 647 1397 648 1397 685 1394 722 1392 738 1394 761 1398 763 1399 880 1399 880 1398 881 1398 891 1393 896 1392 903 1393 920 1398 921 1398 923 1398 924 1398 925 1398 931 1393 935 1391 955 1393 989 1398 991 1398 992 1398 1012 1393 1023 1391 1195 1391 1204 1392 1225 1398 1226 1398 1227 1398 1229 1398 1246 1392 1248 1378 1244 1343 1226 1347 1207 1341 1187 1338 1186 1338 1185 1338 1170 1341 1152 1347 1122 1341 1098 1338 1096 1338 1095 1338 1081 1341 1060 1347 992 1340 958 1338 957 1338 955 1338 950 1340 938 1348 881 1348 865 1339 860 1338 858 1338 857 1338 847 1339 812 1347 782 1339 777 1338 775 1338 774 1338 766 1339 725 1347 653 1338 637 1336 636 1336 627 1338 588 1345 541 1338 535 1336 533 1336 520 1336 401 1345 370 1336 369 1336 367 1336 366 1336 348 1347 274 1347 204 1335 204 1375"/></Shape>
	    <String CONTENT="ſeigner donc &amp; reſouldre moymeſmes le premier, i’ay"
                    HPOS="202"
                    VPOS="1335"
                    WIDTH="1046"
                    HEIGHT="64"
                    WC="0.998739759127299"></String>
          </TextLine>
          <TextLine ID="line_28"
                    TAGREFS="LT8"
                    BASELINE="200 1425 1249 1421" 
                    HPOS="198"
                    VPOS="1384"
                    WIDTH="1051"
                    HEIGHT="63">
            <Shape><Polygon POINTS="200 1425 200 1445 510 1440 525 1442 547 1447 549 1447 550 1447 570 1442 581 1440 610 1442 661 1446 662 1446 710 1441 735 1438 740 1441 746 1446 748 1446 749 1446 750 1447 894 1447 894 1446 895 1446 896 1446 896 1445 904 1440 905 1437 910 1440 923 1445 924 1445 925 1445 1005 1438 1027 1437 1057 1438 1206 1445 1207 1445 1248 1436 1249 1421 1246 1392 1178 1384 1177 1384 1176 1384 1161 1392 1158 1393 770 1393 766 1392 759 1386 758 1386 756 1386 755 1386 754 1386 739 1392 732 1393 725 1392 705 1386 704 1386 637 1386 636 1386 634 1386 623 1392 618 1393 602 1392 559 1386 557 1386 531 1392 526 1392 511 1392 448 1387 447 1387 445 1387 437 1392 430 1394 405 1392 370 1387 369 1387 198 1391 200 1425"/></Shape>
	    <String CONTENT="couch é par eſcrit vne partie de ce que nous en auons diſ¬"
                    HPOS="198"
                    VPOS="1384"
                    WIDTH="1051"
                    HEIGHT="63"
                    WC="0.9884591829978814"></String>
          </TextLine>
          <TextLine ID="line_29"
                    TAGREFS="LT8"
                    BASELINE="198 1469 1251 1471" 
                    HPOS="197"
                    VPOS="1433"
                    WIDTH="1054"
                    HEIGHT="60">
            <Shape><Polygon POINTS="198 1469 197 1485 404 1490 405 1490 489 1485 522 1484 539 1485 579 1490 580 1490 581 1490 591 1485 595 1484 724 1484 753 1485 866 1491 867 1491 869 1491 890 1485 891 1485 1028 1485 1042 1491 1044 1491 1045 1491 1046 1491 1047 1491 1056 1485 1080 1491 1081 1491 1083 1493 1217 1493 1217 1491 1250 1484 1251 1471 1249 1436 1057 1441 1015 1436 996 1435 994 1435 993 1435 992 1435 989 1436 981 1443 923 1443 882 1437 862 1435 861 1435 860 1435 858 1435 855 1437 846 1442 806 1437 789 1436 788 1436 770 1437 730 1442 585 1438 396 1433 395 1433 394 1433 392 1433 382 1440 379 1441 198 1441 198 1469"/></Shape>
	    <String CONTENT="couru enſemble à cœur ouuert cy deuant. Et voicy quel"
                    HPOS="197"
                    VPOS="1433"
                    WIDTH="1054"
                    HEIGHT="60"
                    WC="0.9971926642788781"></String>
          </TextLine>
          <TextLine ID="line_30"
                    TAGREFS="LT8"
                    BASELINE="195 1518 1251 1518" 
                    HPOS="195"
                    VPOS="1480"
                    WIDTH="1056"
                    HEIGHT="58">
            <Shape><Polygon POINTS="195 1518 195 1529 231 1538 232 1538 294 1530 297 1530 298 1530 318 1538 319 1538 321 1538 465 1532 494 1530 498 1532 516 1538 517 1538 518 1538 561 1532 565 1532 566 1532 578 1538 579 1538 580 1538 581 1538 600 1532 603 1532 627 1532 749 1538 750 1538 751 1538 761 1533 766 1530 779 1533 797 1537 798 1537 823 1533 846 1530 860 1534 876 1538 877 1538 879 1538 920 1534 959 1530 976 1534 984 1537 986 1537 987 1537 988 1537 994 1534 1005 1530 1250 1535 1251 1518 1251 1490 1181 1490 1180 1489 1158 1481 1157 1481 1156 1481 1154 1481 1137 1489 1136 1489 1114 1480 1113 1480 1112 1480 1110 1480 1079 1489 1074 1490 1050 1490 1047 1488 1037 1480 1036 1480 1035 1480 1006 1480 1005 1480 1003 1480 1002 1480 991 1488 989 1489 981 1488 939 1480 872 1480 871 1480 870 1480 845 1486 833 1490 793 1490 787 1486 775 1480 774 1480 773 1480 748 1486 735 1489 725 1486 707 1480 706 1480 666 1480 664 1480 663 1480 653 1485 646 1490 599 1490 590 1485 583 1481 581 1481 580 1481 579 1481 570 1485 559 1489 542 1484 526 1480 525 1480 523 1480 522 1480 513 1484 503 1490 326 1490 304 1482 295 1480 294 1480 293 1480 292 1480 290 1480 288 1482 278 1490 245 1490 234 1482 231 1480 230 1480 229 1480 227 1480 195 1481 195 1518"/></Shape>
	    <String CONTENT="ſera l’argument de mon diſcours. c’eſt de refuter l’erreur"
                    HPOS="195"
                    VPOS="1480"
                    WIDTH="1056"
                    HEIGHT="58"
                    WC="0.9942231198837017"></String>
          </TextLine>
          <TextLine ID="line_31"
                    TAGREFS="LT8"
                    BASELINE="201 1566 1251 1563" 
                    HPOS="200"
                    VPOS="1525"
                    WIDTH="1051"
                    HEIGHT="63">
            <Shape><Polygon POINTS="201 1566 201 1582 343 1578 351 1582 357 1587 358 1587 360 1587 361 1588 390 1588 390 1587 391 1587 401 1582 409 1578 575 1578 581 1581 593 1587 594 1587 595 1587 596 1587 609 1581 613 1579 617 1581 629 1587 630 1587 632 1587 661 1581 671 1579 681 1581 720 1587 721 1587 722 1587 736 1581 743 1577 798 1577 807 1581 821 1586 822 1586 823 1587 895 1587 895 1586 896 1586 908 1579 915 1577 981 1577 989 1579 1005 1586 1006 1586 1007 1587 1144 1587 1144 1586 1146 1586 1147 1586 1156 1579 1157 1578 1159 1579 1176 1586 1177 1586 1178 1586 1180 1586 1181 1586 1192 1579 1195 1578 1250 1578 1251 1563 1249 1535 1156 1534 1146 1527 1144 1527 1143 1527 1142 1527 1141 1527 1139 1527 1128 1534 1066 1525 1065 1525 1064 1525 1062 1525 1047 1535 996 1535 802 1525 800 1525 799 1525 779 1534 756 1525 755 1525 754 1525 686 1527 685 1527 667 1535 557 1527 556 1527 555 1527 536 1535 454 1535 405 1527 404 1527 403 1527 385 1537 282 1537 215 1527 214 1527 212 1527 211 1527 200 1534 201 1566"/></Shape>
	    <String CONTENT="de ceux qui ne veulent point de Magiſtrats. excluans tous"
                    HPOS="200"
                    VPOS="1525"
                    WIDTH="1051"
                    HEIGHT="63"
                    WC="0.9936481766533434"></String>
          </TextLine>
          <TextLine ID="line_32"
                    TAGREFS="LT8"
                    BASELINE="204 1611 1249 1608" 
                    HPOS="202"
                    VPOS="1574"
                    WIDTH="1047"
                    HEIGHT="60">
            <Shape><Polygon POINTS="204 1611 205 1634 230 1625 293 1632 294 1632 331 1625 472 1625 484 1631 486 1632 487 1632 488 1632 489 1632 503 1631 544 1625 610 1625 620 1630 627 1632 628 1632 629 1632 662 1629 701 1625 712 1629 722 1632 724 1632 725 1632 726 1632 743 1629 753 1626 775 1627 814 1631 816 1631 817 1631 826 1627 835 1623 853 1627 877 1631 879 1631 913 1626 934 1623 947 1626 971 1631 972 1631 1005 1625 1010 1625 1011 1625 1022 1631 1023 1631 1025 1632 1217 1632 1217 1631 1219 1631 1249 1622 1249 1608 1246 1583 1168 1574 1112 1574 1110 1574 1109 1574 1094 1582 1093 1583 1021 1583 1020 1582 1002 1574 1001 1574 999 1574 947 1582 940 1582 937 1582 910 1574 909 1574 908 1574 850 1581 840 1582 831 1581 785 1574 784 1574 783 1574 758 1581 753 1582 748 1581 729 1574 727 1574 726 1574 725 1574 706 1581 697 1584 642 1584 637 1581 630 1576 629 1576 628 1576 627 1576 625 1576 607 1581 593 1584 501 1584 491 1579 478 1576 477 1576 476 1576 424 1579 377 1583 356 1579 336 1576 335 1576 202 1578 204 1611"/></Shape>
	    <String CONTENT="chreſtiens de ſe pouuoir meſler de ceſte charge: &amp; d’au¬"
                    HPOS="202"
                    VPOS="1574"
                    WIDTH="1047"
                    HEIGHT="60"
                    WC="0.9969495279448373"></String>
          </TextLine>
          <TextLine ID="line_33"
                    TAGREFS="LT8"
                    BASELINE="206 1657 1253 1657" 
                    HPOS="206"
                    VPOS="1622"
                    WIDTH="1047"
                    HEIGHT="62">
            <Shape><Polygon POINTS="206 1657 206 1679 329 1675 338 1679 345 1681 346 1681 347 1681 348 1681 357 1679 369 1675 380 1679 391 1683 392 1683 394 1683 395 1683 396 1683 401 1679 408 1675 497 1675 550 1678 619 1683 620 1683 642 1678 656 1675 682 1678 729 1683 730 1683 731 1683 746 1678 754 1675 756 1678 763 1683 764 1683 765 1683 766 1684 841 1684 841 1683 842 1683 855 1678 858 1675 862 1678 870 1683 871 1683 872 1683 874 1684 945 1684 945 1683 981 1676 992 1675 1008 1676 1064 1683 1065 1683 1094 1676 1102 1675 1109 1676 1149 1683 1151 1683 1152 1683 1177 1676 1182 1675 1187 1676 1220 1683 1221 1683 1253 1675 1253 1657 1253 1630 1159 1622 1158 1622 1157 1622 1130 1630 1125 1631 884 1631 881 1630 872 1622 871 1622 870 1622 818 1622 817 1622 816 1622 795 1629 743 1622 741 1622 740 1622 726 1630 724 1631 661 1631 657 1630 636 1622 634 1622 633 1622 599 1630 594 1630 585 1622 584 1622 583 1622 544 1622 542 1622 541 1622 540 1622 531 1630 528 1631 487 1631 486 1630 477 1622 476 1622 474 1622 473 1622 472 1622 444 1630 440 1630 435 1630 408 1622 406 1622 405 1622 331 1630 319 1630 314 1630 284 1622 283 1622 206 1629 206 1657"/></Shape>
	    <String CONTENT="tre part celle des flatteurs qui attribuent aux princes vne"
                    HPOS="206"
                    VPOS="1622"
                    WIDTH="1047"
                    HEIGHT="62"
                    WC="0.9966457263898041"></String>
          </TextLine>
          <TextLine ID="line_34"
                    TAGREFS="LT8"
                    BASELINE="207 1707 1249 1704" 
                    HPOS="206"
                    VPOS="1670"
                    WIDTH="1043"
                    HEIGHT="57">
            <Shape><Polygon POINTS="207 1707 209 1727 240 1719 341 1725 342 1725 343 1725 361 1718 420 1725 421 1725 423 1725 453 1718 598 1718 623 1725 624 1725 625 1725 627 1725 642 1718 685 1725 686 1725 763 1717 811 1724 812 1725 812 1724 860 1717 918 1724 919 1724 982 1717 1001 1724 1002 1724 1003 1724 1104 1717 1246 1724 1249 1704 1246 1673 206 1670 207 1707"/></Shape>
	    <String CONTENT="puiſſance abſolue &amp; immenſe, &amp; les m ettent ſur la loy."
                    HPOS="206"
                    VPOS="1670"
                    WIDTH="1043"
                    HEIGHT="57"
                    WC="0.9871553637764671"></String>
          </TextLine>
          <TextLine ID="line_35"
                    TAGREFS="LT8"
                    BASELINE="207 1752 1250 1749" 
                    HPOS="206"
                    VPOS="1712"
                    WIDTH="1044"
                    HEIGHT="63">
            <Shape><Polygon POINTS="207 1752 207 1767 285 1773 287 1773 382 1767 395 1767 396 1767 413 1773 414 1773 415 1773 468 1767 473 1767 476 1767 505 1773 506 1773 560 1767 562 1767 564 1767 573 1775 574 1775 575 1775 576 1775 636 1767 637 1767 638 1767 663 1775 664 1775 666 1775 748 1768 836 1773 837 1773 838 1773 852 1766 853 1766 856 1766 874 1772 875 1772 876 1772 968 1766 981 1766 982 1766 993 1773 994 1773 996 1773 997 1775 1083 1775 1083 1773 1084 1773 1112 1766 1113 1766 1125 1773 1127 1773 1128 1773 1129 1773 1192 1767 1236 1773 1238 1773 1239 1773 1240 1773 1250 1766 1250 1749 1248 1720 1083 1712 1081 1712 1012 1719 973 1712 972 1712 895 1719 884 1712 882 1712 881 1712 838 1712 837 1712 836 1712 814 1720 588 1720 576 1714 575 1714 574 1714 573 1714 532 1720 497 1713 496 1713 458 1720 442 1713 440 1713 353 1713 352 1713 301 1720 255 1713 254 1713 206 1722 207 1752"/></Shape>
	    <String CONTENT="Puis quel doit eſtre le deuoir, &amp; quelle l&#x27;authorité du vray"
                    HPOS="206"
                    VPOS="1712"
                    WIDTH="1044"
                    HEIGHT="63"
                    WC="0.9890974711199276"></String>
          </TextLine>
          <TextLine ID="line_36"
                    TAGREFS="LT8"
                    BASELINE="207 1797 1251 1800" 
                    HPOS="206"
                    VPOS="1764"
                    WIDTH="1045"
                    HEIGHT="56">
            <Shape><Polygon POINTS="207 1797 206 1809 263 1819 264 1820 316 1820 316 1819 317 1819 318 1819 328 1811 479 1819 481 1819 555 1811 615 1817 617 1817 618 1817 633 1812 641 1819 642 1819 643 1819 644 1819 738 1814 746 1820 748 1820 749 1820 750 1820 924 1812 994 1820 996 1820 1056 1812 1187 1820 1188 1820 1190 1820 1207 1812 1224 1820 1225 1820 1226 1820 1227 1820 1250 1811 1251 1800 1250 1767 207 1764 207 1797"/></Shape>
	    <String CONTENT="magiſtrat: &amp; des diuers gouuernemens. Ie monſtre puis"
                    HPOS="206"
                    VPOS="1764"
                    WIDTH="1045"
                    HEIGHT="56"
                    WC="0.9994533792981561"></String>
          </TextLine>
          <TextLine ID="line_37"
                    TAGREFS="LT8"
                    BASELINE="206 1846 1253 1844" 
                    HPOS="205"
                    VPOS="1807"
                    WIDTH="1048"
                    HEIGHT="62">
            <Shape><Polygon POINTS="206 1846 206 1860 240 1868 241 1869 340 1869 340 1868 341 1868 342 1868 353 1860 355 1860 392 1860 394 1860 404 1868 405 1868 406 1868 408 1868 450 1860 452 1860 454 1860 489 1868 491 1868 551 1860 552 1860 571 1868 573 1868 574 1869 704 1869 704 1868 798 1866 799 1866 824 1859 828 1859 923 1859 924 1859 945 1866 947 1866 948 1866 986 1859 987 1859 1002 1866 1003 1866 1005 1866 1251 1858 1253 1844 1250 1816 1204 1807 1202 1807 1201 1807 1181 1815 1159 1809 1158 1809 1157 1809 1156 1809 1154 1809 1144 1815 1143 1816 987 1816 987 1815 971 1807 969 1807 968 1807 901 1815 896 1815 892 1815 853 1807 852 1807 851 1807 824 1815 821 1815 816 1815 772 1809 770 1809 729 1815 712 1817 628 1817 624 1814 617 1809 615 1809 614 1809 613 1809 612 1809 599 1814 594 1816 578 1814 541 1809 416 1809 415 1809 414 1809 399 1814 390 1816 205 1814 206 1846"/></Shape>
	    <String CONTENT="a pres par authoritez &amp; exemples des eſcritures tant ſain¬"
                    HPOS="205"
                    VPOS="1807"
                    WIDTH="1048"
                    HEIGHT="62"
                    WC="0.9865784645080566"></String>
          </TextLine>
          <TextLine ID="line_38"
                    TAGREFS="LT8"
                    BASELINE="205 1893 1251 1889" 
                    HPOS="204"
                    VPOS="1854"
                    WIDTH="1047"
                    HEIGHT="65">
            <Shape><Polygon POINTS="205 1893 205 1908 259 1908 263 1909 290 1918 292 1918 293 1919 380 1919 380 1918 381 1918 382 1918 395 1909 397 1908 423 1908 425 1909 439 1918 440 1918 442 1918 443 1918 528 1909 554 1907 568 1909 605 1917 607 1917 608 1917 637 1909 646 1907 652 1909 671 1917 672 1917 673 1917 753 1910 772 1917 773 1917 774 1917 775 1917 795 1909 804 1907 847 1907 852 1909 863 1917 865 1917 866 1917 867 1917 869 1917 894 1909 904 1907 908 1909 915 1916 916 1916 918 1916 919 1917 1060 1917 1060 1916 1061 1916 1075 1909 1085 1905 1099 1909 1107 1912 1108 1912 1109 1912 1134 1909 1177 1905 1185 1909 1192 1916 1193 1916 1195 1916 1196 1916 1250 1909 1251 1889 1248 1856 1031 1861 1008 1856 999 1854 998 1854 903 1854 901 1854 882 1856 838 1863 813 1856 808 1855 807 1855 806 1855 804 1855 802 1856 788 1864 676 1864 630 1856 617 1855 615 1855 614 1855 609 1856 590 1863 537 1856 531 1856 530 1856 528 1856 527 1856 511 1864 473 1856 468 1856 467 1856 462 1856 418 1864 381 1856 376 1856 375 1856 374 1856 371 1856 341 1864 204 1858 205 1893"/></Shape>
	    <String CONTENT="ctes que prophanes, iuſcues ou lon doit ſupporter la ty¬"
                    HPOS="204"
                    VPOS="1854"
                    WIDTH="1047"
                    HEIGHT="65"
                    WC="0.9884147707905088"></String>
          </TextLine>
          <TextLine ID="line_39"
                    TAGREFS="LT8"
                    BASELINE="204 1938 1253 1938" 
                    HPOS="204"
                    VPOS="1903"
                    WIDTH="1049"
                    HEIGHT="59">
            <Shape><Polygon POINTS="204 1938 204 1953 280 1953 297 1961 298 1961 299 1962 381 1962 381 1961 382 1961 384 1961 395 1953 483 1961 484 1961 525 1953 578 1961 579 1962 619 1962 619 1961 620 1961 622 1961 632 1953 667 1961 668 1962 773 1962 773 1961 774 1961 775 1961 787 1953 822 1961 823 1961 899 1953 920 1961 921 1961 923 1961 974 1953 1109 1953 1120 1961 1122 1961 1123 1961 1124 1962 1159 1962 1159 1961 1251 1952 1253 1938 1251 1909 1091 1903 1090 1903 1062 1909 1054 1912 900 1912 881 1909 798 1903 797 1903 795 1903 794 1903 784 1909 783 1910 586 1910 578 1910 503 1903 502 1903 501 1903 499 1903 489 1910 444 1910 405 1910 404 1910 394 1903 392 1903 391 1903 390 1903 297 1910 295 1910 269 1903 268 1903 266 1903 265 1903 264 1903 253 1910 253 1912 204 1912 204 1938"/></Shape>
	    <String CONTENT="rannie, &amp; aſauoir ſi en vne oppreſſion extreme, il eſt loi¬"
                    HPOS="204"
                    VPOS="1903"
                    WIDTH="1049"
                    HEIGHT="59"
                    WC="0.9990193661996873"></String>
          </TextLine>
          <TextLine ID="line_40"
                    TAGREFS="LT8"
                    BASELINE="200 1987 1254 1984" 
                    HPOS="198"
                    VPOS="1943"
                    WIDTH="1056"
                    HEIGHT="100">
            <Shape><Polygon POINTS="200 1987 200 2015 251 2025 253 2025 254 2025 274 2017 280 2015 447 2015 459 2021 476 2031 477 2031 478 2031 479 2031 510 2028 539 2043 540 2043 541 2043 594 2040 595 2040 596 2040 620 2025 627 2021 717 2021 731 2028 744 2034 745 2034 746 2034 774 2031 775 2031 782 2029 812 2014 863 2028 865 2028 866 2028 901 2026 903 2026 904 2026 923 2015 987 2034 993 2035 994 2035 996 2035 1003 2034 1037 2026 1054 2030 1055 2030 1056 2030 1057 2030 1089 2017 1124 2036 1132 2040 1133 2040 1134 2040 1254 2039 1254 1984 1250 1943 1164 1956 1107 1944 1105 1944 1104 1944 1080 1957 1012 1957 994 1946 993 1946 992 1946 991 1946 989 1946 957 1956 913 1947 911 1947 910 1947 909 1947 891 1958 740 1958 716 1947 715 1947 714 1947 675 1955 657 1947 656 1947 654 1947 653 1947 627 1957 559 1952 557 1952 556 1952 555 1952 547 1958 516 1947 515 1947 513 1947 512 1947 496 1953 389 1947 387 1947 386 1947 385 1947 372 1957 289 1958 272 1947 270 1947 269 1947 198 1947 200 1987"/></Shape>
	    <String CONTENT="ſible aux ſuiets de prendre les aimes pour la conſeruatis"
                    HPOS="198"
                    VPOS="1943"
                    WIDTH="1056"
                    HEIGHT="100"
                    WC="0.9901803439123589"></String>
          </TextLine>
        </TextBlock>
        <TextBlock HPOS="455"
                   VPOS="93"
                   WIDTH="607"
                   HEIGHT="74"
                   ID="block_2"
                   TAGREFS="BT18">
          <Shape><Polygon POINTS="1062 93 1062 167 455 167 455 93"/></Shape>
          <TextLine ID="line_1"
                    TAGREFS="LT8"
                    BASELINE="459 149 1054 146" 
                    HPOS="458"
                    VPOS="103"
                    WIDTH="596"
                    HEIGHT="69">
            <Shape><Polygon POINTS="987 117 974 117 962 117 949 117 937 117 924 117 923 118 919 122 896 118 890 117 889 117 886 117 881 117 823 123 813 117 811 117 798 117 785 117 773 117 760 117 758 117 748 117 735 117 722 117 715 117 710 117 697 117 685 117 672 117 659 117 649 117 649 118 646 117 634 117 622 117 619 117 609 123 602 117 596 117 588 117 586 118 584 117 571 114 570 104 570 103 569 103 568 103 566 103 458 103 459 149 459 167 473 172 474 172 476 172 477 172 478 172 478 171 482 167 488 162 537 162 546 168 551 172 552 172 554 172 555 172 556 172 557 172 557 171 561 168 569 162 588 162 600 168 608 172 609 172 610 172 612 172 613 172 613 171 617 168 624 161 702 161 722 168 729 171 730 171 731 172 813 172 813 171 826 169 885 159 910 169 911 169 913 169 914 171 1052 171 1054 146 1051 123 1007 123 1005 120 996 117 987 117"/></Shape>
	    <String CONTENT="MEMOIRES DE"
                    HPOS="458"
                    VPOS="103"
                    WIDTH="596"
                    HEIGHT="69"
                    WC="0.9984160174023021"></String>
          </TextLine>
        </TextBlock>
        <TextBlock HPOS="1177"
                   VPOS="1997"
                   WIDTH="81"
                   HEIGHT="61"
                   ID="block_0"
                   TAGREFS="BT17">
          <Shape><Polygon POINTS="1258 1997 1258 2058 1177 2058 1177 1997"/></Shape>
          <TextLine ID="line_41"
                    TAGREFS="LT8"
                    BASELINE="1185 2034 1251 2034" 
                    HPOS="1185"
                    VPOS="1992"
                    WIDTH="66"
                    HEIGHT="76">
            <Shape><Polygon POINTS="1185 2034 1185 2068 1251 2067 1251 2034 1251 2004 1207 1992 1206 1992 1205 1992 1185 2002 1185 2034"/></Shape>
	    <String CONTENT="de"
                    HPOS="1185"
                    VPOS="1992"
                    WIDTH="66"
                    HEIGHT="76"
                    WC="0.9985004365444183"></String>
          </TextLine>
        </TextBlock>
      </PrintSpace>
    </Page>
  </Layout>
</alto>
