1376 2261
231 69 63 76 84

365 70 632 79 MEMOIRES, DE

223 126 1033 85 traints pour le ſalut de nos vies, & libertez:nous aſſocians

224 192 1032 64 de ceux auſquels ce mafeſt commun auec nous, trou¬

227 231 1020 72 uans en ceſte communauté d’afaires & de hazard, ce qu'

226 278 1029 71 on nomme le lien de concorde, & en iceluy quelque ſou¬

224 322 1032 73 lagement & aſſeurance. Nous nous aidons des armes,

231 370 1023 73 puiſque toutes autres voyes nous ont deffailli pour le ſa¬

229 424 1027 67 lut de nos vies & libertez, & pour pouuoir viure comme

223 464 1029 73 ſuiets reconus:trouuans moins pernicieuſe pour nous la

227 512 1027 70 guerre ouuerte, qu’vne fauſſe paix, l’inimitié deſcouuer¬

226 558 1026 72 te, que l’amitié deſguiſee, & les coups des eſpees tirees,

226 606 1028 72 que ceux des langues ruez à l’improuüeu. Il nous eſt bien

226 653 1028 70 plus expedient mourir les armes au poing en faiſant te¬

223 698 1029 70 ſte à la Tyrannie, qu’eſtre prins en nos licts, & ſous ombre

222 747 1030 69 de bon accueil, de nopces, d’alliances, auoir en vn matinle

226 796 1028 69 glaiue des meurtriers fiché dãs les poictrines de nous, de

224 841 1027 70 nos femmes & enfans. bref la mort & le banniſſement,

223 889 1027 66 nous ſont moins durs & plus tollerables, que telles vexa¬

224 935 1025 69 tions que lon nous fait ſous titre de iuſtice. Au ſurplus,

223 981 1026 71 il n’eſt receuable, meſmes au ſens commun, de dire

227 1035 1014 62 que nous quittions toutes choſes, que nous cheriſſons,

228 1075 1018 70 pour l’eſperance friuole, ou pluſtoſt ſonge & fantaifie,

226 1122 1020 72 d’eſtablir vn nouueaueſtat. Car le fruit que l’eſpoir in¬

226 1176 1021 66 certain nous en pourtoit promettre, ne ſe pourroit meſ¬

231 1219 1018 69 me meſurer à ce que nous quittons de certain: outre ce

231 1272 1016 63 que les inſtrumens & moyens que nous auons en main

224 1312 1025 70 ſont trop foibles à executer telles & ſi hautes entrepri¬

224 1359 1027 69 ſes: mais ayans douté de noſtre ſeureté, nous con¬

226 1405 1019 70 feſſons auoir tourné toutes nos penſees à y pouruoir,

226 1453 1023 69 ayansapris de la nature, que la tuition de ſavie & liberté,

224 1501 1025 70 contre l’oppreſſion inique, eſt non ſeulement licite, mais

224 1543 440 69 auſſi equitable & ſainte.

273 1590 978 74 Les princes diſent encor, Il ne nous ſeroit honorable

223 1639 1026 70 de capituler auec nos ſuiets autre choſe, ſinon qu’ils re¬

224 1688 1023 66 conoiſſent leur faute, & ſe mettent à noſtre mercy. Les

227 1739 1022 63 peuples reſpondent que capituler emporte (ſelon la ſi¬

227 1782 1024 64 gnification du mot, ) que les parties conuiennent d’vn

222 1827 1028 65 traitté qui contient pluſieurs chapitres. Enceſte manie¬

222 1876 1028 67 re les ſuiets capitulent tous les iours auec leurs princes.

224 1919 1030 108 Mais ſelon Ivſage de la choſe, qui eſt de deſmeſſerla

1104 2012 150 41 c
