1424 2266
196 194 995 47 Po. Ciceron au z. liure de l’inuention monſtre ce

158 241 1033 52 que le droit depart a chaſcun en ſon degré. Car apres que

156 279 1037 60 il a monſtré que tous animaux naturellement deffendent

157 327 1036 61 leur vie, & principalement les hommes qui ont iugement

157 378 1039 51 & meilleure apprehẽſion la deffendẽt ſur tout quand hors

156 422 1040 60 de toute forme de droit elle eſt aſſaillie, dit que ce droit

157 467 1039 62 eſt de l’enſeignement de la nature: mais ce qui concerne

159 518 1038 58 la vengeance des iniures, appartient legitimemẽt au ſeul

161 561 1035 64 prince, quand elles tendent au preiudice de la commune

158 615 1039 54 ſocieté principalement. Voyla comment quand le prince

156 653 1042 65 fera loy que aucun n’ait à offenſer les eſtrangers voiſins,

158 704 1041 55 ne rompre le commerce, au beſoin & neceſſairemẽt quel

159 749 1040 64 queffois il n’eſt pas ſous ceſte loy là: car à luy appartient

162 798 1039 53 d’entreprendre ce qu’il deffend aux autres, aſauoir courir

162 845 1041 53 ſur ſes voiſins, rompre le commerce, & faire choſes ſem¬

162 892 1041 54 blables: pourueu que ce ſoit auec les eautiõs & conditions

162 941 1042 57 dont nous auons parle, aſauoir qu’on ne vienne à des re¬

163 986 1043 57 medes extremes qu’en extreme neceſfité, & auee bon

162 1032 1044 60 conſeil, & pour pluſgrand bien de tous les eſtats. Car

163 1077 1043 63 comme les grands ſont merueilleuſement ſuiets, & plus

166 1125 1037 59 que tous autres hommes, à laſcher la bri de à leurs paſſiõs,

164 1173 1039 59 ils entreprennent ſouuent des choſes de dangereuſe con¬

166 1219 1040 61 ſequence, voire pour vn rien ſi on conſidere le tout de

167 1265 1037 65 pres. Qui fait qu’ils ont beſoin de penſer de plus pres à

167 1316 1036 61 eux que nuls autres, quand il ſera queſtion d’entrepren¬

168 1360 1038 56 dre ce qu’ils ne permettront aux autres. Mais quant à ce

169 1407 1034 64 qui ſuit l’iuſtruction naturelle, ils y ſont compris comme

168 1452 455 63 hommes tels qu’ils ſont.

224 135 799 48 L'ESTAT DE FRANCE.

1106 146 78 44 H7

212 1499 994 63 AR. Quant au droit ciuil il ſemble que ce ſoyent or

167 1549 1039 62 donnances des Princes, & que en toutes ſes parties il ſoit

169 1593 690 59 en la puiſſance & diſpoſition d’iceux.

214 1641 993 59 Po. Il y a eu vn droit ciuil eſcrit, & vn non eſcrit, le

172 1690 1035 62 premier donné par les Atheniens, & l’autre par les Lace¬

171 1737 1036 54 demoniens. Les Atheniens vouloyent par l’eſcriture im¬

169 1783 1039 58 mortalizer les loix de Solon, & les Lacedemoniens, ſui¬

168 1830 1041 62 uant l’ordonnance de Lycurgus leur legiſlateur, vouloyẽt

171 1888 1037 49 mettre les leurs en memoire, par la pratique continueſſe

172 1924 1036 62 & exercice d’icelles. Cela a eſté receu des princes & peu¬

173 1970 1036 61 ples à Rome, comme choſe qui ſuit l’equité naturelle. Or

177 2017 1032 77 y a il pluſieurs fignifications de ce mot de droit, comme

998 2078 99 80 H3
