1388 2257
239 55 77 87 154

228 131 1026 67 & corrompt tout ordre de iuſtice, comme nous en auons

228 184 1029 64 amplement deuiſé. Or, ce n’eſt pas à dire que toutes loix

227 233 1030 69 ſoyent approuuees, ni toutes couſtumes legitimement

225 275 165 66 receuës.

274 310 982 84 AR. Qui ſeront donc celles que lon receura, ou que

225 363 266 65 lon reiettera?

420 67 614 79 MEMOIRES DE

80 405 123 71 Quelle

55 520 144 41 la reigſe

55 541 142 70 des loix.

271 416 985 69 Po. On aura pour reigle certaine les loix diuines,

52 447 170 73 doit eſtre

237 458 1017 66 & l’equité naturelle. Car celles qui ne s’y accordent,

228 524 1030 52 encor que le monde les reçoyue de grande affection ne

229 562 1029 63 ſont point proprement loix, ains fauſſes & deprauees or¬

228 610 1033 58 donnances: comme ceſte couſtume, quand les Cypriotes

230 655 1032 62 gaignoyent leur mariage à paillarder. En Lacedemone,

228 707 1033 57 les ordonnances de Lycurgus portoyent entre pluſieurs

229 749 1034 62 choſes laſciues & vilaines (receuës cependant & prati¬

233 797 1032 63 quees) de faire aller les filles à demi nues & deſcouuer¬

232 851 1030 55 tes: afin que les ieunes hommes les conuoitaſſent, & pour

230 889 1033 63 l’amour d’elles entreprinſſent quelque choſe de grand,

232 939 1031 61 qui redonderoit au proufit de la republique. Ges couſtu¬

232 986 1033 60 mes ne valoyent rien, dautant qu’elles contrarioyent à

230 1029 1035 64 ce qui eſt dit en la Loy diuine, Tu ne paillarderas point, &

232 1079 1034 59 tu ne conuoiteras point. Et au contraire la force d’vne

234 1124 1032 57 vraye loy, le doit emporter, contre la volonté du peuple:

233 1173 1032 62 comme quand la loy Oppie fut faite à Rome, qui repri¬

234 1217 1031 61 moit la ſuperfluité des accouſtremens, combien qu’elle

230 1265 1033 60 fuſt au regret preſque de tous, ſi falolt-il qu’elle euſt lieu,

232 1311 1033 67 pource qu’elle conuenoit preſque à tous les preceptes de

233 1360 649 56 la ſeconde table de la Loy de Dieu.

277 1401 991 71 AR. Ouy, mais c’eſtoyent Payens qui n’auoyent pas

230 1449 465 64 ceſte Loy diuine eſcritte.

276 1495 994 64 Po. Toutes nations l’auoyent & l’ont naturellement

234 1544 1032 67 imprimee, & ne s’efface que par leur corruption & ingra¬

235 1594 585 66 titude, comme il a eſté monſtré.

286 1636 977 68 AR. Que ſera-ce donc des Chreſtiens & de la ſain¬

240 1686 1019 70 cteté de ceux qui ont ordõné les bourdeaux, &que d’aage

239 1730 463 69 en aage cela ſe continue?

284 1775 983 64 Po. Ie le vous laiſſe à penſer: car ni le Prince, ni les

242 1826 1026 67 peuples, & toutes ſortes de Magiſtrats aſſemblez ne ſau¬

242 1884 1029 52 royent faire que ce ne ſoit vne meſchanceté, dautant

243 1922 1027 94 que rien ne peut preſcrire contre la Loy de Dieu, qui

1133 1966 140 79 defend
