1412 2261
56 141 175 56 Si lon peut

56 186 172 49 ſe reuolter

54 222 175 49 de l’obeiſ¬

55 263 172 49 ſance des

56 306 171 53 cyrans, &

55 347 169 48 leur refi¬

52 376 177 70 ſter, & qui

56 424 141 58 le doit

55 462 102 79 faire.

241 57 93 86 128

288 139 982 55 Po. Ie n’entrepren pas de vous maintenir qu’il faille

239 175 1031 58 s’armer pour maintenir la vraye Religion: mais biẽ quãd

241 222 1025 64 le public eſt iniquement contraint & aſſailly en haine

239 272 1031 59 d’icelle, & que le princediuiſe le publie par factions qu'en

238 321 1032 60 ce cas les ſuiets pour ſe garẽtir, ſe peuuẽt eſlire des chefs,

241 367 1025 66 comme anciennement pour ſe garder de deſordre ils a¬

229 414 1041 64 uoyent eſleu le prince qui maintenant les oppreſſe: tel¬

228 468 1042 59 lement, que tout ſe rapporte touſiours à la police & de¬

231 509 1037 62 uoir au public, au ſalut duquel chacun eſt tenu, dont le

231 555 1036 65 ſouuerain moyen eſt la pieté. Et ſi par loix & edits ſo¬

229 604 1038 54 lennels, le peuple a obtenu de ſon prince l’exercice de la

231 649 1036 64 vraye Religiõ: & puis apres par mauuais conſeil le prin¬

228 699 1039 55 ce ſe veut deſdire & oſter tyranniquement ce qu’il auoit

227 744 1038 57 fainctemẽt accordé:les ſuiets ont double raiſon de ne luy

227 790 1039 62 obeyr en ceſt endroit, & de conſeruer leur vraye liberté

227 839 1041 61 par les moyens legitimes ſus declarez, dont nous parle¬

226 889 1042 56 rons encor' cy apres. Cela ſe doit eſtendre auſsi aux au¬

224 932 1042 60 tres droits du peuple, leſquels ne peuuẽt eſtre abolis ſans

226 977 1042 59 manifeſte confuſion & aneãtiſſement des eſtats, & à plus

226 1027 1040 60 forte raiſon quand les loix reiglent dés long temps la

227 1073 1043 61 grandeur des princes & magiſtrats ſouuerains: comme il

226 1121 1044 62 ſe trouuera biẽ peu de royaumes & principautez, dont les

228 1168 1042 61 principaux gouuerneurs ne ſoyent liez & retenus en li¬

226 1213 1042 63 mites par beaucoup de loix, qu’eux-meſmes iurent à leur

229 1261 1041 60 reception, & promettent à la ſouueraineté (c’eſt à dire

231 1307 1039 62 aux eſtats compeſez du corps de tout le peuple) de gar¬

237 1360 1029 55 der inuiolablement. Il ſe trouue que les Roys de So¬

229 1401 1041 62 dome & de Gomorrhe furent aſſuiettis par celuy que

228 1448 1044 58 la ſaincte eſcriture nomme Cordolahomor: que Bero¬

229 1496 1041 60 ſus eſtime eſtre ce tyran Nembroth. Au bout de quelque

229 1543 1042 61 temps voyans que ſans aucun droit ceſt oppreſſeur les aſ¬

227 1586 1043 60 ſuiettiſſoit, voulurent s’en deliurer. Ils perdirent la batail¬

227 1636 1044 58 le, mais Abraham en deliurant Loth les deliura, & rendit

227 1681 1041 62 leur deſpouille, de laquelle Melchiſedech ſacrificateur du

227 1729 1039 62 Dieu ſouuerain prit le diſme, ce que ne l’vn ne l’autre euſt

227 1777 1036 60 fait s’ils n’euſſent conu le bon droit de ceux de Sodome.

237 1818 1027 69 Pharaon par quatre cẽs ans eut le peuple d’Iſrael ſuiet, qui

234 1870 1032 58 obeit à ſes edits, iuſques à ſouffrir de meurtrir leurs enfãs.

232 1919 1038 54 Moyſe nouueau magiſtrat eſleu de Dieu en ceſte neceſsi¬

232 1965 1040 98 té, ſouſtrait toute ceſte multitude de ſon obeiſſanceapre.

432 67 616 71 MEMOIRES DE

58 1352 151 87 Cen.14.4

52 1821 170 106 exe..15.

1151 2016 120 76 auoir
