1390 2259
115 128 1032 62 auoir pillé leurs oppreſſeurs & depuis deſpouillerent les

113 192 1037 43 morts au bord de la mer, comme il eſt dit au Io.chap. du

114 225 1034 64 liure de Sapience. Voila deux exẽples, l’vn de gens rendus

114 273 1033 62 tyranniquement tributaires, l’autre de gens receus ſous

111 322 1035 58 tiltre d’hoſpitalité, que lon a aſſuiettis & oppreſſez, leſ¬

114 367 1033 65 quels pour la tyrannie, & pour viure en la pure Religion,

116 415 1031 60 par le vouloir de Dieu, acquierent liberté. Il y en a vn

115 460 1031 64 puis apres des ſuiets nais & naturels du pays. L’hiſtoire

107 510 1036 60 ſaincte monſtre comme Salomon en ſa magnificence

110 555 1030 61 auoit excedé la loy du Roy d’Iſrael recitee au Deutero¬

110 603 1031 54 nome, où ſes bobances de chariots, d’armes, de threſors,

109 648 1034 61 tant de femmes & autres choſes ſont defendues. Il y a¬

110 696 1036 63 uoit donc de l’oppreſsion du public pour maintenir tout

109 741 1034 64 cela. puis il y eut ce fait particulier, que quand il edifia la

107 786 1026 68 terraſſe de Mello en Ieruſalem, il fit clorre vn paſſage

107 837 1036 64 neceſſaire pour le peuple à aller & venir en la cité, dont

110 883 1032 65 Ieroboam fit quelque inſtance pour l’empeſcher: ce que

110 933 1033 62 Salomon prit mal,tellement que Ieroboam pour crainte

109 978 1034 62 ſe ſauua en Egypte. Il aduint que Salomon mort, les an¬

107 1029 1028 57 ciens des Iſraelites, ayans eſleu Roboam, le requirent

109 1073 1026 60 que le public fuſt ſoulagé des impoſitions dont il eſtoit

114 1118 1031 61 greué, ce qu’il refuſa, menaçant d’en faire pis, qui fut

109 1163 1034 66 cauſe que Ieroboam qui auoit eſté eſleu de Dieu pour

111 1209 1030 63 Roy d’Iſrael, par la bouche de ſon Prophete Ahias, s’e¬

107 1258 1036 66 ſtant ia ingeré pour le public de reprendre les fautes de

110 1306 1032 64 Salomon, fut conſtitué par les anciens du peuple pour

110 1352 1033 66 Roy d’Iſrael: tellement que quand Roboam qui preten¬

110 1399 1031 63 doit cela luy appartenir de droit ſucceſsif, voulut le re¬

110 1445 1033 67 conqueſter par armes, il luy fut defendu au nom de

111 1493 1030 70 Dieu par Semeja le Prophete de n’en rien plus entre¬

115 1541 187 61 prendre.

231 58 782 68 L'ESTAT DE FRANCE.

1040 80 105 61 129

1154 461 162 105 1Rois.3.

1153 553 96 43 10.11

1156 584 163 66 Deu.17.16

1145 769 171 91 1.Rois.11.

1152 832 38 73 27

1152 1007 162 116 1-Rois-1.

158 1580 836 74 AR. Voila vn exemple purement politique.

155 1632 986 68 Po. Ouy, & ie vous en veux propoſer vn, qui eſt pu¬

106 1680 1036 66 rement pour la Religion. Il eſt dit que Ioram fils de Io¬

107 1725 1034 69 ſaphat Roy de Iuda, voulut introduire les faux dieux par

107 1774 1035 64 tout ſon Royaume. Il y eut vne ville ſacerdotale nõmee

107 1818 1026 72 Lobna, qui pour n’abandonner le Dieu de ſes peres,ſe re¬

107 1867 469 63 uolta de ſon obeiſſance.

154 1912 986 69 AR. Il me ſemble que les Iſraelites & ceux de Lobna

102 1979 1038 70 aband onnant la late de Dadia, le ſeochojent tome

1148 1816 130 83 2. chro.

1147 1880 101 55 21.10

907 2036 78 49 I
