1388 2259
126 141 1034 74 né de nuit en Ceſaree, de peur qu’il ne fuſt attrappé par les

126 199 1035 58 embuſches des Iuifs, où il luy fut permis de ſe deffendre

125 243 1034 65 deuant le Magiſtrat, deſduiſant ſa cauſe, ſur laquelle il in¬

124 292 1037 65 terietta appel à Cæſar. & c’eſt pourquoy les Apoſtres or¬

128 343 1032 54 donnent aux Chreſtiens ſi eſtroittement de prier pour le

126 386 1034 65 Magiſtrat & de luy obeir, afin que ceſt ordre, qui eſt au

130 436 707 53 deſſous d’eux, ne ſoit du tout aneanty.

226 106 788 50 LESTAT DE FRANCE.

169 478 991 65 PO. Ie ſuis bien de voſtre opinion, mais il y a dif¬

125 525 1036 66 ference entre oſter toute principauté, ou n’en point vou

124 583 1036 57 fohuee conjuoulunuuloudiumtienant prince, qu’on

124 619 1037 67 depoſeroit pour mettre vn meilleur en ſa place, ou

123 672 1035 59 bien quand le peuple s’en conſtitueroit vn autre, pour

123 712 1033 69 eſtre releué de la tyrannie d’vn prince ſanguinaire & per

129 768 190 54 iure.

172 803 988 70 AR. Ie l’enten bien ainſi : mais ie parle d’vne ma¬

125 852 1034 70 niere de gens, qui au lieu de deſirer vne vraye liber¬

121 899 1035 62 te, ne cerchent qu’vne licence à tout deſordre, com¬

123 951 1036 66 me ie croy bien, que vous n’en conoiſſez que trop de

133 1014 128 51 teis.

169 1037 991 67 PO. Il eſt certain, & pourtant ne faut il pas que les

124 1086 1035 67 Chreſtiens haſtent rien precipitamment, & ſans gran¬

124 1135 1034 67 de neceſſité au changement de l’Empire, encor que

123 1182 1031 60 couſtumierement cela ſe face de Dieu en leur faueur.

121 1226 1034 70 Ainſi quand ils voyent tels orages eſpandus ſur l’Egli¬

122 1268 1032 68 ſe, il ne faut point qu’ils recourent aux obſeruations

124 1322 1036 57 de Platon, dont il eſt traitté au huitieme liure de ſa

120 1367 1040 68 Republique, & de ſon ſectateur Ptolomee en ſon qua¬

123 1415 1038 64 tripertite : où ils font iugement par la reuolution du

120 1463 1039 64 ciel & des aſtres, de la diſpoſition, aage & duree des

120 1508 1040 67 eſtats & citez. Car l’iniuſtice & la perfidie ſont ſi¬

124 1557 1031 66 gnes infaillibles, ou que Dieu oſtera l’Empire au prince,

121 1603 1033 66 ou le prince à l’Empire, comme on void pour les prin¬

119 1650 1041 65 ces, Pharaon, Sennacherib, Sedechias: & pour les

118 1699 1043 63 Royaumes, Babylon donnce aux Perſes, la Perſe aux

118 1745 1042 62 Grecs & la Grece aux Romains. Saluſte recite que l’in

118 1789 1040 64 iuſtice regnoit entre les Romains, & ceux qui trou¬

118 1837 1041 64 bloyent la Republique, ſe diſoyent defenſeurs du droit

123 1883 1032 68 populaire, les autres conſeruateurs de l’authorité du Se¬

119 1932 1034 93 nat : & touteffois chacun ayant eſgard à ſon particulier

1082 97 72 74 147

910 1976 88 74 K 2
