1337 2244
1075 63 64 80 81

240 48 777 84 L’ESTAT DE FRANCE.

97 127 1034 67 beſongne, digne certainement d'vn plus habile que moy.

97 163 1037 81 & ie deſire auſſi que cela auienne: & ſi le temps veut que

98 213 1033 73 ce queie vous eſcry familierement ſoit veu d’autres yeux,

98 259 1035 76 queles mains qui doyuẽt & peuuent faire mieux ne s’y eſ¬

101 306 1032 74 pargnent pas. Or c’eſt vn ſuiet vrayement ſcandaleux, &

98 352 1033 78 auquel pluſieurs des plus zelez à la gloire de Dieu s’a¬

96 398 1036 78 choppent ( ſuyuant vne couſtume dont ils ſont en poſſeſ¬

97 446 1034 73 fion) de preſcher ie ne ſcay quelle patience, ſans auoir eſ¬

102 494 1029 76 gard aux moyens qu’il faut legitimement tenir,pour re¬

99 541 1033 77 pouſſer vne iniuſtice & oppreſſion tyrannique. Car ce

96 584 1031 82 eſt bien vn des principaux points de la regle de charité,

92 630 1035 81 de deſtourner la violence qui tend à la ruine du public:

93 679 1031 75 & eſt treſcertain que ceſte excellente vertu qu’on nom¬

94 728 1030 77 me patience n’abolit point la iuſtice, ni n’eſtaint ce que

92 771 1029 77 nature a donné à l’homme auec la vie, aſauoir le deſir

93 819 829 69 de ſe conſeruer, ſur tout par honneſte moyen.

162 867 961 75 Au reſte, le iugement n’eſt ſans difficulté auiour¬

94 912 1029 75 d'huy ſus ceſte matiere, pour decider des afaires du

97 961 1021 74 m onde: d’autant que ceux qui ont le moins de droit,

93 1011 1029 76 ont tant plus d’aduocats. Les parties ſont tellement

93 1053 1028 81 dreſſees entre les hommes de toutes nations & qua¬

92 1107 1027 74 litez, que chaſcun veut eſtre iuge & partie en ſa pro¬

96 1151 1023 76 pre cauſe: ſe donnant licence d’en parler & vſer à ſa

91 1195 1030 81 mode, tandis que Dieu, ſeul iuge de ce fait, ſuſpend

91 1242 1026 74 iuſtement & ſelon ſa bonne volonté, la ſentence diffini¬

92 1290 1024 73 tiue, & execution d’arreſt de ce proces, ia intenté des

89 1338 1024 71 le commencement du monde, pourſuiui touteffois au¬

88 1385 1025 78 iourdhuy plus que iamais. Cependant, il y a ce bien

92 1434 1018 76 pour l’vne des parties, que deſia les eſpices ſont payees

89 1479 1023 79 à ſon proufit, par celuy qui eſt pleige & caution de tou¬

87 1527 1023 78 tes les redeuances d’icelle: lequel luy a fourny par eſ¬

86 1575 1024 70 crit vn ſommaire de l’arreſt, qui ſe prononcera à la

84 1621 1021 74 confuſion de partie auerſe, au dernier iour. C'eſt le

83 1674 1023 70 ſouuerain but de la conſolation de ceſte partie à pre¬

83 1712 1024 78 ſent foulee & meſpriſee. Il y a donc peu d’hommes

84 1760 1018 81 qui ſe portent pour ſimples ſpectateurs de ceſte trage¬

83 1810 1022 73 die: mais preſque tous pouſſez de Jeurs paſſions, ſe

81 1857 1024 76 mettent à meſdire ou à calomnier ceux qu’ils hayſ¬

80 1903 1022 110 ſent, & ſemble bien que ceſte folie tard reconue, ne

904 1970 65 57 F
