1378 2254
101 145 1038 72 furent contraints de ſe reduire ſous ceſt ordre. Et quand

103 204 1035 57 Datis lieutenant de Daire euſt vaincu les Eretriens &

106 249 1033 62 qu’il vint pour combatre les Atheniens à Marathon ils eſ

101 296 1038 64 leurent lors des magiſtrats, attẽdu que la diſcorde les me

102 343 1036 65 nacoit de ruine, qui procedoit, de ce que durant leur ab¬

100 389 1036 65 ſolue authorité popula ire ils s’eſtoyent portez ſi inique¬

100 438 1036 61 ment enuers leurs fidelles citoyens & bienfaiteurs, que

101 485 1033 62 ſouuent leurs recompenſes eſtoyent, qu’on les condam¬

98 530 1035 58 noit à amendes, banniſſemens, confiſcations, ou à la mort:

98 582 1033 61 ce qui auoit engendré vn extreme meſcontentement par

98 626 611 63 my les plus notables & vertueux.

217 115 780 44 LES TAI DE FRANCE.

142 669 990 64 AR. Ainſi faut-il donc tenir vn moyen conuenable

97 718 1036 57 en tout gouuernement, ſans toucher aux extremitez, qui

98 766 1033 67 voudra durer. Ce mal eſchet ſouuent aux princes qui ſont

97 813 594 66 gouuernez par mauuais conſeil.

124 859 1005 62 Po. Il eſt vray, mais on doit tenir pour vn mõſtre, qu'vn

96 907 1033 63 ignorant & beſtial occupe le throſne de ſageſſe & de gou

96 955 1032 61 uernement. Platon au cinquieſme liure de la Republique

96 1000 1032 59 dit a ce propos, que les royaumes ſeroyent heureux ſi les

93 1051 1034 53 ſages & philoſophes en eſtoyent adminiſtrateurs, ou bien

96 1093 1032 64 que les princes occupaſſent leur eſprit à la ſcience. Mais

95 1142 1034 62 il leur faut des Amans & Achitophels, & des faux pro¬

97 1189 1035 64 phetes qui les enchantent, puis qu’ils n’ont pas ſoucy de

95 1237 1037 65 leur charge, & qu’ils en ignorent volontairement le de¬

97 1291 113 47 uoir.

1032 115 100 47 105

139 1322 994 70 AR. Vous tiendrez pour flatteurs (comme à dire le

95 1377 1038 60 vray ils ſemblent bien en tenir) ceux qui alleguẽt le droit

95 1425 1039 62 du Roy recité par Samuel au peuple de Dieu & ce droit

95 1471 1037 55 ordonné eſtre eſcrit & ſerré au threſor du tabernacle: le¬

96 1517 1036 64 quel portoit que le Roy peut vſer & ſe ſeruir, non ſeule¬

95 1567 1036 58 ment des fruits & heritages & beſtail du peuple mais des

97 1616 1032 60 perſonnes meſmes en tel office qu’il luy plairoit. A cela

96 1672 1033 48 s’accorde ce qui eſt dit aux paudectes, au titre de iuſtice

96 1710 1031 58 & de droit, que ce qui a obtenu nõ de droit, eſt ce qui eſt

96 1754 1030 59 au profit de celuy qui peut le plus en vn eſtat, qui eſt le

96 1800 1027 60 prince. Il y a à ce propos pluſieurs paſſages de l’Eſcriture,

96 1850 1028 53 monſtrans ce qui eſt deu aux princes, & conformes à ce

98 1897 1025 60 que deſſus. Mais ſur tous ceſtuy eſt à remarquer que

95 1944 1017 62 ſainct Pierre dit, ſoyez ſuiets a tout ordre humain, crai¬

97 1991 1015 86 gnez Dieu, honnorez le Roy. Or ce Roy eſtoit Neron

1133 1910 130 118 1.Piea..

1127 1985 53 79 17.
