1364 2264
103 177 1038 62 diſoute du droit pretendu par eſgal reſpect, prendre

103 224 1038 68 & donner la loy enſemble: baillant gage chaſcun de ſon

108 274 1032 58 coſté, par oſtage, ou autre aſſeurance, que en telle ma¬

109 320 1031 59 niere ils ne capitulent. Diſans, nous ne donnons au¬

108 368 1033 63 cune loy, ains la receuons, promettans toute obeiſſan¬

109 417 1033 59 ce deue. Ce n’eſt donc ce qui ſe pratique entre pareils,

111 462 1030 59 qu’en accordant on reçoyue. Car autres que les princes

113 508 1028 58 n’en reçoiuent le proufit & l'honneur, & meſme le fruict

111 554 1034 61 qu'ils pourroyent eſperer de la victoire ſur nous, ne ſe¬

111 602 1036 63 roit que de donner la Loy & ſe faire obeir, ce qu’ils ont

114 651 1033 60 moyen de faire par vne victoire non ſanglante, tant

114 695 1033 63 honnorable & digne du nom d’vn Prince debonnaire,

119 744 1027 55 & nous donnant la paix. Que ſi nous nous venons

117 788 1031 61 rendre à leur mercy, ou bien ſoũs leur foy, nous n’atten¬

115 838 1040 60 dons que la mort. Car ils ont cela pour maxime de

117 882 1035 62 ne ne nous la tenir, diſpenſez de cela par les conciles de

117 929 1034 63 leur ſouuerain pontife: & les ſignes nous en ſont plus

120 979 1031 62 que deſcouuerts: car nous n’eſprouuons que felonnie;

118 1023 1032 62 on ne fait que nous violenter à feu & à ſang, ſans a¬

118 1072 1030 60 uoir compaſſion de nos miſeres. Quelle mercy atten¬

118 1119 1033 60 dons nous donc de ceux qui aiment de faire la guerre

118 1164 1032 58 à la nature, & deſchirent brutalement l’humanité? En¬

119 1211 1032 61 cor que nous fuſſions rebelles ( ce que ne ſommes) ſi

119 1256 1033 59 faut il que le prince quitte ſon offenſe au public. Si in¬

122 1305 1030 57 ſciemment nous auons peché, la iuſtice tient pour in¬

124 1353 1029 60 nocens, ceux qui, par ignorance & par infirmité, tres¬

124 1396 1031 57 buſchent. Mais l'equité de noſtre cauſe ſeroit bien aſ¬

123 1442 1032 66 ſez claire, ſi nous auions pour iuges autres que nos meſ¬

125 1491 1028 59 mes parties. Ceſſe donc la conſpiration & l’hoſtilité de

125 1539 1031 60 nos princes, ſubornez & aueuglez, autrement nous

127 1584 1028 63 ne pouuons quitter noſtre deffenſe, ſi par meſme moy¬

127 1632 1030 63 en nous ne voulons donner en proye nos vies & liber¬

128 1681 1030 54 tez, à ceux qui ne :recoyuent autres conditions de paix

130 1726 480 62 qu’en nous les arrachant.

223 137 772 45 LESMT DE FRANCE.

1086 115 56 83 C

184 1767 977 65 Voyla Monſieur mon nepueu, comment le monde eſt

128 1811 1032 68 atteint, qui ne peut ſouffrir la maladie ni le remede. Les

129 1865 1033 60 Roys & leurs conſeillers ſont honteux de ſe repentir, &

127 1911 1034 61 les ſuiets ſont irritez, & mis en extreme deffiance de la

130 1962 1030 79 volonté & amour de leurs princes. En leurs miſeres ils

921 2013 74 79 2
