1400 2257
239 72 74 82 152

234 137 1043 78 le blaſphemant. Que leur ſiege s’eſtablit, en iugeant les

237 194 1037 64 pauures en verité. Il n’eſt queſtion que d’iniuſtice, periure,

234 242 1041 66 & deſloyauté, entre ceux cy. Que les miniſtres des Roys

235 288 1040 66 ſont meſchans qui preſtent l’oreille à menſonge. Il nefaur

239 339 1033 55 pas dire verité à ceux cy a peine d’encourir leur male

239 383 1034 67 grace. Ce meſme Roy dit que les Roys ſe deſtruiſent dõ

233 432 1040 58 nant leur vertu aux femmes. Geux cy trainent touſiours

234 480 1035 61 vn bourdeau par tout, ils en font d’autres en toꝰ lieux où

230 524 1037 66 ils peuuent. Il eſt dit au 4.chapit. de l’Eccleſiaſtique, que le

230 570 1037 65 Roy nay tel, & qui eſt ſans ſageſſe, deuiendra à rien, &

232 618 1031 65 que de miſere & priſon l’hõme peut deuenir Roy. Il n’y

230 670 1034 62 a auiourduy autour des princes que propos de toute folie

229 714 1034 63 & n’y a q̃ ceux qui en font profeſſiõ qui ſoyent en leur bõ

228 761 1035 62 ne grace. Voyez, ie vous prie, ſi vn prince eſt vuide de tou¬

225 807 1037 63 tes ces vertus, s’il faut attendre de luy, ni de ſes fauorits, au

224 852 1032 59 cune bonne adminiſtration ciuile. Mais les effects s’en en

224 899 1031 67 ſuiuent pires, quand ils ordonnent tant de choſes contre

224 944 699 67 l’honneur de Dieu & l'vtilité publique.

459 80 617 70 MEMQIRES DE

269 993 987 65 AR. Vne loy ou edit d’vn prince, ne doit elle pas eſtre

220 1039 1035 69 receue quand elle eſt compoſee & faite, ſelon la forme &

222 1088 534 54 ordre acouſtumé en vn eſtat.

267 1133 989 65 Po. Il faut conſiderer en vne loy, premierement la

219 1182 1035 68 ſubſtance qui eſt le principal, & puis la forme & manie¬

216 1226 600 60 re, qui eſt ſeulement l’acceſſoire.

267 1275 986 71 AR. Ie vous prie me deduire vn peu cela par le

218 1331 140 52 menu.

265 1365 983 70 Po. Ce n’eſt pas choſe qui doyue proceder de l’appe

217 1421 1028 57 tit de quelques particuliers, que la conſtitution d’vne loy

217 1468 1034 55 ou ordonnance publique. Les Payens y ont bien ſceu te¬

214 1514 1035 60 nir vn bon ordre, comme Tite Liue recite, que la ſolenni¬

213 1562 1038 56 té de creer vne loy eſtoit nommee vn commandement

212 1606 1034 65 du peuple: le Magiſtrat requerant, dautant que le peuple

212 1653 1031 59 s’eſtoit reſerué le nom de Maieſté de Roy. Mais elle n'e¬

208 1696 1035 66 ſtoit arreſtee, que par l’authorité, & apres la ſentẽce don¬

212 1750 1031 58 nee des Peres conſcripts & ſenateurs qui eſtoyent pour re

212 1796 1031 61 gir l’inſtable ignorance de la tourbe populaire. Or ſi la

209 1840 1035 63 multitude vulgaire eſt ſuſpecte d’erreur, ce n’eſt de

208 1893 1036 54 merueille ſi pareille ſuſpicion eſt enuers l’ignorance ou

206 1936 1039 105 paſſion d’n homme ſeul, & qu’il ne luy faille aſfiſtance

1085 1984 159 83 & adui¬
