1376 2257
110 140 1036 68 luy en donner pour Roys, ſuyuant ce que Salomon dit

112 197 1030 62 auſsi, que mal-heur eſt à la terre, de laquelle le Roy eſt

115 250 1028 62 ieune:ſi le faut-il receuoir pourtant, car il eſt dit que Dieu

114 292 399 62 le donne tel qu’il eſt.

232 92 767 63 L'ESTAT DE FRANCE.

159 336 983 62 AR. Ceux qui ont opinion contraire, au regne des

107 389 1033 60 femmes, diſent que le gouuernement de Debora, & d’A¬

111 426 1025 64 thalia, ont eſté, l’vn extraordinaire, l’autre ryrannique, &

114 477 1030 57 que ſi le Royaume euſt peu aller en quenouille, comme

111 524 1027 61 on dit, Iojadas euſt eſté Roy de par Ioſabath ſa femme,

112 573 1030 58 qui eſtoit fille & vraye heritiere de lorã Roy de Iuda, &

112 618 1029 67 non Ioas qui fut fait Roy & qui eſtoit deſcendu de la race

110 662 413 60 de Dauid par Nathan.

159 707 983 69 Po. I'ay deſia parlé de l’ordre qui eſtoit en Iuda, que

112 757 1028 64 la creatiõ des Roys participoit de la ſucceſſion & de l'ele

112 803 1026 65 ction & le tout conforme à la parolle de Dieu, qui auoit

111 852 1024 62 dit, qu’il ne feroit point defaillir ſucceſſeur de la race de

112 896 1024 66 Dauid deſſus ſon throſne, & ce moyen laiſſoit-il au peu¬

116 946 1019 64 ple par loas, figure & image du vray Roy, ce qu’vne fem¬

109 994 1027 60 me ne pouuoit eſtre. En ceſte qualité, Iojada fit conſtituer

114 1040 1024 63 pour Roy loas ſur le peuple, encores que ce fuſt luy qui

112 1085 1025 62 euſt peu debatre le Royaume, ſi les loix qui ont eſté

110 1131 1027 65 declarees n’euſſent eu lien en luda. D’autrepart Iojada

109 1179 1024 62 eſtoit ſacrificateur de la lignee de Leui, au moyẽ dequoy

112 1227 1023 61 pour le regard & de l’office & de la famille, il ne pouuoit

107 1272 1025 60 eſtre Roy ne ſa femme Royne eſtãt le titre des femmes

107 1320 1025 65 forclos par celuy de leurs maris, quand bien la puiſſance

107 1365 1024 66 de l’election du peuple n’euſt eu lieu. Quant aux gouuer¬

106 1413 1022 61 nemens de Debora & d’Athalia ie l’approuue bien ain¬

107 1467 1024 56 ſi, mais en tous Royaumes les loix politiques ne ſe con¬

106 1507 1020 62 forment pas à celles de Iuda:car ſi les loix d’un pays por¬

106 1553 1022 67 tent qu’indifferemment la femme puiſſe ſucceder com¬

105 1599 820 63 me l’homme, cela luy appartiendra de droit.

1073 105 64 56 99

1159 195 158 77 Ecel.1o.16

1155 391 147 64 luges 4.4

1153 438 115 54 4. Rois

1157 475 64 74 11.3

1150 797 114 75 1. Rois

1152 857 47 72 9.5

148 1649 979 64 AR. Ils alleguent que la femme a eſté condamnée a

103 1694 1020 72 ſubiection par la bouche de Dieu.Item qu’elle ſe contiẽ¬

104 1740 274 58 ne en ſilence.

141 1786 987 68 Po. Ceſte condition à la ſemme d’eſtre ſuiette giſt à

101 1830 1030 69 l'endroit de ſon mary, mais l’hõme a de cõmun auec elle

99 1879 1029 60 toute autre ſubiection hors ceſte la de l’œconomie, com¬

96 1925 1027 76 me d’obeir au magiſtrat, au pere, au tuteur, & au maiſtre,

1146 1619 158 105 Gen.3.18.

1140 1694 149 89 1.Tim.2.

1140 1741 49 87 12.

864 1976 94 89 e 2
