1357 2257
114 167 1030 56 de leurs vies & libertez iniuſtement aſſaillies: quand, cõ¬

118 208 1026 62 ment il ſe doit & peut faire, par qui, & par quels moy¬

118 253 1028 64 ens. Parmy cela ſont traittez pluſieurs autres points qui

118 300 1028 64 en dependent, comme la lecture de ce dialogue le vous

118 351 1028 59 fera conoiſtre. Or ſcay ie bien que cecy ne fermera pas

124 398 1022 59 la bouche aux talomniateurs: auſſi n’ay ie pas entrepris

122 438 1024 67 de leur ſatiſfaire: mais bien leur prouuer, que par mi¬

122 490 1027 61 nes ils eſleuent l’authorité des Roys, mais en effect l’ab¬

122 541 1031 57 baiſſent en tout ce qu’ils peuuent. Et preten monſtrer à

124 586 1027 59 vous & à ceux qui ſont affligez comme nous, que le ſa¬

126 631 1029 66 lut des particuliers conſiſte en la prouldence de tous, &

126 682 1029 64 que chaſcun ſoit muni de ce qu’il doit reſpondre, pour

126 720 1031 71 maintenir la iuſte priſe des armes, que les chreſtiens ma

124 774 1035 62 nient contre les oppreſſeuts: & vſer tellement de ceſte

129 812 1030 73 prudence, qu’en conſiderant le paſſé, on puiſſe bien or¬

127 861 1034 64 donner de l’aduenir, pour ne ſe precipiter ny laiſſer cir¬

126 908 1037 73 conuenir auſſi. Ie deſire qu’ayez cecy pour agreablè, com

127 959 667 69 me de bon cœur ie le vous preſente.

201 95 773 74 L'ESTAT DE FRANCE.

1070 84 61 89 87

340 1077 608 102 DIALOGVE,

216 1190 871 113 De l'authorité des Princes & de la

408 1284 478 111 liberté des peuples.

361 1425 591 79 Archon & Politie parlent.

143 1508 1029 73 AR. (E n'eſt pas ſans raiſon que les anciẽs ont attribué

235 1553 939 66 Cvne malheureuſe principauté à l’homme, plus mi

143 1600 1033 66 ſerable qu’a pas vn de tous les autres animaux:car il ny a

144 1651 849 68 creature qui le paſſe en ſuperiorité de miſeres.

195 1709 981 49 Po. Ouy, mais les maux ſont diuers, car ceux du

148 1741 1032 70 corps viennent à l’homme par la nature de ſoy-meſmes,

152 1792 1028 62 au moins la pluſpart, & ont leurs ſources originaires ſail¬

152 1835 1033 66 lantes de la meſme terre dont il eſt fait, & le vice naturel

154 1886 531 62 les excite & pouſſe en auant.

197 1942 990 72 AR. Et bien, ma ſœur, quelle diſtinctiõ me ferez vou¬

918 1991 119 57 F4
