1431 2261
231 80 88 83 120

464 95 601 75 MEMOIRES DE

232 155 1036 76 merueille ſi les hommes eſliſent pluſtoſt la mort, que d'y

233 208 1040 70 ſuccomber. Car les pauures ſerfs eſtoyent en la puiſſance

231 260 1041 65 de leurs maiſtres, iuſques à leur oſter la vie, ſans repri¬

231 303 1037 73 mẽde, comme auiourdhuy les princes diſent pouuoir fai¬

234 351 318 64 re de leur ſuiets.

280 398 988 70 AR. Quoy? les Roys n’ont ils pas puiſſance ſur la

242 447 602 61 mort & ſur la vie de leurs ſuiets?

51 341 161 96 Du droie

48 424 159 57 des Prin¬

51 474 129 49 ces ſur

50 507 153 65 leuis fu¬

50 547 76 60 ieus.

281 503 984 52 Po. Ouy bien, mais auec conoiſſance de cauſe & in¬

229 538 1037 66 formations vallables, & non autrement. Les Dictateurs

230 582 1035 68 qui auoyent vne puiſſance ſi ample, pouuoyent faire paix

227 634 1041 68 & guerre, oſter & ſauuer la vie, ſans appel à plus grand:

224 684 1042 63 mais non de faire mourir vn citoyen, ſans conoiſſance

223 728 1042 65 de cauſe. Outreplus le Seigneur doit reciproque amour

223 775 1042 60 & fidelité à ſon vaſſal, comme ſon vaſſal à luy, & les cau¬

222 820 1040 69 ſes & felonuies pour leſquelles le vaſſal perd ſon fief, par

219 867 1046 65 icelle auſſi le ſeigneur perd ſon droit de vaſſelage. Ace

222 916 1043 68 propos ſe peut alleguer la Loy des douze tables, qui dit

222 962 1038 68 que ſi le patron ou deffenſeur fait quelque choſe au dom¬

217 1011 1044 64 mage de celuy qui s’eſt mis en ſa protection, il eſt loi¬

218 1057 1044 60 ſible de luy courir ſus comme à vn meſchant, & le

218 1105 1039 59 ſerf meſme par les loix, fuyant pour ſauuer ſa vie, pou¬

214 1151 1046 62 uoit fermer la porte de la chambre de ſon maiſtre, &

219 1199 1041 63 puis ſi elle eſtoit forcee, deffendre ſa vie comme il pour¬

217 1244 1040 68 roit. Et en la loy 2. des diuerſes reigles, il en eſt parlé au

214 1293 1044 67 long, & eſt là dit comme ces pauures ſerfs ne pouuoyent

214 1344 1043 62 s’obliger, & ne leur pouuoit rien eſtre deu, & que tou¬

209 1388 1048 64 te obligation a pris ſon commencement du droit des

214 1435 1043 64 gens, duquel comme auſſi du droit ciuil ils eſtoyent

209 1482 1047 69 interdits: & par ainſi incapables de l’vn & de l’autre

211 1528 124 64 droit.

253 1575 1004 67 AR. Ce que les princes pretendent ſus leurs ſuiets

211 1621 530 60 n’a rien de ſemblable à cela.

256 1671 1002 63 Po. Que ſera ce autre choſe (ſi ce n’eſt pis) s’ils ont

209 1719 1048 62 leur volonté pout toute loy, & que me mes ils oſtent la

213 1766 794 61 vie à leurs ſuiets hors tout ordre de iuſtice?

257 1812 998 58 AR. Vrayement nos ſiecles doyuent beaucoup à la

206 1861 1047 65 memoire de ce bon Antonin Empereur, qui corrigea ce¬

204 1904 476 64 ſte barbarie de ſeruitude.

252 1978 995 66 1a Cay ſaiuuriate pa Reud drbar.

1159 2006 91 61 AR.
