1385 2261
229 76 102 65 100

226 140 1029 64 mais les femmes ne laiſſerõt pas de cõmander aux hom

224 193 1032 61 mes, qui ſeront leurs fils ou pupilles, quant elles ſont ap¬

231 241 1027 57 pelees pour eſtre tutrices, gardiennes ou bailliſtres, ſelon

228 292 1025 54 les couſtumes des pays. Et quant au ſilẽce que S. Paul leur

227 332 1027 58 impoſe, c’eſt en l’Egliſe, là où il ne faut que la femme s’in¬

236 380 1019 63 gere à la predication de la Parolle ni adminiſtration des

232 429 1023 59 Sacremens. Il ne faut donc reietter le gouuernement des

232 474 1023 58 femmes, quand il leur eſt legitimement eſcheu. Vray eſt

233 520 1022 60 qu’il y faut adiouſter renfort de bon conſeil, à cauſe de

233 569 1021 62 l’imbecilité du ſexe: & confiderer en cecy que Dieu par

237 618 1017 58 ſon Prophete Iſaie les reconoit au meſme rãg des Roys,

237 663 1017 62 quand il dit qu'ils seront come nourrissiers à son Eglise,

233 713 1023 54 & les Roynes comme des nourriſſes, leur attribuãt droit

233 761 1025 59 au glaiue tẽporel, par le moyen duquel l’Egliſe doit eſtre

233 805 1026 52 aidee. On void auſsi l’Eſcriture faire mention du regne

233 851 1027 59 de la Royne de Saba, que Salomõ hõnora: & de Candace

233 895 1025 64 Royne des Ethiopiẽs, ſous laquelle eſtoit l’Eunuque que

233 945 1023 62 Philippes baptiza: & ne ſe trouue nulle part que ce gou¬

235 991 1024 60 uernemẽt ſoit reprouué de Dieu. Les femmes auſsi ſelon

236 1040 1024 59 les loix humaines ſuccedent aux fiefs nobles ptocedans

238 1087 1021 53 de leurs anceſtres. Pour cõcluſion, en la terre de Canaan

240 1131 1018 63 qui eſtoit figure de l’heritage eternel, Dieu a monſtré,

240 1178 1015 63 qu’il n’excluoit point les femmes d’aucun droit qu’il y

233 1227 1027 60 euſt concedé au peuple, quand il adiugea la portion de

238 1273 1020 64 Salphaad mort, ſans hoirs maſles, aux filles qu’il auoit

236 1318 163 68 laiſſees.

410 76 634 69 MEMOTRES DE

56 593 166 100 Mai. 49.23

65 1209 161 65 Nombres

70 1269 73 56 27.7

66 1351 174 70 De l'eſta¬

64 1405 158 52 bliſſemẽt

65 1452 162 56 des Prin¬

65 1492 68 71 ce¬

275 1366 985 63 AR. Reuenons, ie vous prie, à noſtre propos, & que

240 1418 1019 61 i’entende plus à plein de vous, l’opinion que vous auez de

242 1460 445 62 l’inſtitution des Princes.

286 1504 975 66 Po. Ie vous ay deſia dit ce qu’en porte la parole de

240 1555 1019 57 Dleu, & ce que la neceſsité en a enſeigné aux hommes.

242 1602 1021 61 Au ſurplus Iuſtin au 1. liure de ſon hiſtoire dit, que ſelon

240 1650 1020 57 l’ihtention & couſtume des premiers inſtituteurs, le gou¬

237 1695 1017 66 uernement fut mis en la main des Roys, leſquels (dic-il)

240 1743 1020 62 n’eſtoyent promeus au comble de Maieſté, par ambition

242 1791 1017 63 populaire, mais par ceſte moderation & temperance eſ¬

243 1837 1022 63 prouuee entre les bons. C’eſtoit au temps qu’il n’aparoiſ¬

242 1895 1024 51 ſoit aucun lien par les loix eſcrites, & que le iugement

243 1933 1018 57 deferé aux princes, eſtoit pour ordonnance au peuple.

246 1977 1019 90 Ces Princes eſtoyent pour defendre les bornes de l’Em¬

1170 2026 96 90 pire,
