1402 2254
110 135 1028 72 Car nature nous enſeigne cela, en nous renuoyant aux

110 192 1028 65 plus petis animaux: & pourtant en la cõpagnie de Chriſt,

110 241 1027 60 qui eſt le vray patron de pariẽce, il ſe portoit des glaiues.

105 289 1032 58 Ses Apoſtres luy dirent nous auõs icy deux glaiues. Puis,

109 334 1028 58 quand on le prit ils dirent, Seigneur, frapperons-nous de

112 381 1028 66 glaiue? Que ſi la defenſe d’vſer de glaiue euſt eſté gene¬

111 425 1031 64 ralle, luy qui eſtoit parfait obſeruateur des cõmandemens

111 475 971 62 de Dieu ſon pere, n’euſt iamais permis y contreuenir.

218 73 770 73 L'ESTAT DE FRANCE.

155 531 980 51 AR. Mais quand Pierre tira le glaiue leſus Chriſt l’en

112 571 1023 61 reprit, & dit, que qui vſeroit de glaiue, periroit par iceluy.

160 616 986 61 Po. Ouy, mais cela s’entend de qui en vſera ſans vo¬

112 664 1038 61 cation legitime, ce que faiſoit S.Pierre alors. Car il n’en

116 710 1032 62 vſoit pas cõme perſonne publique, ni aduouëe du public,

116 749 1030 75 n’eſtãt non plus Magiſtrat pour maintenit le droit par ar¬

116 803 1037 66 mes, ains Apoſtre pour preſcher. D’autrepart, ce n’eſtoit

119 849 1032 66 pas ceſte iuſte defenſe permiſe au particulier dont nous

117 895 1035 60 auons parlé: Car Chriſt tout puiſſant là preſent, ne luy

120 942 1036 66 permettoit pas, & luy reproche d’auoir predit qu’il faloit

121 990 1032 66 qu’il fuſt liuré, & s’il vouloit empeſcher qu’il ne beuſt la

121 1039 573 56 coupe à luy ordonnee du Pere.

1061 56 91 92 125

169 1081 983 66 AR. Comment s’accordera donc, ce qui eſt dit par

117 1129 1033 65 toute l’Eſcriture, concernãt la patience Chreſtienne, & ce

124 1180 1027 60 que vous alleguez de la priſe des armes:car ce ſõt choſes

121 1225 1031 63 dont ie demeure ſi irreſolu, q̃ i’en ay l’eſprit tout troublé.

1148 251 120 100 Luezs.

1150 339 90 77 18.49

1157 507 145 103 Mad.16.

1159 571 32 80 52

172 1268 1157 68 Po. I'ay deſia dit en quel ſens ſe doit prendre ceſte Commér

124 1318 1206 63 patience tant recõmandee de Dieu aux Chreſtiens. Et de on ſe doit

122 1369 1206 59 fait il ne faut point eſpargner ſa vie, quãd il eſt queſtiõ de &peur cõ¬

122 1411 1028 59 l'hõneur de Dieu & de l'vtilité publique: ains patiemmẽt

129 1460 1022 61 porter toutes iniures quãd cela peut edifier, & que la cha

124 1506 1202 64 rité meine l’hõme à telles eſpreuues. Quant à deſobeir, comman¬

126 1554 1172 55 & meſme reſiſter aux Princes, voicy comment la choſe ſe demens

125 1601 1178 64 diſtingue: C’eſt que quãd il ya cõmandemẽt iniuſte, il n’y iniuſtes.

125 1649 1037 60 faut obeir. Si l’homme à qui eſt fait ce cõmandement eſt

129 1696 1034 60 perſonne particuliere, qu’il euade cõme Chriſt aduertit, ſi

129 1745 1034 58 on vous perſecute en vne cité fuyez en l’autre. Si lon ne

131 1791 1034 61 peut, en reiettãt les mauuait cõmandemens il faut ſuyure

129 1837 1036 57 l'exemple des ſages femmes d’Egypte, qui ne voulurent

130 1883 1035 64 point tuer les enfans ſous l’edit de Pharaon:celuy de Da¬

129 1929 1039 64 niel & ſes compagnons, qui n’obeirent à Nebuchadneſar

131 1976 1032 91 qui leur cõmãdoit impieté, & autres tels qui ſe rapportẽt

1162 1401 171 50 duirequãd

1163 1442 170 54 les princes

1161 1482 157 50 font des
