1438 2257
47 225 167 100 Lle..1.53

230 76 91 84 108

232 147 1024 69 timement inſtitué comme ayant Dieu pour ſpecial au¬

223 203 1038 60 theur, & touteſfois quand lesanciens du peuple auec les ſa

231 250 1026 62 crificateurs vindrent pour apprehender Ieſus Chriſt il les

224 297 1034 61 nomma puiſſance de tenebres, monſtrant;que les princes

225 343 847 62 qui vont centre Dieu ſont miniſtres du Diable.

449 91 608 66 MEMOTRES DE

264 387 994 61 AR. Mais ſi eſt ce que Chriſt y rendit obeiſſance, &

225 437 801 60 reprit Pierre qui en vouloit vſer autrement.

273 494 988 51 Po. Chriſt en vſa comme homme particulier, lequel

228 531 1034 54 ne doit ſinon ſouffrir, ou fuir en deſobeiſſant aux mau¬

227 599 1034 39 uais commandemens der ineglittstece mommd arlerle

227 625 1034 64 que l’vſage du glaiue n’eſtoit legitime en ceſte maniere

228 674 430 60 dont il en vouloir vſer.

52 699 172 79 A qui ap¬

55 764 147 53 partient

51 801 174 54 de manier

51 845 158 64 le glaiue.

264 713 999 70 AR. Il n’y a donc autre qui en puiſſe vſer que le prin

228 766 253 60 ce ſouuerain.

281 807 985 63 Po. Si font bien les puiſſances inferieures, comme il

235 863 1033 57 y en auoit en Iſrael creées de Dieu, aſauoir les anciẽs qui

235 907 1032 61 auoyent la puiſſance ſous le prince, & eſtoyent electeurs

242 957 1020 56 des Roys & les chefs des lignegs, qui auoyent leur char¬

233 1000 1029 66 ge ſi expreſſe en la conduite du peuple, que pour ne l’a¬

240 1053 1022 54 uoir empeſché de preuariquer, ils furent tous pendus en

234 1092 1032 65 la face du ſoleil. Iacob dit que ce ſceptre ſera en la famil¬

233 1139 1033 63 le de luda, iuſques a la venue de Chriſt & cependant de¬

234 1188 1033 62 puis les Machabees il y eut deux Roys de la race ſacer¬

235 1236 1032 60 dotale, & depuis encores, Herodes fils d’Antipater Idu¬

235 1283 1032 59 meen le fut, qui fait dire, pour maintenir la verité de la

234 1330 1034 60 prophetie de lacob, que la puiſſance ſouueraine eſtoit cõ¬

233 1375 1036 58 muniquee à ces anciens, leſquels, comme dit Philo Iuif, fu

234 1423 1034 62 rent pris de la race de Dauid, apres la captiuité de Babylo¬

234 1470 1037 58 ne que le conſeil des anciens d’Iſrael fut reſtably, & fut

234 1515 1035 59 nommé Sanhedrin, lequel Herodes deſfit depuis. Il y a

233 1563 1035 62 auſfi les grands perſonnages bienfaiteurs de la patrie qui

240 1608 1028 58 y ſont compris, comme eſtoit Ioſeph, qui ſubuint ſi bien à

234 1660 1034 60 la neceſſité d’Egypte, lequel ſe nommoit pere de Pharaõ,

232 1705 1035 61 ſeigneur de ſa maiſon & dominateur de toute ſa terre.

234 1749 1037 60 Naaman ayant affranchy les Syriens fut auſſi tiltré de ce

244 1831 1026 32 nom. Telles gens que ceux la ſe deuoyent oppoſer à la vo

244 1831 1026 32 nom. Telles gens que ceux la ſe deuoyent oppoſer à la vo

234 1849 1035 59 lonté des Roys pour maintenir le public, & par faute de

234 1890 1038 63 l’auoir ainſi fait, Oſee reprent les Iſraelites, & menace le

237 1941 1032 60 peuple de ruine, pour auoir obey aux commandemens

233 1986 1039 95 mauuais, declarant qu’ils deuoyent s’addreſſer à Dieu, &

54 961 168 64 Exod. 18.

52 1038 171 60 Nob.25.4

58 1035 63 15 cur

56 1594 162 89 Gen.45.8.

56 1087 167 59 Gen. 4.9.

63 1122 52 84 10.

56 1790 175 79 2.Rois. 5.

58 1873 149 81 oſte 5.7.

1133 2036 139 69 quitter
