1419 2257
22 1675 183 82 De la ſer¬

22 1740 126 94 uitude.

217 99 85 80 118

400 111 615 64 MEMOTRES DE

213 163 1037 73 le droit de parentage pour heriter & retirer biens. Pour

212 218 1033 67 puiſſance, comme le ſeigneur ayant droit d’homme ſur

212 268 1036 63 celuy qui luy eſt vaſſal ou ſuiet. En ſomme auſſi le droit

214 317 1034 56 eſt pris pour toute ordonnance qui ſe conſtitue, eſtant

212 361 1036 62 conforme à la iuſtice. Les peuples s'en ſont diuerſe¬

212 407 1037 61 ment accommodez par leurs couſtumes, leſquelles, ſi el¬

212 456 1036 61 les ne ſont conuenables, le prince les peut reformer, s’ac¬

209 504 1038 62 commodant doucement au temps & aux perſonnes, ſans

212 551 1033 60 s’vſurper là deſſus trop violentement quelque puiſſance

210 598 1035 56 d’en ordonner, ſans le cõmun conſentement de ceux qui

214 643 1033 64 y ont plus d’intereſt. Car la choſe frauduleuſement obte¬

209 692 1041 59 nue, ou poſſedee, ou par force vſurpee, ne peut eſtre appe

208 739 1035 60 lee iuſtement droit: & quelques vns au lieu de ce mot tus,

212 784 1031 58 y mettent par tranſpoſition de lettres vis, qui eſt force au

209 831 1031 58 lieu de droit. Mais ſelon Donat & Vlpian iuriſconſulte,

207 878 1033 61 la vraye definition de droit, ceſt l’art de ce qui eſt equita¬

207 927 1031 57 ble, & qui erige toutes choſes bonnes, fermes & ſtables.

207 974 1032 61 Le prince a droit d’adoucir la rigueur de la loy, & ce par

209 1023 1033 61 vne interpretation pleine d’humanité, afin cependant que

205 1068 1035 61 l’intention du legiſlateur ſoit obſeruee. cela eſt ce que lon

204 1113 1036 68 nomme l’equité, qui eſt dite par Ciceron en la harangne

208 1164 1030 61 pour Cluence, vne relaſche de la loy. C’eſt pourquoy en

204 1208 1034 62 ce decret fait par Conſtantin & Licinius ſon aſſocié, qui

204 1255 1036 59 eſt au Code, en la loy 8. des iugemens, il eſt dit qu’il faut

205 1304 1037 60 qu’en toutes choſes la raiſon de iuſtice & equité aille de¬

204 1349 1036 59 uant le droit preſſé & eſtroit, ne ſentant qu'vne rigueur

203 1403 1034 55 de la loy, dont quelques fois naiſt d’extreme droit extre¬

204 1445 1035 64 me iniure. Voyla pourquoy les loix imprimees par la na

203 1494 1035 59 ture, & receues par les gents, ſont donnees en garde aux

201 1538 1039 61 magiſtrats, afin de les faire obſeruer, & de les fidele¬

201 1588 1038 63 ment interpreter ſelon l'equité, pour rendre le droit à

200 1637 185 58 chaſcun.

238 1671 997 71 AR. Voyla qui eſt bien loin de l'opinion de pluſieurs

204 1727 1036 62 Roys qui eſtiment, que leurs ſuiets, auec leurs biens &

200 1772 1039 64 leurs vies, ſoyent en leur pleine diſpoſition: qui ſeroit ra¬

201 1820 1039 65 mener l’ancienne ſe ruitude abolie par vn ſainct conſeil,

203 1870 1035 57 voire vne tvrannie manifeſte, comme tous auteurs ſa¬

199 1915 879 56 crez & profanes le demonſtrent ſuffiſamment.

242 1958 997 65 Po. On peut iuger que l’inuention de l’eſtat des Prin

200 2011 1039 88 ces procede de la crainte de ſeruitude, punition naturel¬

1094 2056 150 90 lement
