1369 2252
72 132 1045 74 defend telle choſe, & meſme ſpecialement il eſtoit dit,

75 193 1042 67 dit, qu’il n’y auroit aucune paillarde au milieu de ſon

78 238 167 71 peuple.

202 90 764 57 L’ESTAT DE FRANCE.

128 273 986 66 AR. O Dieu, que ta longue patience eſt à admirer,

76 326 1039 60 ſi eſt-ce que ton ire qui vient de loin ne paſſera pas en

80 376 1038 61 vain, ſur les impenitens & obſtinez. I’ay l’eſprit ouuert

80 422 1037 65 en la conoiſſance de beaucoup de choſes depuis noſtre

81 471 1036 63 conference (ma ſœur) & me reſouls moyennant la grace

80 515 1036 64 de Dieu de ne me ranger du coſté de ces princes ſangui¬

82 564 1036 62 naires, ennemis de Dieu & de la nature. Le vice naturel

82 611 1032 63 des hommes eſt matiere propre à produire tout mal:

82 656 1034 63 mais les flatteurs ſont les allumettes, qui enflamment le

81 704 1035 64 feu, & principallement quand ce ſont miniſtres de ſuper¬

82 751 1032 64 ſtition, comme auiourdhuy ſont preſque tous ceux du

83 796 1028 64 conſeil des Princes, leſquels condamnent les vrais ci¬

82 848 1022 56 toyens & ſeruiteurs de Dieu. Amos fait mention d’vn

86 892 1027 61 Amazias ſacrificateur de Bethel, qui diſoit à leroboam

88 937 1023 65 Roy d’Iſrael, qu’iceluy Amos auoit tenu propos de con¬

90 987 1027 62 ſpiration contre le Roy, & contre le peuple, tels que la

90 1030 1027 59 terre ne les pouuoit ſouſtenir, & le vouloit chaſſer, à cauſe

92 1078 1026 63 que la doctrine d’Amos nuiſoit à la fauſſeté & flaterie de

90 1127 1028 61 ceſt impoſteur qui nourriſſoit le Roy en ces vices: & que

92 1172 1025 60 par la verité Amos admonneſtoit les hommes à repen¬

90 1219 1029 59 tance, pour venir à ſalut. Ceſt Amazias maintenoit que le

92 1266 1027 53 ſeruice fait à Dieu en Bethel eſtoit bon, puis qu’il eſtoit

93 1312 1024 65 approuué par le Roy, & que ce ſeruice diuin dependois

91 1359 1027 62 de l’authorité Royale, & pourtant le Roy contraignoit

93 1404 1020 66 Ie peuple. Mais le meſme Prophete predit là deſſus plu¬

95 1455 1016 65 ſieurs ſortes de maux, ſur le Roy, ſur le peuple, & gene¬

95 1500 768 60 rallement ſur tous ſes flateurs & adherans.

1062 93 52 57 115

1122 848 158 69 Amos7.10

137 1553 967 59 Po. Ie ſuis bien aiſe (mon frere) de vous roir es

97 1595 1007 60 termes où vous eſtes, & que voſtre trouble ſe termine par

97 1638 1012 60 vne ſi ſaincte reſolution. Suyuant voſtre propos, il y a

100 1689 1006 62 grande conuenance, en ce qui differoit de la Religion

101 1735 1003 62 des luifs & des Iſraelites ſous Ieroboam, & celle qui

97 1786 1003 60 eſt entre les Catholiques Romains, & ceux de la Reli¬

101 1825 1003 68 gion reformee. Les vns & les autres des anciens auoyert

99 1880 1010 58 vn meſme Dieu, meſme Loy, meſmes Sacremens & ſa¬

99 1923 1005 64 crifces, comme les vns & les autres, ceux d’auiour¬

99 1962 1008 94 dhuy ont vn meſme Dieu, meſme Mediateur, meſme

1117 1552 165 50 Conferéce

1115 1597 167 54 & differen

1119 1630 163 60 ce de la

1118 1675 150 55 Religion

1122 1715 132 56 des luifs.

1118 1757 162 54 & des Iſ¬

1115 1801 137 43 melites :

1121 1837 150 50 enſemble

1124 1874 151 58 de la Pa¬

1119 1921 161 55 pitique e

1117 1955 156 69 teformec:
