1404 2257
255 58 98 92 142

255 139 1032 64 peut remedier. Terence en ſa troiſſeſme Comedie propo

253 180 1036 64 ſant le viellard Menedemus, dit que ce n’eſt point ſe meſ¬

254 229 1035 66 ler des afaires d’autruy, quand on entreprent ce qui con¬

252 274 1037 67 cerne l’vtilité des hommes. Ce ſont raiſons dependantes

254 323 1034 65 de ce precepte, Tu aimeras tõ prochain cõme toymeſme.

298 369 991 64 AR. Ie vous veux reciter vnſonnet en paradoxes, qui

253 415 1031 69 me ſemble aſſez bien fait à propos de ces paix fourrees,

255 472 1027 59 que vous auez tant à contre cœur, comme elles le meri¬

254 517 202 71 tent auſſi.

466 57 649 80 MEMOIRES DE

319 568 960 101 La paix est vn grand mal, la guerre eſt vn

244 686 973 92 La paix eſt nostre mort, la guerre eſt nostre vie,

400 640 242 80 grand bien.

250 756 865 80 La paix nous a eſpars, la guerre nous rallie.

247 810 922 95 La paix tue les bons, la guerre eſt leur ſouſtien.

333 872 943 98 Par pipepred nabme. lagcere as vro

401 942 208 72 chreſtien.

248 984 803 86 A celuy doncqui a d'vn bon repos enuie,

248 1050 750 82 Et qui veut recouurer ſa liberté rauie,

244 1112 959 82 La guerre eſt neceſſaire, & la paix ne vaut rien.

312 1173 759 74 Ie ne ſuis touteſſois de la paix ennemy,

249 1228 773 84 Ie ſuis du bien public zelateur & amy,

250 1292 957 86 I'ay en horreur les maux qui regnent ſur la terre.

311 1355 869 76 Mais i’oſe maintenir, que nous eſtans pipez

248 1409 1020 83 Pluſieurs fois parla paix, & par guerre eſchappez,

248 1468 907 93 Pour eſtablir la paix, qu’il faut faire la guerre.

284 1543 820 73 Po. Que vous ſemble du dire de ceſtuy là?

281 1591 986 74 AR. Il me ſemble qu’il a raiſon, ſi tãt eſt que ſes plain

240 1641 1024 64 tes ſoyent vrayes, & vous promets, ma ſœur, que pour in¬

240 1690 1019 70 tereſt que i’aye en telles choſes, ie ſuis tant amy de la rai¬

240 1740 649 68 ſon, que ie m’y rengeray touſiours.

286 1780 867 68 Po. Vous ferez bien, & bien vous en prendra.

283 1828 977 70 AR. Ce qui me fait plus eſmerueiller, c’eſt que non¬

235 1869 1037 70 obſtant tant d’incommoditez & hazards, ceux de la Reli

242 1922 1030 74 gion ne laiſſent point de pourſuyure, & ne veulent rien

238 1987 554 73 flennn deropamon la ils ont.

1188 2017 85 93 Po.
