1388 2257
250 68 103 74 106

253 132 1024 77 le plus meſchant des Empereurs tyrans, & touteſfois l'A¬

256 193 725 61 poſtre veut que ſon droit luy ſoit rendu.

311 236 970 67 Po. Ce paſſage de Samuel eſt mal pris en ce ſẽs, car

246 284 1034 65 ce n’eſt pas vne. ordonnance, mais vne menace, que lepeu

256 334 1026 60 ple auroit au lieu de Roys des ſuperbes tyrans, & voulut

253 379 1028 63 qu’il fuſt eſcrit afin qu’il leur ſouuinſt mieux qu’il leur a¬

253 426 1028 65 uoit predit. Et void on par la pratique, que pour auoir oſté

252 473 936 62 la vigne a Naboth. Achab & leſabel en furent punis.

470 66 606 76 MEMOIRES DE

296 521 986 68 AR. Mais ce fut pour l’auoir fait mourir, & non pour

252 559 173 72 la vigne.

298 603 992 74 Po. Si le Roy euſt eu ce droit là, il auoit iuſte raiſon

250 660 1038 63 de faire mourir Naboth, comme deſobeiſſant & rebelle,

254 709 1032 69 mais l’heritage de Canaam eſtoit comme vn gage de la

258 768 422 48 vraye Canaai ceſeite.

86 778 164 80 1.Sam.14.

91 842 48 49 24

303 796 987 76 AR. Et que direz vous de ce que Dauid print l'aire

258 853 195 58 d’Areuna.

307 883 981 73 Po. Ie diray qu’il n’eſtoit pas Iſraelite, ains Iebuſien,

258 941 1030 67 & que l’aire fut pour vn fait public, & non pour ſe l’appro¬

261 985 1025 70 prier. Car Dauid y fit baſtir vn autel pour ſacrifier & ap¬

262 1036 1028 64 paiſer le Seigneur. Dauantage, il eſt expreſſement dit en

261 1084 1029 63 l’hiſtoire, que Dauid paya l’aire & les bœufs, encor qu’A¬

262 1132 1030 60 reuna luy en fiſt preſent treſvolontiers. Quant auxperſon

259 1179 1034 63 nes, il y a vn paſſage expres, monſtrant que le Roy ne pou

263 1216 1028 66 uoit ſur leur liberté que par la loy: aſauoir en leremie, là

262 1270 1031 61 ou il eſt dit, que ſuiuant la loy on auoit relaſché de ſerui¬

267 1317 1028 58 tude les ſerfs Hebrieux, & que Sedechias Roy & ſes prin

263 1366 1028 59 ces, contre la Loy les auoyent derechef aſſeruis. Parquoy

263 1413 1034 61 leur ſont predites de griefues peines. Il faloit donc que

264 1459 1033 61 leur liberté leur demeuraſt, & q̃ le Roy obſeruaſt ce qui

266 1509 1031 58 luy eſtoit enioint de Dieu, qui eſtoit de ne remener le

269 1555 1024 64 peuple en Egyte, ne ſe faire grands threſors & amas,

267 1601 1034 60 qu’il n’euſt pluſieurs femmes & ſur tout qu’il leut le liure

267 1650 1035 52 de la Loy tous les iours de ſa vie, aſin d’aprendre à ne s’eſ

266 1694 1039 61 leuer ſur ſes freres. Il eſtoit bien eſleu de Dieu comme il

267 1740 1038 64 eſt là dit, mais il eſtoit conſtitué par le peuple ſur ſoy. Il

266 1790 1041 61 ne pouuoit donc prendre les heritages, pour leſquels con

267 1839 1040 59 ſeruer, Dieu auoit ordonné le Iubilé, qui rompoit tous en

271 1885 1035 58 gagemens, & en l’an cinquantieſme remettoit la terre

91 1925 1217 66 Leu.25.ui aux mains des vrays poſſeſſeurs. Les mariages ſe prati¬

276 1973 1032 103 quoyent que le frere ſuſcitaſt ſemence au frere à cauſe

88 1216 162 79 let:34.14.

88 1562 162 68 Deut. 17.

91 1601 64 74 1e.

92 1966 162 77 beut.25.i

1236 2018 77 88 cés
