1445 2259
261 71 89 73 110

256 135 1035 64 teſfois il y a vn axiome aux Pandectes, qui dit qu'il

257 193 1036 59 n’eſt ſous la loy, combien que par honneſteté il s’y doit

257 237 1033 57 renger. Par ainſi puis que c’eſt luy qui la donne, il ne s’y

257 288 1033 55 ſubmet pas s’il ne luy plait, ou autrement on ne doit

261 337 1029 60 point nommer ſa puiſſance, ſouueraine, mais bridee &

254 380 206 55 reſtreinte.

482 77 611 69 MEMOIRES DE

301 412 987 72 Po. Le prince eſt ſuiet à la loy diuine qui eſt eſcrite,

250 466 1034 64 &à celle de l’equité naturelle imprimee au cœur de tous

253 517 1030 61 hommes, & ſes loix & edits qu’il donne n’en ſont ou n’en

252 566 1031 61 doyuẽt eſtre ſinon les expoſitions. Et ne faut pas faire de

252 614 1029 61 la loy vne toile d’araignee, au trauers de laquelle les gros

252 658 1031 62 paſſent, & les petits demeurent. Demoſthene en ſes phi¬

249 706 1035 62 lippiques dit, que la Loy eſt vne inuention & don de

249 752 1032 63 Dieu, & vne ordonnance des ſages, pour reprimer les

248 800 1030 60 malefices, maintenir de la cité, & à la reigle de laquelle,

251 853 1030 50 tous ceux de la Republiquę doyuent dreſſer le cours de

248 893 1031 59 leur vie. Ciceron en la harangue pour Cluence dit, que

248 942 1030 60 l’entretenemẽt & conſeil de la Republique eſtans ſituez

244 987 1034 58 dans les loix, faut neceſſairement que le prince y ſoit ſu¬

244 1035 1032 60 iet:d’autant que ſon authorité ſourd de là, & ſe maintient

248 1080 1025 60 par la conſeruation de iuſtice, qui eſt deſcrite en icelle.

244 1126 1027 63 Papinian Iuriſconſulte, dit que la loy eſt vn commun pre¬

247 1175 1027 63 cepte & aduis arreſté des hommes prudens, la coerçion

248 1223 1023 55 ou reſtreinte des delits, & vne commune ſponſiõ ou pro

248 1268 1025 61 meſſe de la choſe publique. Chriſippe dit, que la loy

246 1316 1025 60 eſt royne tant des choſes diuines que humaines, qui non

244 1361 1029 60 ſeulement preſide aux choſes honneſtes & vilaines, mais

244 1408 1027 62 tient la ſouueraineté, & preſcrit la reigle aux iuſtes & in¬

243 1458 1030 58 iuſtes, monſtrant ce que nature commande, pour vi¬

241 1500 1033 62 ure en ciuile ſocieté, & monſtrant auſſi ce que nature def

239 1548 1031 60 fend. Ciceron au premier liure des loix parle auſſi ſain¬

239 1595 1032 57 temẽt, diſant que le droit & la loy ne ſont pas eſtablis du

238 1645 1031 59 commandement des peuples, des decrets des princes, ne

237 1692 1033 66 des ſentences des iuges: mais par la reigle donnee de na¬

236 1741 104 56 ture.

279 1778 991 68 AR. Voyla donc l'erreur d’Epicure & des Stoiques

233 1832 1037 60 deſcouuert, qui tiennent que ce n’eſt point par ſemence

233 1876 1033 61 de iuſtice qui reſide en nature que l’homme deſire cho¬

234 1925 1000 89 ſes droites:mais qu’il s’y adonne par la crainte des loix.

1191 1971 76 87 Po.
