1392 2261
109 143 1022 54 Iojada enuers Athalia, S. Pierre en Ananias & Saphira,

111 192 1020 54 S. Paul en Elimas, Item Samuel qui condamne Saul, &

115 227 1016 68 Nathan qui en fit de meſmes à Dauid, leurs Roys. Il y a

111 280 1027 57 auſsi des executeurs extraordinaires de la iuſtice de Dieu

111 325 1025 66 contre les tyrans vſurpateurs, comme Aod enuers Eglon,

111 373 1030 64 & pluſieurs autres,dont les exemples ſe trouuent au liure

111 423 1030 55 des luges. Item d’autres contre les Roys deuenus tyrans

111 463 1030 62 & induiſans le peuple à idolatrie, cõme Baaſa qui exter¬

115 513 1025 64 mina la maiſon de Ieroboam, & Iehu qui en fit autant à

118 560 1025 65 toute la race d’Achab. De tous ces moyens icy Dieu a

118 607 1027 57 vſé extraordinairement, ſuſcitãt ces miniſtres & officiers-

120 655 1025 64 là, quand les ordinaires ont defailly: ainſi que lon void par

118 702 1029 57 le defaut des Sacrificateurs miniſtres ordinaires, il a ſuſci¬

118 748 795 63 té les Prophetes miniſtres extraordinaires.

233 69 753 79 L’ESTAT DE FRANCE

167 793 982 61 AR. Les Princes ne doyuent-ils receuoir reprimende

119 847 662 58 ou punition que par ces moyens-la.

165 900 983 53 Po. Si font bien. Car il y a les puiſſances inferieures

116 938 1032 62 & deputez du peuple, autheurs des Princes, qui les ayant

118 983 1025 64 faits les peuuent defaire, & tels ne peuuent laiſſer par rai¬

121 1030 1027 62 ſon la principauté decliner à tyrannie, car ils trahiroyent

120 1079 1021 62 la patrie qui a conſtitué tels eſtats pour empeſcher la ty¬

120 1126 1021 57 rannie. Si elle ſuruient, c’eſt aux ſuiets particuliers de re¬

120 1168 1021 62 courir humblemẽt & ſans cõfuſion au remede vers ceux-

124 1218 1031 63 là qui ſont cõ me ſouuerains Magiſtrats par deſſus le Prin¬

124 1266 1033 65 ce, en ceſt endroit, quoy qu’ils ſoyẽt priuez & au deſſous

129 1312 1030 64 pour vn regard ordinaire. Et ne faut point penſer que le

128 1357 1034 64 Prince puiſſe, ſans tyrãnie, oſter ceſt ordre: car cela vient

126 1405 1034 64 de la premiere ſource des gouuernemẽs eſtablis de Dieu

128 1452 1032 62 & de nature, cõme il en a eſté parlé. Outre cela, autant en

134 1501 1025 65 peuuent faire tous inferieurs & tributaires cõquis ou en

130 1545 1028 61 ſuiettion d’vn Prince, lequel ſortant des conuenances des

131 1590 1032 68 loix & de l’equité oppreſſe & tyrãniſe ſes ſuiets:s’ils n’ont

131 1637 1031 63 Ia puiſſance de le demettre ou punir, ils ont tout droit de

131 1686 1029 67 ſe retirer de ſon obeiſſance, & ſe defendre contre ſes in¬

133 1733 650 67 uaſions, comme contre vn brigand.

1152 131 119 72 2. Rois

1152 190 90 47 11.15

1150 216 157 66 Actes 5.e,

1153 272 162 49 10, & 13.11

1148 307 168 57 1.Sa.15.23

1152 350 168 54 2.Sa.12.10

1156 390 162 84 luges s.2t

1154 472 166 55 1.Rois 15.

1153 542 167 65 2.Rois 10.

1158 592 30 86 17

1163 896 161 57 Par quels

1161 938 134 56 moyens

1158 1009 168 27 2

1160 1023 152 42 les mau¬

1159 1057 168 47 uais Prin¬

1158 1102 167 56 ces peuuẽt

1158 1143 149 44 eſtie re¬

1160 1181 128 68 primez.

183 1777 981 70 AR. Où eſt-ce q̃ cela ſe trouue prarqué en la ſaincte

134 1825 1026 70 Eſcriture, qui ait teſmoignage d’eſtre approuué de Dieu.

183 1875 621 64 Po. Il y en a pluſieurs paſſages.

179 1919 981 70 AR. En monſtrerez-vous qui ſe ſoyent ainſi armez

134 1969 698 89 contre leurs Prinees, pour la Religion?
