1383 2257
277 60 71 105 158

267 139 1041 82 rangeray de la part des vrais Princes. Oſtez à vos ſuiets

263 198 1043 60 toute cauſe de desfiance & la neceſsité d’entendre à ſe

265 248 1037 66 garder. Ne les traitez plus comme ennemis, ains com¬

262 293 1040 61 me enfans & membres de la republique, & parties du

259 339 1039 67 corps dont ils vous ont conſtituez chefs, & vous eſprou¬

259 388 1038 59 uerez que la clemence vaut plus que la rigueur. La con¬

259 436 1036 55 ſeruation de ſoy-meſmes eſt vne loy inuiolable de na¬

258 480 1038 67 ture, plus forte que toutes autres, qui n’eſt point enſei¬

261 532 1031 61 gnee des hommes, mais nee auec eux, & emprainte en

259 575 1033 65 leurs eſprits, & diuinement engrauee aux cœurs de tou¬

261 623 1031 59 tes creatures. Ainſi, tout homme qui ſe verra reduit à la

261 667 1027 67 derniere anchre, il s’atrachera à ce que la neceſsité luy

259 715 1029 59 monſtrera pour ſa conſeruation. Or la crainte & le

259 762 1029 63 deſeſpoir en quoy vous mettez vos ſuiets, ſont deux

264 817 1026 58 grands tyrans de l’ame, & ſachez que le malheur ne ſe

258 858 1030 62 terminera pas ſi toſt, ſi vous pretendez auoir d’eux ce

259 904 1028 65 qu’ils ſe ſont perſuadez eſtre iniuſte. Car quand bien par

259 954 1028 60 vos armes, vous les auriez reprimez & conſumez, les

261 996 1026 62 eendres des morts & bannis rallumerõt vn nouueau feu

264 1043 1021 69 par apres. Dautrepart, ſi par infirmité ils ſe ſentent con¬

258 1090 1032 64 trains de condeſcendre à conditions iniques, ne pouuant

256 1137 1032 60 mieux, ils ne feront qu’eſpier le temps de s’en releuer, &

258 1182 1027 69 par là vous & vos peuples amaſſerez l’ire de Dieu, dau¬

254 1230 1033 66 tant que tous viendrez à vous deprauer. Ils voyent ceux

254 1277 1029 59 qui ont coniuré leur mort qui vous poſſedent. Ces cho¬

252 1325 1035 66 ſes font que tous oppreſſez qu’ils ſont, n’eſperans point

250 1371 1035 64 de iuſtice, le cœur & la vigueur leur croiſt à pouruoir

249 1418 1037 65 que leurs vies & libertez ne ſoyent expoſees en proye

247 1464 1038 66 à leurs ennemis iurez & plus que mortels. Donc Roys

244 1510 1041 68 & Princes Magnifiques, quand bien la parole de Dieu ne

245 1558 1037 67 vous eſmouueroit à regarder de pres à voſtre deuoir, ni

244 1603 1041 64 le zele à la iuſtice, ni l’amour du publie, qui ſont choſes

244 1651 1041 68 neceſſaires à vn vray Prince: au moins que le deſir de

244 1702 1041 63 durer en vos regnes, & voſtre reputation, vous y facent

244 1744 1041 70 ranger. Au ſurplus, aprenez de la nature, qu’il eſt plus

245 1793 1038 67 aiſé de ployer que de rompre, & que le ſage pilote ne ſe

247 1841 1035 66 bande pas contre la tempeſte, ains y cede, & puis apres

247 1893 1038 60 il reprent ſagement & fidelement ſa route. Maniez

247 1933 1036 117 donc dextrement les eſprits effarouchez. Soyez aſtie

466 85 624 75 MEMOTRES DE

1233 1978 52 78 ſu
