1397 2254
115 132 1037 70 & mal à ſes ennemis: & Ariſton au contraire, que le Roy

115 189 1036 53 fiſt par douceur & bienueillance, de ſes ennemis ſes amis.

120 232 1035 62 Que ſi le Roy n’a ces qualitez là il deuient incontinent

114 283 1039 60 ſanguinaire, & ſans ſentiment d’humanité, comme on en

116 328 1036 62 void par trop d’exemples. Car auiourdhuy ils font tout

117 374 890 65 pour leur particulier, ſans auoir eſgard au public.

187 76 800 68 L’ESTAT DE FRANCE.

161 421 990 62 A.R Ceſt vn vice fort vilain en vn Prince que cruau¬

115 468 1038 61 té. Et quant à moy, ie le deteſte ſur tout, & me ſouuient

116 514 1025 68 de ce qu’en traitte Valere le grand, à propos de Syl¬

112 565 1029 60 la image de la cruauté meſmes. Il dit que de paſſer ſous

116 613 1036 51 ſilence vn tel forfait & vice depraué c’eſt touſiours en

115 654 1041 67 donner augmentation à celuy qui n’en a que trop, & meſ

116 707 1034 58 me c’eſt vne voye pour la continuer en la poſterité.

115 748 1036 62 Donc pour terminer telle inhumanité, il la faut retenir

119 797 1032 59 (dit il) par ce frein de note d’infamie. Là deſſus il com¬

119 843 1034 58 mence à traiter des geſtes de Sylla, monſtrant comme il

117 890 1038 65 fit mourir tous les ſoldats de quatre legions, qui auoyent

119 937 1034 64 ſuyui le party de Marius, leſquelles s’eſtoyent rendues

117 982 1035 62 ſous ſa foy, & apres les auoir fait deſchirer & meurtrir,

117 1030 1038 58 les fit ietter dans le Tybre. Pour meſme cauſe, il fit mou

116 1078 1036 64 rir cinq mille Preneſtins rendus ſous ſa foy, & fit iet¬

119 1127 1033 58 ter leurs corps aux beſtes & aux oyſeaux. Il fit tuer qua¬

117 1170 1036 63 tre mille ſept cents bourgeois Romains, qui auoyent

120 1219 1030 62 eſté proſcrits, pour la querelle de Marius, & non con¬

117 1265 1033 63 tent, fit eſcrire leurs noms en tableaux mis en public,

121 1313 1030 58 pour les diffamer par calomnies inenarrables, ne par¬

120 1358 1030 64 donnant pas meſme à leur memoire, dautant que leur

117 1406 1034 62 mort ne raſſaſioit pas ſa cruauté. Il fit auſſi ouurir le ſe¬

122 1452 1029 63 pulchre de Marius, & ietter ſes cendres en la riuiere: &

122 1497 1028 68 puis prit le titre de bien heureux, d’autant qu’à ſon ſou¬

120 1547 799 62 hait il auoit pris vengeance de ſes ennemis.

1073 85 77 61 145

1160 520 159 90 Liu.9. ch.

1158 574 37 66 2.

167 1590 985 66 Po. Voyla vne felicité miſerablement eſtablie. Car

120 1641 1032 59 il s’eſt acquis le deshonneur immortel, qu’il cuidoit iet¬

117 1687 1034 63 ter ſus ſes ennemis, en les diffamant apres leur moracom

119 1733 1032 65 me auſſi auiendra à tous ſes ſucceſſeurs en cruauté, qui

120 1780 1026 65 ont ce cœur felon, brutal & deſnaturé. Mais ce qui ag¬

120 1830 1027 64 grauoit les crimes de ce monſtre eſt qu’il ne ruinoit que

116 1874 1031 65 le ſien, car lors il eſtoit reconu en puiſſance ſouueraine

116 1922 1030 62 & tous ceux la ſoumis à ſon obeiſſance. Auſſi en fin la ver

116 1989 1027 67 mine qui ielepedr delamaduncenan,ay enere, nuab

952 2022 42 101 *
