1366 2261
252 69 80 76 80

445 60 651 83 MEMOIRES DE

409 623 702 100 LE POLITIQUE,

243 714 1030 101 DIALOGVE TRAITTANT DE

307 789 970 81 la puiſſance, authorité, & du deuoir des

311 855 962 68 Princes: des diuers gouuernemens: iuſques

305 904 968 83 où lon doit ſupporter la tyrannie: ſi en vne

307 966 966 87 oppreſſion extreme il eſt loiſible aux ſuiets

303 1026 968 74 de prendre les armes pour defendre leur

303 1090 970 76 vie & liberté: quand, commẽt, par qui, & par

298 1139 809 102 quel moyen cela ſe doit & peut faire.

232 1254 1037 91 Notable diſcours de l’authorité des Prin¬

352 1326 785 111 ces & de la liberté des peuples.

296 1424 905 88 L'auteur à vn ſien neueu aduocat en l'vn

450 1497 578 72 des Parlemens de France.

341 1594 928 82 Onſieur mon neueu, ſuyuant les diuers propos,que

233 1614 114 106 M

371 1648 902 70 ous auons eux enſemble, touchant la calamité pre

233 1699 1040 72 ſente laquelle nous deplorons, tant pource qu’il y va de

235 1735 1040 77 l'honneur de Dieu que de la ruine du publie:comme auſſi

237 1791 1036 74 pource que noſtre intereſt particulier y eſt enclos: il m’a

235 1831 1040 75 ſemblé q̃ ſi i'en eſcriuoy quelque choſe, cela apporteroit

233 1884 1040 69 double proufit. aſauoir à moy conſolation, & à vous plai¬

233 1933 1040 66 ſir & ſoulagement, ſans que pour le preſent ie regarde

233 1976 1038 89 plus loin. C’eſt donc cela qui m’a fait entreprendre ceſte

1071 2027 198 79 beſongne
