1414 2269
172 132 973 67 AR. Il faut biẽ qu’ils pratiquent ce que dit l'Eſcritu¬

128 184 1022 61 re, aſauoir le zele de la maiſon de Dieu m’a mãgé. & c’eſt

131 231 1020 63 à ce propos que S. Hieroſme eſcriuant à Heliodore dit

132 279 1017 61 qu’il faut oublier tout reſpect, pour le rendre à celuy

128 327 1024 62 auquel ſeul il appartient: &que ſi ſon pere luy empeſchoit

131 373 1021 66 la porte pour aller à Chriſt, qu’il luy voudroit paſſer ſur

132 423 474 61 le ventre pour y paruenir.

189 66 787 79 L’ESTAT DE FRANCE.

177 465 978 61 AR. Ne trouuez vous pas que lon doit bien craindre

129 515 520 64 les changemens en vn eſtat?

174 596 982 27 dei enicadenciencadie de llayyealtne ina

136 610 1019 64 chine ne ſe remue pas, que ce ne ſoit auec grandes pei¬

138 655 283 59 nes & hazards.

172 717 987 39 AR. Les Romains ont bié craint cela, & entre autres

138 748 1022 60 il y en a vn qui ſe monſtra bien zelé à l’entretenement de

136 801 1026 58 l’eſtat, nommé Lucius Antonius comme Appian en parle

138 843 1026 59 au 6. liure des guerres ciuiles. Ce Lucius fut vaincu par

138 889 1026 62 Octauius, lequel penſant luy auoir abaiſſe le cœur, le re¬

137 937 1027 61 chercha pour l’auoir à ſon point. mais auant tout appoin¬

138 983 1030 58 tement, il proteſta, que ſi Octauius, ou meſme Anthoine

141 1029 1028 60 frere du meſme Lucius, tendoit à Monarchie, il luy ſeroit

142 1076 188 64 ennemy.

1059 88 87 59 143

186 1116 983 63 Po. Les Romains auoyent en extreme haine la Mo

143 1168 1023 61 narchie, ſe reſſouuenans de la Royauté tyrãnique de Tar

148 1218 1018 60 quin, mais cela ne les a empeſchez depuis d’eſtablir la

145 1263 1024 55 Monarchie en la main d’Octanius Auguſte, cõme il a eſté

146 1313 1022 54 dit: & en tout euenemẽt on peut touſiours chãger de gou

147 1360 1017 66 uernement en mieux, prenant les voyes licites pour y

150 1420 193 49 pâruenir.

198 1448 975 65 AR. Vous n’approuueriez donc pas ce que dit Cice¬

150 1495 1016 79 rõ au 3.liure des offices, qu’il eſt loiſible à qui qu’il ſoit, de

150 1544 268 58 tuer le tyran.

199 1589 974 62 PO. Certainement, encores qu’il fuſt permis, comme

151 1637 1023 64 Dieu la permis plufieurs fois a ſon peuple, ſi eſt ce d’au¬

150 1685 1023 64 tant qu’il n’y a nulle loy expreſſe pour cela, ie ne le vou¬

150 1733 1023 60 drois pas conſeiller: conſiderant meſme les inconue¬

151 1781 1022 64 niens qui pourroyent ſuruenir, que des princes pour¬

152 1834 1022 56 royent eſtre tuez pour tyrans par ceux qui craindroy¬

153 1873 1020 61 ent leur ſeuerité en iuſtice. & meſme on void comme

152 1919 1022 65 Dauid fit mourir l’Amalechite, qui diſoit auoir tué Saul,

152 1967 1022 61 & en fit autant à ceux qui tuerent Isboſeth fils d’iceluy,

150 2016 1018 81 encor que le regne de l'vn & de l’autre ne fuſt que

1186 1449 157 66 Des Tyra

1181 1495 121 70 nicides.
