1364 2252
201 63 70 80 88

200 136 1031 71 icy?ce ſera, à mon aduis, pour les maux du corps, & ceux

197 193 1034 68 de l’eſprit: & parlant par comparaiſon ſauoir qui ſera le

198 241 480 56 moindre ou le pluſgrand.

246 284 984 63 Po. I’accepte bien ce titre de ſœur: car à dire vray, le

198 335 1029 59 ſouuerain pere eternel nous a conioints par tel lien que

197 380 1028 60 la fraternité n’eſt point plus eſtroitte, que le deuoir mu¬

198 426 1029 59 tuel dont nous ſommes liez par la volonté d’iceluy & par

197 476 1030 54 la raiſon equitable. Ie veux donc dire, mon frere, que

196 520 1030 60 de vray il y a choix & difference entre les paſſions de

197 571 1030 57 l’homme. Car les maux qui ſont en la chair ſe conoiſſent

201 615 1024 63 par ſignes precurſeurs, comme par inflammations, chan

201 661 1026 62 gement de couleur, chaleur extraordinaire, laſſitude

198 711 1027 59 ſans cauſe apparente: & à cela peut on pouruoir par moy¬

198 756 1027 59 ens, auant que le mal ſoit du tout formé: mais les mala¬

198 801 1024 62 dies d’eſprit, oultre ce qu’elles ſont en fin plus penibles,

196 852 1029 55 elles trompent ſouuent ceux qui en ſont atteints, qui ne

197 898 1025 59 penſent pas que ce ſoyent maladies: & d’autant ſont elles

196 944 1025 60 pires qu’elles oſtent aux patients le ſentiment de leur

192 988 1030 60 mal. Car le diſcours de la raiſon, quand il eſt ſain, ſent le

192 1038 1029 56 mal du corps: mais au mal d’eſprit, luy meſme eſtant ma

193 1085 1028 63 lade, n’a point de iugement de ce qu’il ſouffre: d’autant

192 1132 1026 61 que celuy meſme qui doit iuger eſt le premier atteint du

192 1178 1031 59 mal. Or la premiere maladie d’eſprit c’eſt folie, pour rai¬

190 1224 1028 59 ſon de laquelle le vice eſt incurable, preſque en tous ceux

188 1271 1033 62 auec leſquels il habite. Car ſouuent auec eux il naiſt &

188 1322 1032 52 & vit & meurt. Le commencement donc de la gueriſon

187 1364 1033 63 d’vne maladie, c’eſt le ſentiment, qui conduit le patient à

185 1415 1035 57 cercher le remede. Mais celuy qui pour ne croire point

186 1460 1031 60 qu’il ſoit malade, ne conoit ce dont il a beſoin, refuſe ce

187 1507 1033 64 qui ſe preſente pour ſon ſoulagement: & voyla comment

185 1553 251 63 il ſuccombe.

412 77 604 69 MEMOIRES DE

227 1593 990 69 AR. Ie vous ſonvenfr. Au lieu d’apporter quelque

182 1650 1036 55 ſoulagememt à mon mal, vous me voulez accuſer. Tou¬

181 1694 1035 66 teffois ie me reſouls de prendre en bonne part tout ce

181 1744 407 57 que me voudrez dire.

226 1785 992 59 Po. Vous auez raiſon d’en parler ainſi. Car ie ne veux

178 1835 1038 60 dire choſe, qui ne vous tourne à proufit & honneur, ſi me

180 1881 1038 63 voules croire. Au ſurplus, il faut que le ſoulagement &

177 1931 1041 69 de mon mal & du voſtre, vienne de voſtre part, tout ainſi

1131 2011 80 55 ds
