1385 2259
244 79 72 94 18

473 100 594 64 MEMOTRES DE

239 155 1036 77 fils, lequel enuoya des ſoldats pour le prendre par force:

238 215 1040 59 mais les ciroyens de Milan s’oppoſerent auec les armes

238 261 1041 64 à ceſte iniuſtice, à quoy ledit Eueſque ne trouua faute dõt

238 307 1044 64 il repriſt les liberateurs. Notez en paſſant ce bon conſeil

241 356 602 63 d’vne femme mere d’Empereur.

286 402 989 61 AR. Somme toute voyla tant de raiſons & ſi appa¬

241 453 1034 60 rentes, qu’il me ſemble que le debatre au contraire ſeroit

244 512 265 47 peine perdue.

283 539 995 68 PO. Nous pratiquons ce que Dauid prophetiſe au

243 591 1032 60 pſeaume ſecond, que les grands Roys ſe ſont bandez con

241 637 1036 63 tre l’oinct du ſeigneur, & les Princes ont penſe choſes per

238 690 1039 54 uerſes en leur cœur: mais en fin ils ſont attaints de ſon

238 729 1040 65 ſceptre de fer, & briſez comme vn pot de terre. Car, cõme

239 780 1038 60 dit Elie à Achab, ceiſont les perturbateurs, à cauſe qu’ils

241 828 1036 61 ordonnent iniuſtice, & pourtant quand on leur deſobeit

247 870 1031 58 auſſi, on peut dire comme Daniel, au ſixieme chap. qui a¬

244 917 1035 60 uoit prié Dieu contre l'edit du roy Darius, qu’il n’auoit

247 966 849 64 rien commis qui luy peut eſtre imputé à faute.

278 1012 1000 64 AR. Voici vne difficulte, qui n’eſt pas de petite con¬

243 1059 1035 64 ſequence Car les Roys catholiques tiennent leur Religiõ

248 1108 1034 60 pour bonne, & la contraire, pour erronnee. Ils ſe fondent

244 1152 1035 65 ſur ce que par la commandement de Dieu Moyſe fit tuer

247 1199 1032 66 par les Leuites pluſieurs d’Iſrael, quand il errerent apres

235 1242 1048 62 le veau d’or : que les lſraelites s’armerent pour aller con¬

239 1295 1044 60 tre leurs freres d’outre le lordain qui auoyent baſti vn au

237 1339 1047 65 cel nouueau. Bref que la loy porte d’exterminer les faux

244 1386 1039 67 prophetes, & meſme de raſer les villes qui ſerõt tombees

243 1438 1041 61 en apoſtaſie, & que ceſte ordonnance a eſté pratiquee cõ¬

242 1482 1043 65 me il appert par quelques paſſages de l’Eſcriture, & en¬

241 1527 1046 66 tre autres, quand Elie tua les ſacrificateurs de Baal. Ainſi

241 1576 1046 60 les princes pratiquent ce qui eſt ordõné de Dieu, en ceux

241 1621 1046 69 qui ſont declarez heretiques par l’Egliſe; de laquelle ils

241 1672 685 57 ſont membres.

280 1714 1005 68 Po. A dire vray, ceſt biẽ l'vn des principaux points de

239 1763 1044 69 l’aueuglemẽt des hõmes. mais pẽſons vn peu de pres à ces

241 1810 1042 64 choſes. Dieu ordonne d’exterminer les faux propbetes.

244 1857 1043 63 idolatres & apoſtats. La cauſe dõc de telles executiõs, fai¬

244 1905 1046 64 tes par les ſeruiteurs de Dieu, ceſt l’hereſie, l’idolatrie &

244 1950 1048 69 l’apoſtaſie. La cauſe pourquoy on perſecute ceux de la Re

248 1996 1046 101 ligion auiourdhuy, eſt qu’iis ne veulent pasadherer aux

1202 2050 95 77 faux
