1440 2259
84 129 155 94 Gen.15.13

259 64 101 79 112

258 131 1026 66 l’apparition d’vn four fumant & d’vne lampe ardente, en¬

254 179 1032 64 tre les deux parties d’vn ſactifice diuiſé, quand il s’allia a¬

253 228 1033 60 nec Abraham, & ſa ſemence? qui eſtoit vne ceremonie vſi

253 276 1033 62 tee, quand on vouloit ſolennellement iurer vne choſe. Ain

252 322 1034 64 ſi, quant aux choſes qui ſont au deſſous du prince, comme

253 371 1031 61 de ce qui concerne particulierement le peuple, les arti¬

251 414 1034 65 ſãs, &autres gẽs au deſſous du roy. Lay ne s’y ſoumet pas:

252 461 1031 66 car ſa ſuperiorité eſt au deſſus de ces choſes. Mais propre

252 510 1033 61 ment cela ne ſe dit pas Loy, ains ce qui eſt parauant dit de

252 557 1028 61 ceſte Loy ſouueraine donnee par Moyſe & imprimee en

249 602 1035 64 la nature, Dieu la donnant à ſon peuple, l’adreſſe à Iſrael,

257 656 1028 58 y comprenant le Roy auec les autres. lequel quand on le

73 651 166 94 Deut. 17.

256 698 1027 66 deuoit conſtituer roy (dit l’Eſcriture) deuoit eſtre pris du

252 745 1033 60 milieu de ſes freres. cela s’eſt pratiqué en la conſtitution

249 789 1035 60 du regne de Dauid. Voyla comment il eſtoit de meſme

248 838 1036 63 condition que les autres. Quant à l’obeiſſance de ceſte

248 883 1037 68 loy ſouneraine, qui n’eſt pas la loy du Roy, mais de Dieu

246 939 1035 58 & de nature, cela s’expoſera encores plus amplement cy

244 981 1039 59 apres. Ie vous diray donc ce que dit Ciceron aux Philipi¬

247 1026 1037 63 ques, que la choſe eſt ſeulement permiſe, qui eſt concedee

248 1073 1031 62 par authorité de la loy de Iuſtice, à laquelle il faut obeyr

244 1120 1037 63 comme à Dieu, ce que fera volontairement celuy qui a iu

243 1165 1038 63 ſtice imprimee dans le cœur: mais les eſprits ſont ſourds

243 1214 1036 57 & ſe trouuent violentez, contre leur nature, quand on les

244 1261 1036 55 applique à ce à quoy ils ne ſont enclins. Donc les admini¬

242 1306 1036 63 ſtrateurs du bien publie s’achemineront pluſtoſt, que par

242 1355 1039 58 la loy, en l’execution de leur charge, par l’inclination de

242 1403 1037 59 leur eſprit, la part ou nature l’accommode. ceux donc qui

244 1449 1036 60 n’ont la iuſtice en eux malaiſément l’exerceront ils. Que

242 1497 1033 61 s’il n’y a point de loix pour les princes, comment regle¬

241 1542 1039 61 ront ils celles qu’ils donnent aux autres? Xenophon recite

242 1595 1037 54 que Cyrus diſoit, qu’il n’appartient a aucun de comman¬

241 1637 1034 62 der, s’il ne vaut mieux que ceux auſquels il commande.

243 1682 1036 62 Comment ſera bon celuy qui vit ſans loy? La ſcience ciui

241 1733 1037 56 le qui eſt police & nommee royne des autres ſciences, ne

241 1779 1038 59 eſt pratiquee ſans cela:car par les loix elle mõſtre, ce qui

241 1823 1037 65 eſt afaire ou fuir, & fait vſiter en la repub.les ſciences, &

242 1873 1033 62 tire en vſage les arts, dont l’exercice giſt en operation.

241 1918 1033 57 Les flatteurs nourriſſent les princes en ceſte folie la, &les

244 1966 1029 77 gens veritables ſont repouſſez cõme fut Solon de Creſus,

439 71 621 73 MEMOIRES DE

74 769 162 84 -Sam.5.

1210 2019 63 59 ne
