1419 2257
139 135 1037 53 ne pouuans conſentir aux flatteurs de deſguiſer la iuſtice.

140 174 1045 65 Mais Pythagoras en ſes enſeignemens enigmatiques, eſt

141 225 1042 57 mauuais flateur, diſant aux roys ne paſſe point le poids,

141 268 1042 63 c’eſt à dire ſuy iuſtice: ne bleſſe point la couronne, obſer¬

141 317 1042 60 ue la loy : ne chemine en la voye publique, ne ſuy l’er¬

141 363 1040 63 reur commun. Vn ſien diſciple nommé Diotogene, eſt cõ

143 410 1042 61 me interprette de ceſt enigme, quand il dit, ſans iuſtice an

141 458 1045 62 cun ne peut eſtre Roy, laquelle iuſtice ne s’exerce tant

146 504 902 64 par l’homme que par la loy qui eſt reigle de vertu.

259 56 808 77 L’ESTAT DE FRANCE.

189 552 997 59 AR. Voyla parler ſainctement à ces payens là, & ſe

141 599 1045 61 rapportẽt leurs raiſons, à ce que les Roys d’Iſrael eſtoyẽt

144 655 430 52 obligez à certaine loy.

186 704 998 50 PO. Il eſt vray, ſuyuant ce que ie vous ay deſia touché

139 735 1050 60 comment la loy fut donnee, la où il eſt dit au peuple, que

1196 731 159 104 Deut. 17.

141 788 1031 60 du milieu de ſes freres il ſe conſtitueroit vn Roy ſur ſoy,

145 833 1039 61 que Dieu eſliroit & que ce Roy ſe garderoit de tous alle¬

143 883 1042 61 chemens d’auarice, d’ambition & de voluptez, apprenant

146 930 1038 58 par la continuelle lecture de ce liure, à ſe tenir les mains

146 975 1038 58 pures de violence & tyrãnie. Ainſi ſuyuant ceſte loy, la cho

144 1026 1039 59 ſe ſe pratiquoit, entre Dieu, le roy & le peuple. Dieu teſ¬

144 1070 1042 59 moignoit par la bouche du ſacrificateur qu’il les reconoiſ

145 1115 1038 64 ſoit pour ſon peuple, le Roy promettoit de regner ſelon

145 1163 1039 62 Dieu, & le peuple ſuyuant cela de luy obeir, comme on

145 1211 1038 60 void au couronnement de Ioas & autres Roys. Le li¬

144 1258 1036 61 ure de ceſte loy ayant long remps eſté meſpriſé, fut re¬

141 1311 1042 56 trouué au temps de loſias: & depuis receurent le peuple

145 1351 1039 67 & les Roys vne griefue playe, pour n’auoir accomply les

146 1403 1038 59 paches y contenues. Gar le Roy & le peuple, complices

144 1444 1041 59 de meſme forfait, furent menez captifs en Babylone, &

144 1492 1039 62 le principal mal s’en trouuoit au Roy, qui par ſon exem¬

145 1539 1036 64 ple deuoit induire le peuple a equité & à vne bonne ob¬

143 1589 1041 59 ſeruation de la Loy. Ariſtote en ſes politiques liu. 4. dit

146 1641 1034 55 que le legiſlateur acouſtumant ſes citoyens à bons exer¬

143 1681 1041 60 cices, les rend honneſtes & equitables, Car ayant entendu

146 1730 1038 59 par luy ce qu’il faut faire, en le faiſant ils s’y acouſtument

144 1781 1040 59 & adonnent, car toutes habitudes procedent de la frequẽ

144 1820 277 63 ce des actions.

1100 52 79 85 113

1189 786 53 111 15.

190 1863 994 62 AR. Vrayement les ſucceſſeurs de Ioſias deuoyent

141 1913 1048 66 bien faire leur profit de l’aduertiſſement qui luy auoit.

144 1964 1037 77 eſté fait, que apres la mort d’iceluy Dieu les viſiteroit, ſi

978 2016 44 71 H
