1404 2257
184 137 992 62 AR. Mais la pluſpart de telles executiõs, ſe faiſoyent

144 178 1034 71 par ordonnance des reuelations extraordinaires, ioint

145 226 1029 73 qu’adonc la Loy trãchoit ſans remiſsion. Mais l’Euangile

140 277 738 64 commande le contraire aux Ghreſtiens.

260 75 767 66 L’ESTAT DE FRANCE.

153 319 1022 70 Po. Nous auons en ce temps-cy au lieñ des reuela¬

140 371 1036 66 tions l’extreme neceſsité qui nous enfeigne, comme eut

139 416 1032 66 Mathatias: quand il ne ſe trouue plus qu’vn chemin pour

136 461 1039 65 ſe garẽtir, ſi lon ne veut perir du tout à ſon eſcient. Quant

140 507 1033 71 à la Loy & l’Euãgile il ne ſe trouue rien de changé pour

139 556 1035 65 ce qui concerne la police ciuile & l’vtilité publique, ains

139 601 1035 67 ſeulement aux figures & ceremonies. S’il y auoit chan¬

140 649 1033 64 gement, il concerneroit auſsi bien l’eſtat des Princes que

139 697 1032 66 des peuples: n’eſtãt permis aux Princes de tyranniſer, non

139 743 665 70 plus ſous l’Euangile que ſous la Loy.

1181 786 134 64 Epheſ.6.

1180 833 37 64 17

180 799 981 58 AR. Cependant S. Paul n’aſsigne autres armes aux

139 831 1022 68 Chreſtiens que le heaume de ſalut, l’eſpee de la parole de

135 882 1035 67 Dieu, & le halecret de charité, &autres ſemblables armes:

135 927 1034 67 & ne ſe trouue en la primitiue Egliſe iuſques à noſtre

135 978 1029 71 temps, ſuiets Chreſtiens, qui eſtãs vexez pour la Religion

135 1026 787 67 ayent prins les armes contre leurs Princes.

170 1064 998 69 PO. Ie vous reſpondray bien, tant au dire de S. Paul,

136 1115 1032 72 qu’à ce que vous alleguez. Mais s’il vous plait que ie pour¬

135 1164 1033 67 ſuyue à parler de la puiſſance des eſtats des peuples, ie

135 1213 1031 67 vous monſtreray encores plus amplemẽt comme ils ont

132 1261 707 64 deſmis, voire meſmes puny les tyrans.

1097 80 79 62 131

179 1299 981 80 AR. Commencez donc par ce qu’en recite l’Eſcritu¬

134 1352 202 64 re ſaincte.

180 1408 981 55 Po. Ie vous ay deſia declaré cõme Dieu a ſuſcité des

131 1444 1026 68 executeurs cõtre les vſurpateurs & tyrãs, qui les ont tuez

132 1489 1023 70 par la volõté de Dieu, dautãt que ces tyrãs s’eſtoyẽt acquis

126 1539 1030 64 tãt de fauteurs, qu’on ne pouuoit auoir raiſond’eux, par la

137 1587 1020 66 voye de la iuſtice ordinaire, & n’en euſt-on peu autremẽt

126 1641 1034 59 faire punition, que le public n’en euſt eſté intereſſé. Vous

124 1680 1040 64 auez veu comme par l’authorité des anciẽs approuuez de

122 1719 1041 69 Dieu, Roboã a eſté debouté de la pluſpart de la principau¬

121 1772 1043 68 té du peuple. Item cõme Iojadas grãd ſacrificateur, aſsiſté

120 1819 1045 66 de bõne partie des anciens & principaux, occit Athalia, &

119 1865 1042 71 elle morte ceſſa ſoudain la tyrãnie: qui fait dire, q̃ cela ne

120 1915 1041 66 s’executa pas par vn conſeil particulier. Il y a outre ce qui

117 1959 1043 97 aeſté deduit en diuers lieux cy deſſus, vn eremple d’vn

1172 1391 162 64 Les Eſtats

1172 1433 143 60 des peu¬

1166 1596 119 79 tyrans¬

1172 1478 145 51 ples ont

1166 1508 170 62 deſmis &

1166 1555 166 64 chaſtié les

982 2017 21 59 2
