1373 2259
269 65 68 84 30

263 135 1030 74 ſuiets. L’autre eſt, d’autant que l’obligation eſt mutuelle

263 199 1028 58 entre eux, comme tacitement eſt ſignifié en la Loy diui¬

263 244 1032 59 ne. Si on demande pourquoy ce deuoir du ſuperieur

262 288 1031 60 n’eſt amplement exprimé: c’eſt d’autant que l’inferieur

263 341 1032 53 doit eſtre retenu comnme par force, dans les bornes de

263 381 1029 60 ſon deuoir, comme eſtant choſe qui contredit à ſa vo¬

263 429 1028 61 lenté corrompue par ſa mauuaiſe nature: & le ſuperieur

266 478 1029 56 y eſt eſguillonné par la conſideration que l’exercice de

266 523 1029 61 ſon Eſtat & deuoir le maintiennent en ceſte eminence

263 567 807 63 en laquelle naturellement l’homme ſe plait.

465 76 605 73 MEMOTRES DE

90 660 156 68 pſe.8i.6

309 614 987 62 AR. Ie ſuis bien aiſe de vous ouyr ſi bien commen¬

267 662 1030 55 cer: mais il me ſemble que cela ſert aucunement à vo¬

264 710 1031 56 ſtre propos, que Dieu nomme les Princes dieux, leur

263 754 1032 64 communiquant ſon Nom comme à ſes lieutenans, pour

268 804 1027 68 gouuerner le monde: & s’attribue auſsi le leur, ſe nom¬

267 852 400 61 mant Roy & Prince.

86 911 179 52 Pourquoy

86 954 179 53 I'Eſeriture

90 997 169 49 ſaincte ap¬

92 1031 150 54 pelle les

92 1076 130 49 Princes

94 1128 108 42 dicun.

280 903 1017 49 Po. C’eſt bien dit, mais le ſens eſt, pour le bien

278 939 1017 71 prendre, que les princes ſont l’image de Dieu aux peu¬

278 995 1017 55 ples & comme ſes vicaires. Pour en retenir les vrayes

269 1037 1029 62 marques & effets, il faut que repreſentant la bonté &

269 1085 1029 55 iuſtice de Dieu, maiſtre commun de tous, ils ſe mõſtrent

269 1134 1027 58 conſeruateurs & adminiſtrateurs d’equité, enuers ceux

273 1177 1022 57 qui par le vouloir de Dieu les reconoiſſent pour ſupe¬

269 1227 1031 59 rieurs. Cela ne fait pas que Dieu ſe demette du gouuer¬

269 1271 1028 64 nement ſouuerain pour leur reſigner. Mais il fait ceſt hõ¬

268 1320 1032 55 neur aux hommes, ſubuenant à l’infirmité du monde,

267 1366 1034 62 d’en faire ſes miniſtres & organes, pour la police de

267 1410 1039 59 leurs ſemblables, à condition cependant qne les vns &

267 1460 1035 62 les autres ſe rengent ſous ſes loix, comme il ſera mõſtré.

267 1505 1035 62 Au ſurplus, ça eſté pour accomplir le deſir des hommes,

267 1558 1035 55 car la douceur & deſir de concorde a donné commence¬

268 1600 1039 60 ment aux loix & aux princes. Car telles choſes, ont fait

268 1645 1038 61 conoiſtre le plus fort & vertueux, au plus foible & imbe¬

269 1691 1041 60 cille, & volontairement s’aſſubiettir l'vn à l’autre. Mais

271 1736 1039 61 il faut touſiours venir à la ſource, qu’ils ſont donnez de

271 1785 853 64 Dieu, comme dit Sainct Paul, pour noſtre bien.

100 1847 162 83 Rom.15.4

313 1833 998 62 AR. Il ſemble bien qu’il y a grande conuenance en¬

274 1878 1034 73 tre ce que Dieu a ordonné de la police ciuile en ſes loix.

273 1926 561 79 & ce que les Payens en ont dit.

1233 1962 81 91 r6.
