1407 2257
156 166 1025 68 des François aux Allemans, qui fut Empereur l'an 880.

151 221 1029 57 fut depoſé pour ſa nonchalance en l’adminiſtration pu¬

151 269 1032 60 blique, & pour auoir repudié ſa vertueuſe femme, & fut

152 315 1031 64 mis en vn monaſtere. VVenceſlaus Empereur, fils de

154 366 1027 53 l’Empereur Charles quatrieſme, pour auoir eſté laſche

152 410 1031 63 en ſa charge fut depoſé. Theodoric Roy de France,

154 453 1023 69 fils de Clouis fut fait moine, pource qu’il ne valoit rien,

152 505 1025 57 & Childeric ſon ieune frere fait Roy, & encores que la

156 551 1027 62 vefue dudit Childeric euſt vn fils, les Eſtats rappellerent

155 598 1028 59 de nouueau ledit Theodoric à la couronne. Ie diray en

160 647 1026 60 paſſant que Clotaire ſecond du nom, Roy de France, à

154 692 1028 66 I'exemple d’Aſa Roy de Iuda, qui deſmit du gouuerne¬

155 739 1030 59 ment ſa mere idolatre, fit mourir Brunechilde ſa tante.

158 786 1028 62 Cela ſoit dit pour les femmes qui gouuernent, comme

155 832 1027 63 fit ceſte Martine dont a eſté parlé, & comme ceſte Bru¬

156 882 1026 62 nechilde meurtriere des Princes & grands du Royaume.

154 929 1029 65 Ordonius fils d’Alphonſe troiſieſme, Roy de Caſtille,

152 970 1025 70 qui regna l’an 889. appella à ſeureté quatre Comtes, qui

154 1026 1023 64 auoyens refuſé de l’accompagner en ſes entrepriſes, &

156 1072 1024 61 les fit mourir. Parquoy ſes ſuiets luy oſterent la couron¬

156 1115 1019 68 ne, & conſtituerent ſur eux luges & Magiſtrats. Richard

156 1162 1013 64 ſecond Roy d’Angleterre fut depoſé & puni par ſon peu

160 1208 1022 64 ple, pour n’auoir aimé le biẽ du public. Boleſlaus Roy de

158 1258 1022 63 Pologne, qui regna l’an 1501. fut adultere, & eſtant repris

161 1304 1016 63 par l’Eueſque de Cracouie, il le tua par deſpit, parquoy

156 1350 1027 68 fut deſtitué de ſa couronne. Sigiſmond Roy de Hongrie,

158 1401 1025 60 qui regna l’an 1388. pour auoir eſté cruel & mauuais ad¬

158 1438 1019 74 miniſtrateur, fut depoſé, remis, & derechef depoſé & pres

159 1490 1138 67 d’eſtre executé, & encores remis. Sombelaus Roy de cades¬

159 1538 1019 63 Boheſme, regna l’an 1245. & pour auoir voulu vſurper

158 1582 1019 70 choſes indeues fut depoſé du Royaume, & relegué. Chri¬

154 1626 1032 78 ſtierne Roy de Dannemarch. qui regna l’an 1533. con¬

159 1677 1024 68 quiſt le Royaume de Suede, & en fin traira tyrannique¬

160 1722 1030 68 ment ſes ſuiets, de maniere qu’il fut depoſſedé de l’vn &

160 1772 1028 64 l’autre Royaume, & fut conſtitué Roy par les ſuiets Fri¬

156 1816 1036 67 deric Duc de Holſace, ſon oncle, & Chriſtierne ſe voulant

156 1863 1029 74 reinſtaller fut fait priſonniet iuſques à la mort. Birguis

159 1910 1031 71 Roy de Suede, qui regna l’an 1315. conuia ſes deux freres

156 1956 1035 109 a vn feſtin, & les tua tous deux, qui fit que ſes ſuiets le

275 111 785 67 L'ESTAT DE FRANCE.

1104 136 72 54 15

1192 455 141 54 Annales

1192 500 164 66 de France.

1198 921 156 66 Rialus liu¬

1190 970 171 55 2. des Rois

1194 1006 156 66 d’Eſpagn.

1196 1120 163 51 Polyd. Vir

1185 1162 173 54 gil en l’hi¬

1187 1198 172 63 ſtoi. d’An¬

1198 1243 77 57 glet.

1192 1283 156 48 Gromen'

1185 1322 175 57 en l'hiſtoi.

1190 1365 168 51 de Polog.

1196 1403 158 56 Boufinius

1200 1446 158 58 en ſes de¬

1191 1522 170 60 AEn. Syl¬

1192 1571 168 51 uius en ſes

1190 1606 87 55 hiſt.

1200 1645 150 74 Ctanzius.

1200 1878 150 68 Cranrius.

938 2027 92 83 13
