1390 2261
125 164 1029 73 ſeditions, autrement les hommes neutres eſtoyent tenus

126 226 1028 61 pour ennemis de l’vn & de l’autre party. Ainſi la Mo¬

125 270 1029 67 narchie d’Alexandre eut commencement par leurs di¬

124 321 163 50 uiſions.

237 103 772 74 L'ESTAT DE FRANCE.

170 350 984 75 PO. Vous voyez comment tels grands empires ſe

125 410 1031 62 fondent, & prennent accroiſſement par les erreurs & ma

125 463 1029 57 ladies des autres eſtats, & quand on adminiſtre iuſtice

125 501 1029 65 aux lieux ou lon a fait eſpreuue d’oppreſſion. Or ſi

125 548 1031 63 iniuſtice eſt remiſe en vigueur és Monarchies, elle les

125 595 1032 64 reduit à la forme de leur premiere naiſſance, comme

126 641 1028 66 par les exemples ſuſdits il ſe demonſtre. mais la tyran¬

124 690 1030 62 nie monarchique change pluſtoſt que celle des au¬

126 741 1030 64 tres gouuernemens, quand Dieu abrege la vie au ty¬

126 793 92 64 ran.

174 821 869 74 AR. Cæſar fut reputé tyran, & tué comme tel.

174 872 986 67 Po. Tite Liue monſtre ce qui en ſucceda, où reluit v¬

126 921 1034 60 ne manifeſte vengeance diuine ſur les meurtriers: & ce¬

126 969 1032 67 la procedoit de la haine qu’auoyent les Romains con¬

126 1017 1033 60 tre la Monarchie, à cauſe des Roys tyrans, tant y a que

125 1065 1036 60 il faut eſtre muny de grande diſcretion obtenue par in¬

128 1119 1034 50 uocation du nom de Dieu, qui la donne aux fideles,

129 1159 1032 61 quand on entre en termes de beſongner à vne deli¬

129 1205 1034 58 urance & s’oppoſer aux maux ſus mentionnez. On void

129 1253 1033 63 que Moyſe tua l’Egyptien comme pour arres de ſa voca¬

130 1298 1031 63 tion à la deliurance publique d’Iſrael. Daniel d’autre¬

131 1346 1029 63 part ſouffre ietter ſes compagnons en la fournaiſe, &

130 1393 1030 61 luy meſmes dans la foſſe des lions. Abraham prend en

131 1440 1025 62 vn temps querelle pour deliurer Loth, de ceux de Sodo¬

129 1485 1031 65 me, & en vn autre temps ſouffre infinis outrages, iuſ¬

133 1534 1028 57 ques à ſouffrir que on luy oſte ſa femme. Aod tue va

131 1581 1029 59 Roy infidele vſurpateur: Baaſa & Iehu tuent des Apo¬

130 1631 1030 59 ſtats & ryrans, & pour tous tels actes & executions ſont

134 1675 1022 62 approuuez. D’autrepart Dauid a pouuoir de tuer Saul, &

133 1723 1023 55 ne le fait pas: mais au contraire fait mourir celuy qui ſe

133 1769 1021 62 vantoit l’auoir fait. Le Royaume de luda s’arme con¬

133 1817 1023 53 tre les Aſſyriens ſous Ezechias. Ils ont victoire, leurs ar¬

130 1862 1027 64 mes eſtant louees par Eſaie. Ce meſme Royaume là

131 1913 1022 57 s’arme contre les Babyloniens ſous Sedecias, leurs ar¬

134 1959 1019 59 mes ſont reprouuees par leremie, & ſont vaincus & me¬

133 2003 1020 79 nezcaptifs. Toutesfois ni l’Aſſyrien ni le Babylonien

1048 131 105 52 149

898 2047 93 78 K3
