<?xml version="1.0" encoding="UTF-8"?>
<alto xmlns:xsi="http://www.w3.org/2001/XMLSchema-instance"
      xmlns="http://www.loc.gov/standards/alto/ns-v4#"
      xsi:schemaLocation="http://www.loc.gov/standards/alto/ns-v4# http://www.loc.gov/standards/alto/v4/alto-4-2.xsd">
  <Description>
    <MeasurementUnit>pixel</MeasurementUnit>
    <sourceImageInformation>
      <fileName>page_00074.png</fileName>
    </sourceImageInformation>
  </Description>
  <Tags>
    <OtherTag ID="BT7" LABEL="CustomZone" DESCRIPTION="block type CustomZone"/><OtherTag ID="BT8" LABEL="DamageZone" DESCRIPTION="block type DamageZone"/><OtherTag ID="BT9" LABEL="DigitizationArtefactZone" DESCRIPTION="block type DigitizationArtefactZone"/><OtherTag ID="BT10" LABEL="DropCapitalZone" DESCRIPTION="block type DropCapitalZone"/><OtherTag ID="BT11" LABEL="GraphicZone" DESCRIPTION="block type GraphicZone"/><OtherTag ID="BT12" LABEL="MainZone" DESCRIPTION="block type MainZone"/><OtherTag ID="BT13" LABEL="MarginTextZone" DESCRIPTION="block type MarginTextZone"/><OtherTag ID="BT14" LABEL="MusicZone" DESCRIPTION="block type MusicZone"/><OtherTag ID="BT15" LABEL="NumberingZone" DESCRIPTION="block type NumberingZone"/><OtherTag ID="BT17" LABEL="QuireMarksZone" DESCRIPTION="block type QuireMarksZone"/><OtherTag ID="BT18" LABEL="RunningTitleZone" DESCRIPTION="block type RunningTitleZone"/><OtherTag ID="BT19" LABEL="SealZone" DESCRIPTION="block type SealZone"/><OtherTag ID="BT20" LABEL="StampZone" DESCRIPTION="block type StampZone"/><OtherTag ID="BT21" LABEL="TableZone" DESCRIPTION="block type TableZone"/><OtherTag ID="BT22" LABEL="TitlePageZone" DESCRIPTION="block type TitlePageZone"/><OtherTag ID="BT100006" LABEL="MainZone-Continued" DESCRIPTION="block type MainZone-Continued"/><OtherTag ID="BT100001" LABEL="MainZone-Head" DESCRIPTION="block type MainZone-Head"/><OtherTag ID="BT100005" LABEL="MainZone-P" DESCRIPTION="block type MainZone-P"/><OtherTag ID="BT100008" LABEL="MainZone-Sp" DESCRIPTION="block type MainZone-Sp"/><OtherTag ID="BT100009" LABEL="MarginTextZone-Notes" DESCRIPTION="block type MarginTextZone-Notes"/><OtherTag ID="BT100011" LABEL="MainZone-Entry" DESCRIPTION="block type MainZone-Entry"/><OtherTag ID="BT100002" LABEL="MainZone-Lg" DESCRIPTION="block type MainZone-Lg"/>
    <OtherTag ID="LT7" LABEL="CustomLine" DESCRIPTION="line type CustomLine"/><OtherTag ID="LT8" LABEL="DefaultLine" DESCRIPTION="line type DefaultLine"/><OtherTag ID="LT9" LABEL="DropCapitalLine" DESCRIPTION="line type DropCapitalLine"/><OtherTag ID="LT10" LABEL="HeadingLine" DESCRIPTION="line type HeadingLine"/><OtherTag ID="LT11" LABEL="InterlinearLine" DESCRIPTION="line type InterlinearLine"/><OtherTag ID="LT12" LABEL="MusicLine" DESCRIPTION="line type MusicLine"/><OtherTag ID="LT746" LABEL="default" DESCRIPTION="line type default"/>
  </Tags>
  <Layout>
    <Page WIDTH="1392"
          HEIGHT="2257"
          PHYSICAL_IMG_NR="73"
          ID="eSc_dummypage_">
      <PrintSpace HPOS="0"
                  VPOS="0"
                  WIDTH="1392"
                  HEIGHT="2257">
        <TextBlock HPOS="114"
                   VPOS="162"
                   WIDTH="1046"
                   HEIGHT="1133"
                   ID="block_4"
                   TAGREFS="BT100006">
          <Shape><Polygon POINTS="124 162 1160 162 1160 1295 114 1291 124 166"/></Shape>
          <TextLine ID="line_2"
                    TAGREFS="LT8"
                    BASELINE="132 195 1151 195" 
                    HPOS="132"
                    VPOS="147"
                    WIDTH="1019"
                    HEIGHT="69">
            <Shape><Polygon POINTS="132 195 132 208 176 215 178 216 317 216 317 215 318 215 339 210 343 209 346 210 358 215 359 215 361 216 534 216 534 215 535 215 536 215 541 211 544 209 559 211 580 215 581 216 675 216 675 215 677 215 683 213 690 209 1149 215 1151 195 1149 156 1082 157 1067 156 1019 149 1018 149 943 156 925 157 910 156 859 150 857 150 856 150 831 156 826 157 820 156 788 147 787 147 786 147 728 156 721 157 719 156 704 147 703 147 702 147 563 147 561 147 560 147 559 147 544 157 541 159 332 159 331 157 307 147 305 147 304 147 248 157 234 147 233 147 232 147 203 147 201 147 200 147 181 157 180 159 132 159 132 195"/></Shape>
	    <String CONTENT="&amp; aduis de ceux pour leſquels eſt faite la loy, comme"
                    HPOS="132"
                    VPOS="147"
                    WIDTH="1019"
                    HEIGHT="69"
                    WC="0.9928651260879805"></String>
          </TextLine>
          <TextLine ID="line_3"
                    TAGREFS="LT8"
                    BASELINE="131 243 1153 243" 
                    HPOS="131"
                    VPOS="203"
                    WIDTH="1022"
                    HEIGHT="54">
            <Shape><Polygon POINTS="1059 203 1023 210 1017 211 905 211 902 210 891 204 890 204 889 204 816 210 803 210 796 210 744 203 743 203 713 210 708 211 491 211 480 210 405 203 403 203 402 203 373 210 369 210 366 210 329 203 328 203 275 210 269 210 265 210 243 203 242 203 240 203 239 203 223 210 221 210 214 210 155 203 154 203 152 203 131 209 131 243 131 257 1153 257 1153 243 1153 210 1060 203 1059 203"/></Shape>
	    <String CONTENT="pour luy. Ainſi à Rome on attendoit vn mois, qui eſtoit"
                    HPOS="131"
                    VPOS="203"
                    WIDTH="1022"
                    HEIGHT="54"
                    WC="0.9862987356526511"></String>
          </TextLine>
          <TextLine ID="line_4"
                    TAGREFS="LT8"
                    BASELINE="129 290 1153 288" 
                    HPOS="127"
                    VPOS="253"
                    WIDTH="1026"
                    HEIGHT="55">
            <Shape><Polygon POINTS="129 290 129 303 1151 308 1153 288 1149 253 127 255 129 290"/></Shape>
	    <String CONTENT="le terme de trois foires, que les plebeïans tenoyent de"
                    HPOS="127"
                    VPOS="253"
                    WIDTH="1026"
                    HEIGHT="55"
                    WC="0.994038388133049"></String>
          </TextLine>
          <TextLine ID="line_5"
                    TAGREFS="LT8"
                    BASELINE="129 337 1152 334" 
                    HPOS="127"
                    VPOS="299"
                    WIDTH="1025"
                    HEIGHT="58">
            <Shape><Polygon POINTS="129 337 130 357 145 351 253 357 262 357 263 357 265 357 305 351 368 357 374 357 376 357 395 357 599 351 624 357 627 357 628 357 629 357 634 357 677 349 738 349 747 356 748 356 749 356 751 356 785 349 1149 356 1152 334 1149 303 943 299 941 299 895 304 876 305 860 304 815 299 813 299 747 304 734 305 729 305 703 299 702 299 701 299 699 299 692 305 690 307 620 307 616 305 605 300 604 300 603 300 601 300 600 300 594 305 591 308 532 308 527 307 502 300 501 300 446 307 441 307 428 300 427 300 353 300 352 300 253 307 193 300 191 300 127 308 129 337"/></Shape>
	    <String CONTENT="neuf en neuf iours, &amp; ce dautant que le peuple Romain"
                    HPOS="127"
                    VPOS="299"
                    WIDTH="1025"
                    HEIGHT="58"
                    WC="0.9935162044921011"></String>
          </TextLine>
          <TextLine ID="line_6"
                    TAGREFS="LT8"
                    BASELINE="127 384 1152 384" 
                    HPOS="127"
                    VPOS="344"
                    WIDTH="1025"
                    HEIGHT="61">
            <Shape><Polygon POINTS="127 384 127 396 141 403 142 403 144 405 356 405 356 403 357 403 384 397 446 403 447 403 501 397 534 403 535 403 619 397 657 403 658 403 659 403 679 397 694 403 696 403 697 403 776 397 1123 403 1124 403 1126 403 1152 396 1152 384 1152 353 1088 344 1087 344 1086 344 1084 344 1070 352 574 344 573 344 516 352 506 344 505 344 504 344 502 344 441 351 403 344 402 344 401 344 369 352 328 344 327 344 326 344 324 344 313 352 288 346 287 346 285 346 245 352 235 344 234 344 233 344 166 344 165 344 164 344 163 344 152 351 141 344 140 344 139 344 137 344 136 344 127 349 127 384"/></Shape>
	    <String CONTENT="cõ ſideroit que l’authorité de la loy deuoit lier tous ceux"
                    HPOS="127"
                    VPOS="344"
                    WIDTH="1025"
                    HEIGHT="61"
                    WC="0.9907709281952655"></String>
          </TextLine>
          <TextLine ID="line_7"
                    TAGREFS="LT8"
                    BASELINE="130 431 1151 428" 
                    HPOS="129"
                    VPOS="392"
                    WIDTH="1022"
                    HEIGHT="59">
            <Shape><Polygon POINTS="130 431 130 445 307 451 308 451 309 451 311 451 318 445 319 445 427 445 428 445 448 451 450 451 451 451 536 445 537 445 539 445 594 451 595 451 635 443 640 443 645 443 674 450 675 450 1072 443 1127 450 1128 450 1129 450 1151 442 1151 428 1149 399 1133 392 1132 392 1131 392 678 398 644 392 643 392 598 399 541 393 540 393 510 399 480 393 479 393 302 399 174 393 173 393 129 401 130 431"/></Shape>
	    <String CONTENT="qui viuoyent en ceſte Republique, &amp; pourtant eſtoit rai¬"
                    HPOS="129"
                    VPOS="392"
                    WIDTH="1022"
                    HEIGHT="59"
                    WC="0.9985788964799472"></String>
          </TextLine>
          <TextLine ID="line_8"
                    TAGREFS="LT8"
                    BASELINE="126 477 1149 477" 
                    HPOS="126"
                    VPOS="440"
                    WIDTH="1023"
                    HEIGHT="55">
            <Shape><Polygon POINTS="126 477 126 490 1147 495 1149 477 1148 450 1058 450 1058 448 1045 440 1044 440 1043 440 938 440 936 440 935 440 916 448 884 440 882 440 832 440 831 440 830 440 813 448 812 450 687 450 685 448 674 440 673 440 672 440 670 440 669 440 639 447 618 440 616 440 615 440 614 440 613 440 601 448 599 448 559 440 515 440 514 440 512 440 511 440 500 448 495 448 453 441 452 441 451 441 437 448 435 450 396 450 393 447 382 440 381 440 379 440 378 440 377 440 358 447 356 448 353 447 329 440 328 440 327 440 326 440 303 447 273 440 272 440 270 440 218 441 216 441 215 441 205 447 204 448 204 447 191 440 190 440 189 440 188 440 186 440 168 447 164 448 160 447 137 441 136 441 135 441 134 441 132 441 126 445 126 477"/></Shape>
	    <String CONTENT="ſonnable de donner delay de bien conoiſtre &amp; deliberer,"
                    HPOS="126"
                    VPOS="440"
                    WIDTH="1023"
                    HEIGHT="55"
                    WC="0.9953260085799477"></String>
          </TextLine>
          <TextLine ID="line_9"
                    TAGREFS="LT8"
                    BASELINE="124 525 1151 525" 
                    HPOS="124"
                    VPOS="484"
                    WIDTH="1027"
                    HEIGHT="60">
            <Shape><Polygon POINTS="124 525 124 537 1149 544 1151 525 1151 492 940 484 939 484 899 491 874 484 872 484 871 484 870 484 847 491 802 484 801 484 764 491 733 484 732 484 731 484 729 484 701 491 689 484 688 484 687 484 685 484 628 490 604 484 603 484 601 484 600 484 599 484 588 492 495 492 477 484 476 484 475 484 378 491 367 484 366 484 364 484 363 484 362 484 344 491 257 485 255 485 254 485 239 491 230 484 229 484 228 484 145 484 144 484 142 484 124 491 124 525"/></Shape>
	    <String CONTENT="ſi la loy produite, eſtoit vtile à l’entretien &amp; conſeruation"
                    HPOS="124"
                    VPOS="484"
                    WIDTH="1027"
                    HEIGHT="60"
                    WC="0.9821001820025905"></String>
          </TextLine>
          <TextLine ID="line_10"
                    TAGREFS="LT8"
                    BASELINE="124 571 1149 571" 
                    HPOS="124"
                    VPOS="532"
                    WIDTH="1025"
                    HEIGHT="54">
            <Shape><Polygon POINTS="124 571 124 586 1149 584 1149 571 1149 541 1121 532 1119 532 1072 532 1070 532 1069 532 1045 541 1043 541 1040 541 996 532 995 532 994 532 971 540 968 542 860 542 855 539 842 534 841 534 840 534 800 539 776 541 766 539 747 532 746 532 687 532 685 532 662 537 643 541 637 537 632 532 630 532 629 532 628 532 608 536 593 540 589 536 584 532 583 532 581 532 511 532 510 532 509 532 501 536 489 541 479 535 476 534 475 534 474 534 472 534 464 535 446 539 432 535 423 532 422 532 421 532 420 532 418 532 416 535 410 539 382 535 367 532 366 532 364 532 363 532 361 534 349 542 224 542 200 532 199 532 198 532 124 532 124 571"/></Shape>
	    <String CONTENT="de la tranquillité &amp; ſocieté ciuile ou non, ce qui eſtoit"
                    HPOS="124"
                    VPOS="532"
                    WIDTH="1025"
                    HEIGHT="54"
                    WC="0.999025490324376"></String>
          </TextLine>
          <TextLine ID="line_11"
                    TAGREFS="LT8"
                    BASELINE="122 619 1147 615" 
                    HPOS="121"
                    VPOS="578"
                    WIDTH="1026"
                    HEIGHT="55">
            <Shape><Polygon POINTS="122 619 122 633 1146 629 1147 615 1144 585 1008 578 1007 578 1005 578 1004 578 994 584 990 586 922 586 901 584 847 578 846 578 764 583 719 585 703 583 683 579 682 579 680 579 672 583 662 586 613 581 578 579 576 579 575 579 568 581 554 586 536 581 526 579 525 579 524 579 522 579 516 581 506 586 453 581 438 580 437 580 436 580 433 581 418 589 358 589 344 580 343 580 342 580 341 580 339 580 338 580 327 589 272 589 121 580 122 619"/></Shape>
	    <String CONTENT="debatu par les tribuns es aſſemblees &amp; eſtats, &amp; eſtant re¬"
                    HPOS="121"
                    VPOS="578"
                    WIDTH="1026"
                    HEIGHT="55"
                    WC="0.9962975120140334"></String>
          </TextLine>
          <TextLine ID="line_12"
                    TAGREFS="LT8"
                    BASELINE="122 665 1149 665" 
                    HPOS="122"
                    VPOS="626"
                    WIDTH="1027"
                    HEIGHT="53">
            <Shape><Polygon POINTS="122 665 122 679 1149 679 1149 665 1148 629 928 634 917 628 916 626 915 626 914 626 831 626 830 626 821 628 787 634 766 628 762 626 761 626 759 626 751 628 709 634 674 628 668 626 667 626 649 628 566 633 519 626 512 626 511 626 505 626 453 634 435 626 433 626 432 626 367 626 366 626 364 626 344 635 274 635 263 626 262 626 260 626 259 626 258 626 209 634 188 626 186 626 122 626 122 665"/></Shape>
	    <String CONTENT="ſolue, les conſuls qui auoyent l&#x27;authorité ſouueraine, la"
                    HPOS="122"
                    VPOS="626"
                    WIDTH="1027"
                    HEIGHT="53"
                    WC="0.995043144143861"></String>
          </TextLine>
          <TextLine ID="line_13"
                    TAGREFS="LT8"
                    BASELINE="122 713 1148 709" 
                    HPOS="121"
                    VPOS="675"
                    WIDTH="1027"
                    HEIGHT="59">
            <Shape><Polygon POINTS="122 713 122 727 387 734 388 734 390 734 406 727 457 727 512 727 521 733 522 733 524 733 525 733 673 727 703 733 704 733 706 733 707 733 718 726 719 726 723 726 899 732 900 732 901 732 926 724 929 724 941 724 1093 732 1094 732 1147 723 1148 709 1144 675 121 678 122 713"/></Shape>
	    <String CONTENT="maintenoyent auec le glaiue. Lors il n’y auoit plus per¬"
                    HPOS="121"
                    VPOS="675"
                    WIDTH="1027"
                    HEIGHT="59"
                    WC="0.9863528630563191"></String>
          </TextLine>
          <TextLine ID="line_14"
                    TAGREFS="LT8"
                    BASELINE="120 761 1149 757" 
                    HPOS="119"
                    VPOS="718"
                    WIDTH="1030"
                    HEIGHT="63">
            <Shape><Polygon POINTS="120 761 120 773 193 781 194 781 195 781 196 781 205 774 208 774 258 781 259 781 400 776 430 774 436 776 460 781 461 781 502 776 525 773 630 776 738 779 739 779 763 777 806 772 852 777 864 778 865 779 1063 779 1063 778 1064 778 1087 772 1147 778 1149 757 1144 719 1119 728 1069 728 1057 719 1055 718 1054 718 1053 718 1052 718 1042 719 996 727 948 727 938 719 936 718 935 718 934 718 933 718 921 719 880 727 803 720 802 720 801 720 800 720 783 728 761 720 757 719 756 719 754 719 753 719 749 720 722 729 685 729 674 720 673 719 672 719 670 719 586 719 585 719 584 719 580 720 561 729 521 729 507 720 504 719 502 719 501 719 471 722 383 728 344 722 336 720 334 720 333 720 332 720 331 722 321 729 309 722 308 722 307 722 305 722 119 722 120 761"/></Shape>
	    <String CONTENT="ſonne qui ſe peuſt plus douloir, pource qu’il y auoit vne"
                    HPOS="119"
                    VPOS="718"
                    WIDTH="1030"
                    HEIGHT="63"
                    WC="0.9995389423872295"></String>
          </TextLine>
          <TextLine ID="line_15"
                    TAGREFS="LT8"
                    BASELINE="120 807 1147 802" 
                    HPOS="119"
                    VPOS="768"
                    WIDTH="1028"
                    HEIGHT="59">
            <Shape><Polygon POINTS="120 807 120 820 149 827 150 827 258 821 352 827 353 827 393 820 398 818 403 820 430 826 431 826 432 826 433 826 455 818 458 818 464 818 506 826 507 826 509 826 527 818 529 818 535 818 600 826 601 826 603 826 614 820 624 826 625 826 627 826 628 826 701 818 714 817 731 818 818 825 820 825 875 817 891 816 910 817 974 823 975 823 1146 816 1147 802 1144 774 1045 768 1044 768 876 774 860 768 859 768 857 768 856 768 855 768 846 776 758 776 744 768 743 768 742 768 741 768 719 774 709 768 708 768 707 768 633 768 632 768 559 769 558 769 556 769 548 776 531 769 530 769 529 769 441 776 402 769 401 769 362 777 164 771 163 771 119 778 120 807"/></Shape>
	    <String CONTENT="commune &amp;volontaire ſubmiſsion, tant de ceux qui por¬"
                    HPOS="119"
                    VPOS="768"
                    WIDTH="1028"
                    HEIGHT="59"
                    WC="0.9968022839078363"></String>
          </TextLine>
          <TextLine ID="line_16"
                    TAGREFS="LT8"
                    BASELINE="120 853 1147 850" 
                    HPOS="119"
                    VPOS="812"
                    WIDTH="1028"
                    HEIGHT="64">
            <Shape><Polygon POINTS="120 853 120 868 152 868 155 870 166 876 168 876 169 876 170 876 171 876 198 870 203 868 208 870 239 876 240 876 242 876 259 870 263 868 403 868 408 870 425 875 426 875 427 875 467 870 489 867 510 870 551 875 553 876 674 876 674 875 675 875 693 870 703 867 737 870 795 875 796 875 874 870 922 867 940 870 960 873 961 873 989 870 1014 867 1144 870 1147 850 1143 816 989 821 963 817 931 812 930 812 929 812 928 812 921 817 920 818 914 817 889 813 887 813 886 813 876 818 870 821 856 818 843 816 842 816 817 818 783 822 778 818 769 813 768 813 767 813 707 813 706 813 704 813 703 813 696 820 690 822 667 820 624 816 623 816 622 816 605 821 599 822 596 821 586 813 585 813 584 813 462 813 461 813 460 813 433 822 432 822 413 815 412 815 411 815 361 823 356 823 353 823 329 815 328 815 327 815 326 815 303 822 295 816 294 816 293 816 193 815 191 815 119 825 120 853"/></Shape>
	    <String CONTENT="toyent le tiltre de Maieſté, &amp; poſſedoyent le ſceptre, que"
                    HPOS="119"
                    VPOS="812"
                    WIDTH="1028"
                    HEIGHT="64"
                    WC="0.9988480412353904"></String>
          </TextLine>
          <TextLine ID="line_17"
                    TAGREFS="LT8"
                    BASELINE="121 902 1148 899" 
                    HPOS="120"
                    VPOS="861"
                    WIDTH="1028"
                    HEIGHT="60">
            <Shape><Polygon POINTS="121 902 121 921 163 914 294 920 303 920 304 920 314 920 411 914 426 919 433 921 435 921 436 921 437 921 448 919 474 912 550 912 556 917 559 920 560 920 561 920 563 921 652 921 652 920 653 920 660 916 670 912 690 916 712 920 713 920 741 916 756 914 769 915 800 920 801 920 862 915 889 912 892 914 899 919 900 919 901 919 902 919 1148 911 1148 899 1146 870 1111 861 1109 861 1108 861 1107 861 1097 868 1050 861 1049 861 1048 861 1027 868 788 863 787 863 786 863 785 863 776 870 759 862 758 862 757 862 702 871 559 871 465 862 464 862 415 871 357 863 270 863 269 863 268 863 245 871 230 863 229 863 131 863 130 863 129 863 127 863 120 868 121 902"/></Shape>
	    <String CONTENT="par les officiers conſtituez pour le gouuernement de la"
                    HPOS="120"
                    VPOS="861"
                    WIDTH="1028"
                    HEIGHT="60"
                    WC="0.9974866195158525"></String>
          </TextLine>
          <TextLine ID="line_18"
                    TAGREFS="LT8"
                    BASELINE="121 949 1144 944" 
                    HPOS="120"
                    VPOS="905"
                    WIDTH="1024"
                    HEIGHT="57">
            <Shape><Polygon POINTS="121 949 121 962 1143 957 1144 944 1143 914 1123 905 1122 905 1121 905 1119 905 1101 911 1003 905 1001 905 1000 905 999 905 986 914 880 914 870 907 869 907 867 907 866 907 865 907 864 907 854 915 771 915 727 906 726 906 724 906 694 914 660 906 659 906 658 906 630 915 608 907 606 907 605 907 491 915 458 907 457 907 456 907 455 907 441 915 431 907 430 907 428 907 427 907 374 916 349 909 348 909 347 909 239 915 175 909 174 909 120 917 121 949"/></Shape>
	    <String CONTENT="police ciuile, qui eſtoyent les Conſuls, Senateurs &amp; Tri¬"
                    HPOS="120"
                    VPOS="905"
                    WIDTH="1024"
                    HEIGHT="57"
                    WC="0.9844810565312704"></String>
          </TextLine>
          <TextLine ID="line_19"
                    TAGREFS="LT8"
                    BASELINE="119 994 1146 991" 
                    HPOS="117"
                    VPOS="957"
                    WIDTH="1029"
                    HEIGHT="54">
            <Shape><Polygon POINTS="119 994 119 1008 1143 1011 1146 991 1143 961 117 957 119 994"/></Shape>
	    <String CONTENT="buns populaires. L’Eſcriture ſaincte monſtre que Dieu"
                    HPOS="117"
                    VPOS="957"
                    WIDTH="1029"
                    HEIGHT="54"
                    WC="0.9944603409407273"></String>
          </TextLine>
          <TextLine ID="line_20"
                    TAGREFS="LT8"
                    BASELINE="116 1041 1146 1039" 
                    HPOS="115"
                    VPOS="1000"
                    WIDTH="1031"
                    HEIGHT="62">
            <Shape><Polygon POINTS="116 1041 116 1055 623 1062 624 1062 674 1054 682 1054 696 1054 795 1060 796 1060 850 1054 855 1054 872 1054 1114 1060 1116 1060 1117 1060 1146 1053 1146 1039 1144 1006 1134 1000 1133 1000 1132 1000 1131 1000 1097 1008 1094 1008 1089 1008 1009 1001 1008 1001 975 1008 974 1008 973 1008 949 1000 948 1000 946 1000 945 1000 944 1000 934 1008 933 1009 896 1009 895 1008 880 1000 879 1000 722 1000 721 1000 719 1000 718 1000 709 1008 708 1008 698 1008 615 1003 614 1003 613 1003 611 1003 605 1008 603 1010 451 1010 447 1008 435 1001 433 1001 432 1001 115 1006 116 1041"/></Shape>
	    <String CONTENT="ſouuerain Legiſlateur, rapporte ſes loix à ceſte impreſ¬"
                    HPOS="115"
                    VPOS="1000"
                    WIDTH="1031"
                    HEIGHT="62"
                    WC="0.9951954233018976"></String>
          </TextLine>
          <TextLine ID="line_21"
                    TAGREFS="LT8"
                    BASELINE="119 1088 1147 1088" 
                    HPOS="119"
                    VPOS="1049"
                    WIDTH="1028"
                    HEIGHT="59">
            <Shape><Polygon POINTS="119 1088 119 1105 384 1102 446 1107 464 1108 465 1108 466 1108 469 1107 479 1102 610 1107 638 1108 639 1108 655 1108 742 1102 867 1108 880 1108 881 1108 885 1108 924 1102 980 1108 984 1108 985 1108 988 1108 1039 1102 1057 1108 1058 1108 1059 1108 1060 1108 1102 1102 1146 1108 1147 1088 1146 1049 1073 1057 1039 1049 1035 1049 1034 1049 990 1050 762 1057 743 1052 731 1049 729 1049 728 1049 711 1053 689 1057 668 1053 648 1049 647 1049 645 1049 644 1049 638 1053 630 1058 556 1058 530 1054 489 1049 487 1049 486 1049 475 1054 470 1057 447 1054 401 1050 400 1050 371 1055 362 1057 358 1055 341 1049 339 1049 338 1049 289 1057 283 1057 282 1057 265 1049 264 1049 263 1049 211 1057 210 1057 201 1049 200 1049 199 1049 140 1049 139 1049 137 1049 119 1057 119 1088"/></Shape>
	    <String CONTENT="ſion naturelle d’equité qui eſt en l’homme, leſquelles il a"
                    HPOS="119"
                    VPOS="1049"
                    WIDTH="1028"
                    HEIGHT="59"
                    WC="0.9836950172980626"></String>
          </TextLine>
          <TextLine ID="line_22"
                    TAGREFS="LT8"
                    BASELINE="120 1134 1147 1132" 
                    HPOS="119"
                    VPOS="1094"
                    WIDTH="1028"
                    HEIGHT="62">
            <Shape><Polygon POINTS="120 1134 120 1148 139 1156 140 1156 141 1156 142 1156 165 1148 168 1148 293 1148 294 1148 312 1156 313 1156 314 1156 316 1156 333 1148 337 1148 425 1156 426 1156 495 1149 519 1156 520 1156 521 1156 522 1156 536 1149 595 1156 596 1156 679 1149 782 1154 783 1154 830 1147 833 1147 837 1147 899 1154 900 1154 960 1147 961 1147 964 1147 1020 1154 1022 1154 1023 1154 1054 1147 1092 1154 1093 1154 1146 1146 1147 1132 1144 1103 1094 1094 1093 1094 1054 1102 1053 1102 1028 1094 1027 1094 1025 1094 981 1102 979 1103 920 1103 919 1102 906 1094 905 1094 904 1094 902 1094 865 1102 860 1102 852 1102 791 1094 790 1094 749 1100 742 1103 659 1103 657 1100 645 1095 644 1095 643 1095 642 1095 623 1100 613 1104 525 1104 511 1100 490 1095 489 1095 487 1095 470 1100 456 1103 432 1099 401 1095 400 1095 368 1099 341 1103 314 1099 288 1095 287 1095 258 1099 237 1102 220 1099 201 1095 200 1095 119 1098 120 1134"/></Shape>
	    <String CONTENT="ordonné aux Magiſtrats qui le repreſentent, pour les fai¬"
                    HPOS="119"
                    VPOS="1094"
                    WIDTH="1028"
                    HEIGHT="62"
                    WC="0.9955550165011965"></String>
          </TextLine>
          <TextLine ID="line_23"
                    TAGREFS="LT8"
                    BASELINE="119 1183 1152 1181" 
                    HPOS="117"
                    VPOS="1142"
                    WIDTH="1035"
                    HEIGHT="55">
            <Shape><Polygon POINTS="119 1183 119 1197 1152 1197 1152 1181 1147 1143 1119 1152 1083 1152 1069 1143 1065 1142 1064 1142 1063 1142 1018 1144 886 1151 876 1144 872 1142 871 1142 870 1142 869 1142 867 1142 857 1146 842 1149 815 1146 788 1142 787 1142 786 1142 776 1146 764 1152 690 1152 679 1147 668 1142 667 1142 665 1142 664 1142 647 1147 640 1148 632 1147 608 1143 606 1143 605 1143 595 1147 586 1152 578 1147 571 1144 570 1144 569 1144 543 1148 512 1152 502 1148 491 1143 490 1143 489 1143 487 1143 469 1148 455 1152 432 1148 396 1143 395 1143 364 1149 349 1152 327 1149 272 1143 270 1143 117 1151 119 1183"/></Shape>
	    <String CONTENT="re obſeruer, &amp; à icelles n’aiouſter ne diminuer: mõſtrant"
                    HPOS="117"
                    VPOS="1142"
                    WIDTH="1035"
                    HEIGHT="55"
                    WC="0.9960407493478161"></String>
          </TextLine>
          <TextLine ID="line_24"
                    TAGREFS="LT8"
                    BASELINE="120 1228 1148 1228" 
                    HPOS="120"
                    VPOS="1194"
                    WIDTH="1028"
                    HEIGHT="62">
            <Shape><Polygon POINTS="120 1228 120 1245 257 1245 262 1246 293 1255 294 1255 295 1255 297 1255 322 1246 328 1245 362 1247 440 1252 441 1252 476 1248 502 1245 526 1248 549 1252 550 1252 551 1252 559 1248 569 1245 673 1245 688 1250 699 1255 701 1255 702 1256 889 1256 889 1255 890 1255 897 1252 911 1248 931 1253 941 1255 943 1255 944 1255 945 1255 946 1253 959 1245 993 1245 1014 1253 1017 1255 1018 1255 1019 1256 1148 1256 1148 1228 1148 1197 120 1194 120 1228"/></Shape>
	    <String CONTENT="qu’il n’appartient à homme mortel d’innouer en ce que"
                    HPOS="120"
                    VPOS="1194"
                    WIDTH="1028"
                    HEIGHT="62"
                    WC="0.99442258477211"></String>
          </TextLine>
          <TextLine ID="line_25"
                    TAGREFS="LT8"
                    BASELINE="117 1277 693 1275" 
                    HPOS="116"
                    VPOS="1237"
                    WIDTH="577"
                    HEIGHT="54">
            <Shape><Polygon POINTS="117 1277 117 1291 692 1288 693 1275 692 1247 670 1237 669 1237 668 1237 667 1237 665 1237 650 1246 650 1247 608 1247 606 1246 588 1237 586 1237 585 1237 584 1237 559 1245 555 1246 551 1245 529 1238 527 1238 526 1238 525 1238 524 1238 524 1240 517 1245 516 1246 510 1245 486 1240 485 1240 484 1240 471 1243 465 1246 461 1243 451 1237 450 1237 448 1237 447 1237 446 1237 433 1243 427 1246 403 1243 366 1238 364 1238 363 1238 356 1242 347 1247 116 1240 117 1277"/></Shape>
	    <String CONTENT="Dieu &amp; la nature ont ordonné."
                    HPOS="116"
                    VPOS="1237"
                    WIDTH="577"
                    HEIGHT="54"
                    WC="0.9986382007598877"></String>
          </TextLine>
        </TextBlock>
        <TextBlock HPOS="231"
                   VPOS="86"
                   WIDTH="771"
                   HEIGHT="64"
                   ID="block_3"
                   TAGREFS="BT18">
          <Shape><Polygon POINTS="1002 86 1002 150 231 150 231 86"/></Shape>
          <TextLine ID="line_0"
                    TAGREFS="LT8"
                    BASELINE="230 135 597 135 1010 135" 
                    HPOS="229"
                    VPOS="82"
                    WIDTH="779"
                    HEIGHT="74">
            <Shape><Polygon POINTS="981 86 963 86 944 86 925 86 906 86 887 86 869 86 850 86 831 86 812 86 793 86 775 86 756 86 737 86 718 86 699 86 680 86 662 86 643 86 624 86 605 86 586 86 568 86 549 86 530 86 511 86 492 86 474 86 455 86 436 86 417 86 398 86 379 86 361 86 342 86 323 86 304 86 285 86 267 86 248 86 229 82 229 133 229 156 1008 148 1008 133 1008 82 1000 82 981 86"/></Shape>
	    <String CONTENT="L&#x27;ESTAT DE FRANCE."
                    HPOS="229"
                    VPOS="82"
                    WIDTH="779"
                    HEIGHT="74"
                    WC="0.9979255828592513"></String>
          </TextLine>
        </TextBlock>
        <TextBlock HPOS="1085"
                   VPOS="99"
                   WIDTH="71"
                   HEIGHT="62"
                   ID="block_2"
                   TAGREFS="BT15">
          <Shape><Polygon POINTS="1156 99 1156 161 1085 161 1085 99"/></Shape>
          <TextLine ID="line_1"
                    TAGREFS="LT8"
                    BASELINE="1089 137 1144 144" 
                    HPOS="1087"
                    VPOS="107"
                    WIDTH="57"
                    HEIGHT="56">
            <Shape><Polygon POINTS="1142 107 1129 107 1117 107 1104 107 1093 107 1089 137 1087 150 1108 163 1109 163 1111 163 1112 163 1142 157 1144 144 1144 107 1142 107"/></Shape>
	    <String CONTENT="155"
                    HPOS="1087"
                    VPOS="107"
                    WIDTH="57"
                    HEIGHT="56"
                    WC="0.9998773733774821"></String>
          </TextLine>
        </TextBlock>
        <TextBlock HPOS="117"
                   VPOS="1292"
                   WIDTH="1038"
                   HEIGHT="188"
                   ID="block_1"
                   TAGREFS="BT100008">
          <Shape><Polygon POINTS="1155 1292 1155 1480 117 1480 117 1292"/></Shape>
          <TextLine ID="line_26"
                    TAGREFS="LT8"
                    BASELINE="163 1324 1143 1320" 
                    HPOS="161"
                    VPOS="1280"
                    WIDTH="982"
                    HEIGHT="66">
            <Shape><Polygon POINTS="163 1324 163 1342 247 1336 297 1336 308 1342 314 1345 316 1345 317 1346 489 1346 489 1345 490 1345 491 1345 496 1341 505 1335 524 1341 534 1344 535 1344 536 1344 573 1340 629 1335 649 1340 664 1344 665 1344 667 1344 688 1340 707 1336 722 1340 734 1342 736 1342 737 1342 811 1339 914 1334 959 1337 981 1340 983 1340 1013 1337 1047 1335 1052 1337 1063 1342 1064 1342 1065 1342 1142 1336 1143 1320 1138 1280 1098 1290 1022 1280 1014 1280 1013 1280 993 1281 813 1292 793 1292 781 1282 780 1281 778 1281 777 1281 712 1281 711 1281 709 1281 708 1281 707 1282 697 1290 684 1282 683 1282 682 1282 680 1282 679 1282 678 1282 663 1291 638 1283 634 1282 633 1282 632 1282 625 1283 591 1291 427 1291 417 1285 413 1282 412 1282 411 1282 410 1282 408 1282 407 1282 403 1285 392 1292 342 1285 318 1282 317 1282 300 1286 269 1292 161 1287 163 1324"/></Shape>
	    <String CONTENT="AR. Il y a à ce propos Pline le ieune en ſon Panegy-"
                    HPOS="161"
                    VPOS="1280"
                    WIDTH="982"
                    HEIGHT="66"
                    WC="0.9866904076540245"></String>
          </TextLine>
          <TextLine ID="line_27"
                    TAGREFS="LT8"
                    BASELINE="119 1367 1148 1370" 
                    HPOS="117"
                    VPOS="1331"
                    WIDTH="1031"
                    HEIGHT="59">
            <Shape><Polygon POINTS="119 1367 117 1380 161 1389 163 1389 620 1383 642 1389 643 1389 644 1389 1057 1384 1083 1390 1084 1390 1086 1390 1147 1383 1148 1370 1146 1332 1111 1339 1045 1332 1040 1332 1039 1332 1038 1332 1037 1332 1013 1340 845 1340 837 1334 836 1332 835 1332 833 1332 832 1332 823 1334 792 1339 768 1334 759 1332 758 1332 757 1332 753 1334 738 1339 718 1334 709 1332 708 1332 642 1335 543 1337 537 1335 532 1331 531 1331 530 1331 529 1331 502 1335 484 1337 442 1335 373 1331 372 1331 349 1336 338 1337 327 1336 299 1331 298 1331 119 1336 119 1367"/></Shape>
	    <String CONTENT="ric qui louë la continence de Trajan Empereur, lequel"
                    HPOS="117"
                    VPOS="1331"
                    WIDTH="1031"
                    HEIGHT="59"
                    WC="0.9955291714933183"></String>
          </TextLine>
          <TextLine ID="line_28"
                    TAGREFS="LT8"
                    BASELINE="115 1416 1146 1414" 
                    HPOS="114"
                    VPOS="1376"
                    WIDTH="1032"
                    HEIGHT="62">
            <Shape><Polygon POINTS="115 1416 115 1429 265 1436 267 1436 324 1430 339 1429 352 1430 400 1438 401 1438 450 1430 464 1429 475 1430 507 1438 509 1438 510 1438 535 1431 544 1429 551 1431 569 1436 570 1436 571 1436 620 1431 633 1430 647 1431 679 1435 680 1435 682 1435 683 1435 688 1431 693 1429 738 1431 817 1436 818 1436 820 1436 832 1431 842 1429 856 1431 877 1436 879 1438 1028 1438 1028 1436 1047 1433 1064 1429 1072 1433 1079 1436 1080 1436 1082 1436 1102 1433 1128 1428 1142 1433 1146 1414 1143 1381 1094 1376 1093 1376 1092 1376 1080 1380 1072 1384 1065 1380 1057 1376 1055 1376 1054 1376 1053 1376 1040 1380 1029 1384 1008 1380 989 1378 988 1378 970 1380 949 1384 939 1380 931 1378 930 1378 929 1378 905 1380 876 1384 870 1380 866 1376 865 1376 864 1376 768 1376 767 1376 766 1376 758 1380 748 1385 618 1385 608 1380 605 1378 604 1378 603 1378 564 1378 563 1378 561 1378 560 1378 559 1379 550 1385 519 1379 514 1379 512 1379 496 1379 391 1385 379 1379 378 1378 377 1378 376 1378 316 1378 314 1378 305 1379 273 1385 232 1379 223 1378 221 1378 209 1379 154 1385 114 1379 115 1416"/></Shape>
	    <String CONTENT="iura n’auoir iamais rien fait contre les loix, ni au preiudi¬"
                    HPOS="114"
                    VPOS="1376"
                    WIDTH="1032"
                    HEIGHT="62"
                    WC="0.9737940332928642"></String>
          </TextLine>
          <TextLine ID="line_29"
                    TAGREFS="LT8"
                    BASELINE="116 1463 786 1465" 
                    HPOS="115"
                    VPOS="1423"
                    WIDTH="671"
                    HEIGHT="62">
            <Shape><Polygon POINTS="116 1463 115 1477 122 1483 122 1484 124 1484 125 1484 126 1484 127 1484 160 1477 216 1477 229 1484 230 1484 232 1484 233 1484 327 1477 339 1484 341 1484 342 1484 343 1484 344 1484 372 1477 451 1485 452 1485 453 1485 470 1479 482 1485 484 1485 485 1485 553 1484 554 1484 568 1478 578 1485 579 1485 580 1485 581 1485 728 1478 738 1485 739 1485 741 1485 742 1485 743 1485 744 1485 744 1484 752 1478 785 1478 786 1465 786 1435 739 1434 731 1425 731 1424 729 1424 728 1424 655 1424 654 1424 653 1424 652 1424 652 1425 643 1433 627 1425 625 1425 624 1425 571 1433 522 1425 521 1425 520 1425 497 1433 496 1433 450 1423 448 1423 447 1423 426 1431 378 1425 377 1425 376 1425 356 1431 331 1423 329 1423 328 1423 327 1423 307 1431 293 1423 292 1423 290 1423 289 1423 116 1430 116 1463"/></Shape>
	    <String CONTENT="ce de la iuſtice enſeignee par icelles."
                    HPOS="115"
                    VPOS="1423"
                    WIDTH="671"
                    HEIGHT="62"
                    WC="0.9993020999125946"></String>
          </TextLine>
        </TextBlock>
        <TextBlock HPOS="116"
                   VPOS="1478"
                   WIDTH="1034"
                   HEIGHT="579"
                   ID="block_0"
                   TAGREFS="BT100008">
          <Shape><Polygon POINTS="1150 1478 1150 2057 116 2057 116 1478"/></Shape>
          <TextLine ID="line_30"
                    TAGREFS="LT8"
                    BASELINE="150 1512 1146 1512" 
                    HPOS="150"
                    VPOS="1468"
                    WIDTH="996"
                    HEIGHT="59">
            <Shape><Polygon POINTS="150 1512 150 1523 1144 1527 1146 1512 1146 1468 984 1468 983 1468 981 1468 948 1478 924 1468 922 1468 815 1468 813 1468 810 1468 757 1480 708 1480 687 1470 685 1470 684 1470 640 1479 628 1470 627 1470 625 1470 624 1470 584 1479 570 1470 569 1470 568 1470 566 1470 521 1479 481 1473 480 1473 479 1473 477 1473 467 1480 352 1480 318 1469 312 1468 311 1468 309 1468 308 1468 307 1468 305 1469 295 1477 272 1470 270 1470 269 1470 268 1470 250 1480 199 1480 179 1469 175 1468 174 1468 173 1468 150 1469 150 1512"/></Shape>
	    <String CONTENT="Po. Iuſtice en ceſt endroit eſt vne intelligẽce de ce qui"
                    HPOS="150"
                    VPOS="1468"
                    WIDTH="996"
                    HEIGHT="59"
                    WC="0.9932624379108692"></String>
          </TextLine>
          <TextLine ID="line_31"
                    TAGREFS="LT8"
                    BASELINE="116 1559 1142 1556" 
                    HPOS="115"
                    VPOS="1515"
                    WIDTH="1027"
                    HEIGHT="63">
            <Shape><Polygon POINTS="116 1559 116 1572 379 1578 381 1578 382 1578 406 1572 407 1572 410 1572 455 1578 456 1578 507 1572 519 1571 532 1572 589 1577 590 1577 1141 1569 1142 1556 1141 1523 1122 1515 1121 1515 1119 1515 1084 1523 1083 1523 1082 1523 1058 1515 1057 1515 1055 1515 1054 1515 1024 1523 1023 1524 956 1524 857 1524 810 1515 808 1515 807 1515 780 1524 778 1524 775 1524 664 1517 663 1517 578 1524 541 1517 540 1517 539 1517 537 1517 525 1524 442 1518 441 1518 440 1518 438 1518 428 1525 384 1518 383 1518 327 1525 311 1518 309 1518 244 1518 243 1518 242 1518 240 1518 230 1525 221 1518 220 1518 219 1518 141 1518 140 1518 139 1518 115 1525 116 1559"/></Shape>
	    <String CONTENT="eſt droit &amp; equitable, &amp; vne ferme volonté de rendre à"
                    HPOS="115"
                    VPOS="1515"
                    WIDTH="1027"
                    HEIGHT="63"
                    WC="0.9811145727123533"></String>
          </TextLine>
          <TextLine ID="line_32"
                    TAGREFS="LT8"
                    BASELINE="115 1604 1141 1602" 
                    HPOS="114"
                    VPOS="1566"
                    WIDTH="1027"
                    HEIGHT="59">
            <Shape><Polygon POINTS="115 1604 115 1620 559 1625 560 1625 561 1625 563 1625 573 1618 576 1618 615 1625 616 1625 653 1618 662 1617 684 1618 766 1623 767 1623 1012 1617 1025 1617 1029 1617 1089 1623 1091 1623 1139 1616 1141 1602 1138 1576 1096 1566 1094 1566 1047 1576 938 1576 920 1567 919 1567 917 1567 877 1574 846 1566 845 1566 843 1566 788 1573 778 1566 777 1566 776 1566 707 1566 706 1566 704 1566 670 1574 628 1566 627 1566 561 1576 304 1567 303 1567 255 1576 144 1567 142 1567 141 1567 114 1576 115 1604"/></Shape>
	    <String CONTENT="chaſcun ce qui luy appartient. Le Prince ne renuerſera"
                    HPOS="114"
                    VPOS="1566"
                    WIDTH="1027"
                    HEIGHT="59"
                    WC="0.9964882345111282"></String>
          </TextLine>
          <TextLine ID="line_33"
                    TAGREFS="LT8"
                    BASELINE="114 1655 1142 1650" 
                    HPOS="112"
                    VPOS="1615"
                    WIDTH="1030"
                    HEIGHT="58">
            <Shape><Polygon POINTS="1128 1620 1116 1620 1103 1620 1091 1620 1078 1620 1065 1620 1053 1620 1040 1620 1028 1620 1015 1620 1003 1620 990 1620 978 1620 965 1620 953 1620 940 1620 928 1620 915 1620 902 1620 890 1620 877 1620 865 1620 852 1620 840 1620 827 1620 815 1620 802 1620 790 1620 777 1620 764 1620 752 1620 739 1620 727 1620 714 1620 702 1620 689 1620 677 1620 664 1620 652 1620 639 1620 627 1620 614 1620 601 1620 589 1620 586 1621 476 1621 475 1620 464 1620 451 1620 438 1620 432 1620 430 1620 427 1620 426 1620 413 1620 401 1620 388 1620 376 1620 363 1620 354 1620 353 1621 351 1621 332 1621 307 1620 300 1620 288 1620 275 1620 263 1620 250 1620 238 1620 225 1620 213 1620 200 1620 188 1620 186 1620 183 1621 171 1620 163 1620 150 1620 147 1616 129 1615 127 1615 126 1615 112 1620 114 1655 114 1671 420 1666 435 1670 455 1673 456 1673 481 1668 497 1666 509 1668 526 1673 527 1673 529 1673 594 1668 610 1667 630 1667 718 1672 719 1672 764 1667 785 1665 791 1667 806 1672 807 1672 808 1672 810 1672 811 1672 818 1666 820 1665 895 1663 904 1666 919 1671 920 1671 921 1671 1045 1665 1078 1663 1082 1665 1097 1671 1098 1671 1099 1671 1141 1663 1142 1650 1139 1620 1128 1620"/></Shape>
	    <String CONTENT="donc les loix à ſa poſte, pour ſe partir d’icelles, s’il ne veut"
                    HPOS="112"
                    VPOS="1615"
                    WIDTH="1030"
                    HEIGHT="58"
                    WC="0.9897871897770808"></String>
          </TextLine>
          <TextLine ID="line_34"
                    TAGREFS="LT8"
                    BASELINE="115 1700 1141 1696" 
                    HPOS="114"
                    VPOS="1660"
                    WIDTH="1027"
                    HEIGHT="57">
            <Shape><Polygon POINTS="115 1700 115 1715 492 1717 494 1717 495 1717 496 1717 501 1714 505 1711 605 1711 614 1712 639 1717 640 1717 677 1712 685 1711 692 1712 718 1717 719 1717 747 1711 752 1711 756 1711 783 1717 785 1717 909 1711 930 1710 933 1710 940 1716 941 1716 943 1716 944 1717 1040 1717 1040 1716 1042 1716 1068 1710 1069 1710 1092 1716 1093 1716 1094 1716 1139 1709 1141 1696 1139 1666 1128 1660 1127 1660 1126 1660 1043 1660 1042 1660 1040 1660 1015 1667 996 1660 995 1660 994 1660 993 1660 991 1660 980 1668 975 1668 938 1668 935 1668 912 1660 911 1660 910 1660 864 1668 861 1668 859 1668 807 1661 806 1661 805 1661 788 1668 786 1670 785 1668 767 1661 766 1661 728 1661 727 1661 726 1661 693 1670 689 1670 683 1670 619 1661 618 1661 616 1661 615 1661 604 1670 603 1670 595 1670 511 1665 510 1665 447 1670 435 1671 432 1671 410 1662 408 1662 407 1662 406 1662 377 1671 376 1671 364 1662 363 1662 362 1662 361 1662 326 1670 316 1662 314 1662 313 1662 234 1662 233 1662 186 1671 150 1662 149 1662 147 1662 146 1662 114 1671 115 1700"/></Shape>
	    <String CONTENT="encourir note de tyran, comme Neron qui vouloit diſ¬"
                    HPOS="114"
                    VPOS="1660"
                    WIDTH="1027"
                    HEIGHT="57"
                    WC="0.9899862305476115"></String>
          </TextLine>
          <TextLine ID="line_35"
                    TAGREFS="LT8"
                    BASELINE="116 1749 1143 1742" 
                    HPOS="115"
                    VPOS="1704"
                    WIDTH="1028"
                    HEIGHT="63">
            <Shape><Polygon POINTS="116 1749 116 1767 323 1760 427 1760 438 1766 440 1766 441 1766 442 1766 456 1766 594 1759 642 1765 647 1765 648 1765 658 1765 749 1759 866 1764 884 1764 885 1764 891 1764 938 1756 959 1762 960 1762 961 1762 1142 1761 1143 1742 1141 1710 1060 1704 1059 1704 943 1711 914 1712 909 1711 889 1705 887 1705 886 1705 885 1705 884 1705 876 1711 874 1714 694 1714 692 1714 670 1706 669 1706 668 1706 667 1706 638 1714 637 1714 635 1714 615 1706 614 1706 545 1706 544 1706 484 1715 480 1715 477 1715 417 1707 416 1707 415 1707 387 1715 322 1707 321 1707 258 1709 257 1709 255 1709 243 1716 181 1709 180 1709 115 1717 116 1749"/></Shape>
	    <String CONTENT="penſer Locuſta de la loy lulia, faite contre les empoiſon¬"
                    HPOS="115"
                    VPOS="1704"
                    WIDTH="1028"
                    HEIGHT="63"
                    WC="0.9840568602085114"></String>
          </TextLine>
          <TextLine ID="line_36"
                    TAGREFS="LT8"
                    BASELINE="115 1795 1142 1791" 
                    HPOS="114"
                    VPOS="1752"
                    WIDTH="1028"
                    HEIGHT="62">
            <Shape><Polygon POINTS="115 1795 115 1814 1142 1810 1142 1791 1136 1752 1124 1759 925 1755 800 1752 798 1752 781 1756 762 1760 734 1756 708 1754 707 1754 668 1757 640 1760 635 1757 630 1754 629 1754 628 1754 627 1754 625 1754 624 1754 619 1757 614 1761 522 1761 509 1759 457 1754 456 1754 114 1762 115 1795"/></Shape>
	    <String CONTENT="neurs: afin qu’elle fiſt mourir Britannicus frere d’iceluy,"
                    HPOS="114"
                    VPOS="1752"
                    WIDTH="1028"
                    HEIGHT="62"
                    WC="0.994806660433947"></String>
          </TextLine>
          <TextLine ID="line_37"
                    TAGREFS="LT8"
                    BASELINE="115 1840 1141 1838" 
                    HPOS="114"
                    VPOS="1800"
                    WIDTH="1027"
                    HEIGHT="60">
            <Shape><Polygon POINTS="115 1840 115 1854 242 1853 250 1854 274 1860 275 1860 277 1860 278 1860 279 1860 287 1854 288 1854 303 1854 423 1859 425 1859 426 1859 445 1854 450 1853 452 1854 462 1860 464 1860 465 1860 466 1860 496 1854 497 1854 519 1860 520 1860 521 1860 585 1854 610 1860 611 1860 613 1860 694 1853 706 1851 867 1851 871 1853 885 1859 886 1859 887 1859 1139 1851 1141 1838 1138 1810 1078 1810 1077 1809 1063 1800 1062 1800 1060 1800 1059 1800 1058 1800 1037 1808 1005 1800 1004 1800 1003 1800 950 1809 948 1810 860 1810 859 1809 840 1800 838 1800 733 1800 732 1800 731 1800 729 1800 717 1809 716 1809 704 1809 614 1801 613 1801 611 1801 599 1808 595 1810 591 1808 581 1804 580 1804 579 1804 553 1808 540 1810 536 1808 526 1801 525 1801 524 1801 522 1801 521 1801 506 1808 500 1810 495 1808 479 1801 477 1801 422 1801 421 1801 420 1801 418 1801 411 1808 407 1810 395 1808 364 1801 363 1801 337 1808 324 1810 277 1808 181 1801 180 1801 114 1806 115 1840"/></Shape>
	    <String CONTENT="diſant que cela eſt du droit imperial d’abroger &amp; ſuſpen¬"
                    HPOS="114"
                    VPOS="1800"
                    WIDTH="1027"
                    HEIGHT="60"
                    WC="0.9980139920586034"></String>
          </TextLine>
          <TextLine ID="line_38"
                    TAGREFS="LT8"
                    BASELINE="116 1888 1141 1883" 
                    HPOS="115"
                    VPOS="1849"
                    WIDTH="1026"
                    HEIGHT="60">
            <Shape><Polygon POINTS="1131 1854 1118 1854 1106 1854 1093 1854 1080 1854 1068 1854 1055 1854 1043 1854 1030 1854 1018 1854 1005 1854 993 1854 980 1854 968 1854 955 1854 943 1854 930 1854 917 1854 905 1854 892 1854 880 1854 867 1854 855 1854 842 1854 830 1854 817 1854 805 1854 792 1854 780 1854 767 1854 754 1854 742 1854 729 1854 717 1854 704 1854 692 1854 679 1854 667 1854 654 1854 642 1854 629 1854 620 1854 616 1854 604 1854 591 1854 579 1854 566 1854 554 1854 541 1854 529 1854 516 1854 504 1854 491 1854 479 1854 466 1854 453 1854 452 1854 441 1854 428 1854 416 1854 410 1854 403 1854 391 1854 378 1854 366 1854 353 1854 341 1854 328 1854 316 1854 303 1854 290 1854 287 1854 278 1854 265 1854 253 1854 240 1854 228 1854 215 1854 203 1854 190 1854 178 1854 170 1854 169 1855 160 1854 152 1854 151 1851 126 1849 125 1849 124 1849 122 1849 115 1854 116 1888 116 1903 248 1903 252 1903 280 1909 282 1909 283 1909 297 1903 299 1903 334 1909 336 1909 378 1903 381 1903 390 1903 627 1908 628 1908 629 1908 647 1902 652 1900 663 1902 701 1907 702 1907 1139 1899 1141 1883 1138 1854 1131 1854"/></Shape>
	    <String CONTENT="dre les loix. Mais le Roy obeit &amp; garde la loy, qui eſt pour"
                    HPOS="115"
                    VPOS="1849"
                    WIDTH="1026"
                    HEIGHT="60"
                    WC="0.9868138015270234"></String>
          </TextLine>
          <TextLine ID="line_39"
                    TAGREFS="LT8"
                    BASELINE="115 1936 1138 1929" 
                    HPOS="114"
                    VPOS="1892"
                    WIDTH="1024"
                    HEIGHT="57">
            <Shape><Polygon POINTS="115 1936 115 1949 1137 1943 1138 1929 1136 1903 1064 1894 1063 1894 1062 1894 1060 1894 1052 1902 1050 1903 1013 1903 1012 1902 999 1892 998 1892 996 1892 995 1892 951 1902 948 1902 943 1902 879 1893 877 1893 876 1893 861 1900 857 1903 852 1900 833 1893 832 1893 773 1893 772 1893 771 1893 742 1900 726 1904 704 1900 678 1895 677 1895 675 1895 674 1895 668 1900 662 1905 606 1905 599 1899 593 1894 591 1894 590 1894 589 1894 588 1894 586 1894 578 1899 570 1904 540 1899 514 1895 512 1895 511 1895 501 1899 485 1907 407 1907 396 1899 392 1895 391 1895 390 1895 388 1895 387 1895 378 1899 361 1905 303 1898 287 1897 285 1897 284 1897 280 1898 262 1907 234 1899 233 1899 232 1899 230 1899 210 1905 190 1898 186 1897 185 1897 184 1897 183 1897 178 1898 152 1904 114 1898 115 1936"/></Shape>
	    <String CONTENT="la formation des mœurs, &amp; modere ſa vie ſelon l’ordon¬"
                    HPOS="114"
                    VPOS="1892"
                    WIDTH="1024"
                    HEIGHT="57"
                    WC="0.9992355880913911"></String>
          </TextLine>
          <TextLine ID="line_40"
                    TAGREFS="LT8"
                    BASELINE="116 1981 1138 1977" 
                    HPOS="115"
                    VPOS="1939"
                    WIDTH="1023"
                    HEIGHT="65">
            <Shape><Polygon POINTS="116 1981 116 1994 195 2002 196 2002 257 1996 272 2003 273 2003 274 2004 420 2004 420 2003 421 2003 422 2003 431 1997 452 2003 453 2003 455 2003 549 1994 689 2002 690 2002 692 2002 707 1994 742 2001 743 2001 816 1993 1078 2001 1079 2001 1138 1991 1138 1977 1133 1941 1118 1947 1074 1941 1059 1939 1058 1939 998 1942 872 1947 865 1943 860 1939 859 1939 857 1939 807 1939 806 1939 805 1939 795 1943 781 1948 687 1944 603 1941 601 1941 576 1946 559 1948 451 1946 252 1942 250 1942 249 1942 248 1942 239 1948 235 1948 199 1942 198 1942 196 1942 181 1948 178 1949 173 1948 144 1942 142 1942 141 1942 115 1948 116 1981"/></Shape>
	    <String CONTENT="nance d’icelle. Le tyran n’eſt gouuerné d’autre puiſſance"
                    HPOS="115"
                    VPOS="1939"
                    WIDTH="1023"
                    HEIGHT="65"
                    WC="0.9944480236234337"></String>
          </TextLine>
          <TextLine ID="line_41"
                    TAGREFS="LT8"
                    BASELINE="119 2028 1137 2025" 
                    HPOS="117"
                    VPOS="1988"
                    WIDTH="1020"
                    HEIGHT="84">
            <Shape><Polygon POINTS="119 2028 119 2072 163 2071 164 2071 165 2071 186 2056 235 2063 237 2063 270 2056 322 2071 323 2071 324 2071 326 2071 327 2071 328 2071 354 2056 381 2063 382 2063 383 2063 384 2063 407 2056 447 2065 448 2065 450 2065 451 2065 464 2056 480 2063 481 2063 482 2063 506 2060 520 2068 521 2070 522 2070 524 2070 525 2071 685 2071 685 2070 687 2070 688 2070 692 2067 713 2055 754 2066 767 2070 768 2070 769 2070 808 2067 810 2067 811 2067 812 2066 832 2053 865 2065 875 2068 876 2068 877 2070 904 2070 904 2068 905 2068 906 2068 911 2065 921 2058 966 2065 991 2067 993 2067 994 2067 1001 2063 1024 2053 1102 2053 1133 2062 1137 2025 1133 1989 1088 1996 949 1991 889 1988 887 1988 886 1988 885 1988 881 1991 872 1997 826 1997 812 1991 803 1988 802 1988 801 1988 698 1989 697 1989 692 1992 680 1998 627 1998 620 1993 616 1989 615 1989 614 1989 613 1989 611 1989 603 1993 590 1997 575 1993 563 1989 561 1989 560 1989 512 1993 455 1999 317 1999 303 1994 285 1991 284 1991 283 1991 117 1996 119 2028"/></Shape>
	    <String CONTENT="que de ſon propre vouloir, duquel eſtãt pouſſe il peruertis"
                    HPOS="117"
                    VPOS="1988"
                    WIDTH="1020"
                    HEIGHT="84"
                    WC="0.9806870013475418"></String>
          </TextLine>
        </TextBlock>
      </PrintSpace>
    </Page>
  </Layout>
</alto>
