1395 2259
222 75 103 85 148

222 143 1029 65 opprimoit le public, qui fut cauſe par la neceſſité, d’in¬

222 189 1034 69 uenter la voye pour trouuer iuſtice ſous autre police &

223 234 1032 70 gouuernement, & de là print naiſſance la Monarchie Ro¬

223 282 1035 69 maine, encor qu’ils ne penſaſſent rien moins qu’a la dreſ

222 330 1033 67 ſer. Appian Alexandrin dit qu’elle vint de là, & que la

223 379 1035 66 Republique eſtant conuertie en Empire, il ne demeura

222 425 1034 65 de tous les magiſtrats en iceluy que le Senat des peres de

223 470 1033 67 la patrie: & ceſſerent lors les diſſenſions ciuiles qui a¬

223 517 1035 69 uoyent regné durant le temps des diuerſes eſpeces des

226 566 1030 67 magiſtrats. Lors donc ceſte Monarchie vint en grande

226 609 1029 72 concorde, & à dominer le monde, parce que le Mo¬

226 658 1030 69 narque gaigna tellement le cœur des ſiens, qu’ils ne fai¬

227 706 1031 69 ſoyent gloire que de ſa grandeur, d’autant qu’il aimoit

227 755 1031 60 le peuple, & ſe monſtroit iuſte & veritable. Ainſi quand

227 800 1032 67 Dieu ſuſcite des hommes ornez de telles qualitez, c’eſt

229 847 1027 67 pour eſtablir de grands Empires, là ou ſe maintient par

228 892 1027 63 la iuſtice la ſocieté humaine:comme la tranquillité eſt al¬

228 938 1026 71 teree ſouuent par les petits eſtats entremeſſez qui s'eſle¬

229 988 1024 72 uent par enuie, ou par la diſpute de leurs limites ſont en¬

228 1041 216 64 tremeſlez.

399 80 620 66 MEMOTRES DE

286 1075 969 72 A R. Ces diſputes ſont ſouuent aduenues par la

232 1128 1024 68 diuerſité de gouuernemens en vn meſme pays: auſ¬

231 1174 1024 74 ſi l’exemple en eſt en la Grece, comme recite Thucy¬

232 1229 152 67 dide.

274 1270 980 69 Po. Ie croy, que c’eſt quaſi au propos de ce que i’ay

231 1317 823 68 recité du teſmoignage de Saluſte & d’Appian.

278 1370 980 60 AR. Il y a bien quelque choſe de ſemblable. Thucy¬

233 1410 1027 59 dide dit, que la diſſenſion vniuerſelle de la Grece vint

234 1457 1024 66 de là, & par conſequent ſa ruine. comme il eſt bien à

234 1505 1022 61 craindre qu’ilen eſchee de meſmes à ceux d’auiourdhuy.

237 1551 1023 71 Les gouuernemens de la Grece (dit il) ne pouuoyent du¬

237 1607 1023 62 rer ſans changemens frequents, qui engendrerent alte¬

237 1646 1024 67 ration en la tranquillité publique, mais ce qui en eſtoit

235 1696 1020 67 principalement cauſe c’eſt qu’entre eux ils eſtoyent cou¬

236 1739 1020 69 ſtumiers de violer la foy publique & les ſerments ſolen¬

239 1788 1020 66 nels leſquels ſembloyent ne deuoir eſtre faits que pour

241 1836 1020 64 l’occaſion lors preſente, & pour attraper l’ennemy à

239 1881 1026 68 leur opportunité, & eſtimoyent grande prudence de vain

247 1928 1021 96 tre ſon ennemy par malice: & faloit ſe meſler parmy les

1089 1975 181 80 ſeditions
