1364 2257
203 42 70 78 82

203 116 1045 72 ſouffrira ręmede que hors de ſaiſon, qui ne ſera iamai

204 173 1038 58 ſuffiſant, pour reſtaurer par ſageſſe, les maux par elle ia

207 218 1036 57 tant auancez. Car des pieça lon pratique le dire de De¬

205 267 1036 56 mades orateur Athenien, qui eſt, qu’on ne feroit ia¬

208 313 1030 61 mais la paix, qu’en robbes noires: monſtrant aux Athe¬

208 359 1033 60 niens, que la victoire meſme ne pourroit eſtre qu’auec

212 405 1029 62 perte & dueil. Toutesfois, ie ne me puis garder de di¬

214 453 1025 59 re, que c’eſt vne cruelle diſſimulation, à vne autre ma¬

215 501 1023 61 niere de gens, qui y ont auſſi intereſt, les vns par pou¬

213 545 1026 64 uoir, & les autres par ſcauoir, tenans quelques moyens

213 593 1025 62 de teſoudre ceſt humeur; qui neantmoins tandis qu’il

215 636 1023 63 ſe dilate, le laiſſent couller: & voyans toutes choſes al¬

215 689 1027 59 ler à l’appetit de gens inhumains: ſe contentent d’auoir

215 733 1023 63 dit c’eſt grand' pitié. Les vns, craignans perdre leurs

217 782 1021 55 eſtats, cerchent à les conſeruer en temporiſant, tandis

218 828 1028 62 que ceux qui en ont coniuré la ruine, s’en facilitent le

215 873 1026 63 chemin, par la deſfaite de ceux qui ſont membres du

218 922 1023 62 meſme corps, auec eux. Les autres, craignans le ſcan¬

217 968 1024 62 dale d’entrer en diſcours de telle matiere, laiſſent la ve¬

214 1016 1028 61 rité errante & meſconue en fait de telle importanee,

222 1063 1020 60 où les hommes ont principalement neceſſité de reſo¬

222 1109 1022 57 lution. Ainſi, ces choſes nous rameinent le temps le

223 1156 1021 62 plus propre de tous, pour faire reuiure ces deux philo¬

223 1201 1021 61 ſophes, l’vn deſquels pleuroit l’ignorance du monde,

227 1250 1020 62 par laquelle il ſe cauſe ſon propre mal: & l’autre qui

227 1297 1019 62 rioit pour ne voir que toute folie, en ce que les hom¬

225 1345 1029 61 mes tiennent pour le plus graue & ſerieux de leur

228 1390 1020 64 çonſeil & prudence: & cependant iugent pour fols

230 1439 1014 59 & ennemis ceux là qui veulent ſuyure la parfaite ſa¬

230 1484 1019 59 pience, laquelle a ſon fondement en la crainte de Dieu.

229 1532 1023 56 Là deſſus, les grands crient que à eux appartient le

230 1578 1021 60 gouuernement du monde, ſans dire ſi c’eſt ſous cer¬

228 1625 1025 62 taine charge, condition ou loy, autre que leur volon¬

229 1672 1023 60 té: alleguans que contre tout droit leurs ſuiets ſe ban¬

232 1719 1022 59 dent contre eux, eſliſans chefs de part, au grand meſ¬

233 1765 1020 63 pris de leur authorité & detriment du public. Les peu¬

235 1813 1018 64 ples reſpondent d’autrepart, que ce n’eſt pas ſans iuſte

233 1862 1024 58 cauſe, & qu’ils ne peuuent faire paruenir leurs voix

230 1903 1024 105 languiſſantes iuſques aux oreilles de leurs princes, tau.

402 41 643 85 MEMOIRES DE

1192 1954 66 91 dis
