1390 2254
137 144 1021 62 ſoit mené de la main de Dieu. Mais quoy quec'en ſoit,

135 197 1023 64 ſi faut il touſiours demeurer ioint à ce corps & auoircom

136 245 1022 61 paſſion de ſes maux, & touſiours luy monſtrer affe¬

135 291 1022 65 ction de bonne faueur, ſoit par conſolation, prieres, con¬

135 338 372 57 ſeil, ou autres aides.

230 77 766 77 L'ESTAT DE FRANCE.

181 381 978 66 AR. Helas! que le dire de ce pauure payen Pytha¬

141 432 1017 62 goras deuroit bien eſtre d’autre poids qu’il n’eſt, exhor¬

133 485 1029 57 tant en ſes enſeignemens enigmatiques, que lon oſte la

136 525 1027 61 maladie du corps, ignorance de l’ame, & ſedition de la

137 571 1023 57 cité. Ou eſt donc ce iugement de la raiſon empreinte par

136 618 1026 61 nature, en l’eſprit des hommes, à laquelle il eſt dit qu’ils

135 666 1025 56 conſentent ſans autre docteur? La pratique de cela, pro¬

135 711 1028 64 duit fruicts de tranquillité, quand ceſte equité eſt con¬

135 760 1029 63 iointe aux preceptes ciuils, & aux deportemens de ceux

137 806 313 60 qui gouuernent.

184 850 981 64 PO. Si ce que vous requerez & deplorez auoit lieu,

136 901 1028 59 on verroit accomplir le deuoir de mutuelle correſpon¬

136 946 1029 68 dance entre le chef & les membres de la cité, quand la

142 991 283 68 foy eſt gardee

172 1048 994 56 AR. Il ſeroit bien à craindre, que ſi tout eſtoit bien

139 1086 1030 64 recerché, il n’y euſt de la faute du coſté du peuple, auſſi

139 1135 400 64 bien que des princes.

1086 95 68 64 151

186 1178 987 66 Po. Ie ne voudroy pas maintenir qu’en leur ma¬

139 1229 1038 54 niere de proceder il n’y euſt de la faute, comme il à

140 1277 1033 54 eſté dit. Mais quant au fondement, il ne ſauroit e¬

139 1319 1040 63 ſtre plus iuſte, qué de deffendre le public, iniuſte¬

141 1367 1039 65 ment aſſailly, pour luy tollir ce qu’apres Dieu il tient

142 1417 1038 59 le plus cher, & pour laquelle choſe conſeruer il a

140 1455 1037 64 conſtitué le prince ſur ſoy. Chaſcun particulier en¬

142 1510 1037 61 droit ſoy porte ſa part du faix public, attendu que

145 1556 1033 58 l’amour d’iceluy & ſon repos eſt plus equitable que

146 1601 1031 61 toutes les loix. Conſiderons vn peu le dire de Salo¬

146 1649 1032 61 mon qui a eſté Roy, le teſmoignage duquel, a¬

146 1696 1033 58 uec raiſon, peut ſeruir de regle à ceux de ſon eſtat: &

144 1740 1036 64 ſemble bien que ſon dire abſolue les peuples, qui ont

146 1788 1033 64 des Roys tels que ceux auſquelsil parle. Il dit donc que

146 1837 1031 60 la gloire des Roys eſt s’enquerir de la parole de Dieu.

149 1888 1031 67 Et ceux cy, quoy? Ils ne parlent iamais de Dieu qu’en

936 1930 33 94 F

1010 1932 18 91 4
